[{"benefit":{"statement":null,"benefits":null},"brand":null,"collection":null,"coverage":null,"cross_sell":[{"sku_id":"6AJX01","sort_key":1},{"sku_id":"7PWK01","sort_key":2},{"sku_id":"68A001","sort_key":3},{"sku_id":"6FP201","sort_key":4},{"sku_id":"68A001","sort_key":5}],"default_category":{"id":"1597","key":"アイライナー"},"description":"まるでリキッドのような濃く、印象的な目もとに仕上げる繰り出し式のペンシル アイライナー。柔らかな感触で、思い通りのラインが完成。くっきりとした発色で、目もとに深みを与えながら、ぐっと引き締めて、ドラマティックな美しさを一日中キープします。<br>※一度繰り出した芯は戻りませんので、使用方法をご確認ください。<br>","display_mode":null,"display_name":"クイックライナー フォー アイ インテンス","display_status":7,"finish":null,"form":null,"formula_type":null,"fragrance_family":null,"indexable_keywords":[{"value":"color"},{"value":"カラー"},{"value":"メークアップ"},{"value":"メイクアップ"},{"value":"eyeliner"},{"value":"makeup"},{"value":"make up"},{"value":"アイライナー"},{"value":"アイペンシル"}],"is_hazmat":false,"is_product_coming_soon":null,"is_product_displayable":true,"is_product_searchable":true,"is_product_shoppable":true,"is_product_sold_out":null,"is_product_temporarily_out_of_stock":null,"is_search_suppressed":null,"key_ingredient":null,"media":{"large":null,"medium":null,"poster":null,"small":null,"videos":[{"position":null,"poster":{"height":null,"src":null,"width":null},"provider":null,"src":null},{"position":null,"poster":{"height":null,"src":null,"width":null},"provider":null,"src":null},{"position":null,"poster":{"height":null,"src":null,"width":null},"provider":null,"src":null}],"xl":null},"meta":{"description":null,"keywords":"color,カラー,メークアップ,メイクアップ,eyeliner,makeup,make up,アイライナー,アイペンシル"},"parent_category":[{"id":"1597","value":"アイライナー"},{"id":"1592","value":"メーク"}],"product_badge":null,"product_id":"12313","product_title_tag":null,"product_type":"Shaded","product_url":"/product/1597/12313/-/new-quickliner-for-eyes-intense","reviews":{"average_rating":null,"number_of_questions":null,"number_of_reviews":null},"shade_groups":null,"short_description":"<P>濃く、印象的な目もとに仕上げる繰り出し式ペンシル アイライナー。柔らかな感触で描きやすく、ドラマティックな美しさが一日中続きます。</P>","skin":null,"skin_goal":null,"skus":{"total":6,"items":[{"color_family":null,"coverage_options":null,"cross_sell":null,"display_status":7,"finish":null,"finish_options":null,"fragrances":[{"family":null,"key":null,"value":null}],"iln_listing":"イソドデカン・シクロペンタシロキサン・ＰＥＧ／ＰＰＧ－１９／１９ジメチコン・合成ワックス・水添ポリジシクロペンタジエン・（Ｃ２０－４０）アルコール・ナイロン－１２・パーフルオロノニルジメチコン・（ジイソステアリン酸／ポリヒドロキシステアリン酸／セバシン酸）ポリグリセリル－４・ポリエチレン・テトラ（ジ－ｔ－ブチルヒドロキシヒドロケイヒ酸）ペンタエリスリチル・トコフェロール　＋／－　酸化鉄・マイカ・酸化チタン・コンジョウ・Ａｌ・オキシ塩化ビスマス・青１・カルミン・水酸化クロム・酸化クロム・マンガンバイオレット・グンジョウ・黄４<JILN005181>","iln_version_number":"JILN005181","inventory_status":"Active","is_active":true,"is_coming_soon":null,"is_default_sku":false,"is_discountable":true,"is_displayable":null,"is_engravable":null,"is_fragrance":null,"is_giftable":null,"is_giftwrap":false,"is_inactive":null,"is_multi_shaded":null,"is_out_of_stock":null,"is_preorder":false,"is_preorderable":null,"is_promotional":null,"is_replenishable":false,"is_search_suppressed":null,"is_searchable":true,"is_shaded":null,"is_sized":null,"is_sold_out":null,"is_under_weight_hazmat":false,"is_vto_enabled":null,"life_of_product":"Basic Reorder","material_code":"75X3010000","media":{"large":[{"alt":"クイックライナー フォー アイ インテンス","height":1200,"position":1,"src":"/media/export/cms/products/1200x1500/cl_sku_75X301_1200x1500_0.png","type":"image","width":1500}],"medium":[{"alt":"クイックライナー フォー アイ インテンス","height":600,"position":2,"src":"/media/export/cms/products/600x750/cl_sku_75X301_600x750_0.png","type":"image","width":750}],"model":null,"poster":null,"small":[{"alt":"クイックライナー フォー アイ インテンス","height":1200,"position":3,"src":"/media/export/cms/products/1200x1500/cl_sku_75X301_1200x1500_0.png","type":"image","width":1500}],"smoosh":[{"alt":"クイックライナー フォー アイ インテンス","height":1200,"position":0,"src":"/media/export/cms/products/1200x1500/swatches_v3/53_ns_ng.png","type":"image","width":1500}],"xl":null},"out_of_stock_threshold":null,"perlgem":{"SKU_BASE_ID":25007},"preorder_date":null,"prices":[{"currency":"JPY","exclude_tax":{"original_price":2200,"original_price_formatted":"¥2,200","price":2200,"price_formatted":"¥2,200","price_per_unit":73333.33,"price_per_unit_formatted":"¥73,333.33 / 10g"},"include_tax":{"original_price":2420,"original_price_formatted":"¥2,420","price":2420,"price_formatted":"¥2,420","price_per_unit":80666,"price_per_unit_formatted":"¥80,666 / 10g"},"is_discounted":false}],"purchase_limit":null,"replenishment":{"message":"Never run low on your favourites. Sign up for Auto-Ship. Learn more >"},"reviews":{"average_rating":null,"number_of_questions":null,"number_of_reviews":null},"set_components":null,"shade_groups":null,"shades":[{"description":"洗練を極めた魅惑のマット ブラック","hex_val":"#16273a","image":{"height":null,"src":"","width":null},"name":"01 インテンス ブラック","smoosh_design":{"group_id":null,"name":"53::none::none"}}],"sizes":[{"key":1,"value":"0.3g"}],"skin":{"tone":null,"type":null,"type_description":null},"sku_badge":null,"sku_badge_image":null,"sku_display_order":0,"sku_id":"75X301","sku_promo_messaging":null,"sku_type":"SE","sku_url":null,"tags":{"total":7,"items":[{"id":"9427","key":"whatsnew","value":"what'snew"},{"id":"12537","key":"メークアップ-ベストセラー","value":"メークアップ ベストセラー"},{"id":"1575","key":"ベストセラー","value":"ベストセラー"},{"id":"1597","key":"アイライナー","value":"アイライナー"},{"id":"27171","key":"day4flashsale","value":"Day4FlashSale"},{"id":"27172","key":"day5flashsale","value":"Day5FlashSale"},{"id":"13770","key":"gwp","value":"GWP"}]},"texture":null,"undertone":null,"unit_of_measure":"g","unit_size":10,"unit_size_formatted":"10g","upc":"020714456481","vto":{"is_color_experience":null,"is_foundation_experience":null}},{"color_family":null,"coverage_options":null,"cross_sell":null,"display_status":7,"finish":null,"finish_options":null,"fragrances":[{"family":null,"key":null,"value":null}],"iln_listing":"イソドデカン・シクロペンタシロキサン・ＰＥＧ／ＰＰＧ－１９／１９ジメチコン・合成ワックス・水添ポリジシクロペンタジエン・（Ｃ２０－４０）アルコール・ナイロン－１２・パーフルオロノニルジメチコン・（ジイソステアリン酸／ポリヒドロキシステアリン酸／セバシン酸）ポリグリセリル－４・ポリエチレン・テトラ（ジ－ｔ－ブチルヒドロキシヒドロケイヒ酸）ペンタエリスリチル・トコフェロール　＋／－　酸化鉄・マイカ・酸化チタン・コンジョウ・Ａｌ・オキシ塩化ビスマス・青１・カルミン・水酸化クロム・酸化クロム・マンガンバイオレット・グンジョウ・黄４<JILN005181>","iln_version_number":"JILN005181","inventory_status":"Active","is_active":true,"is_coming_soon":null,"is_default_sku":false,"is_discountable":true,"is_displayable":null,"is_engravable":null,"is_fragrance":null,"is_giftable":null,"is_giftwrap":false,"is_inactive":null,"is_multi_shaded":null,"is_out_of_stock":null,"is_preorder":false,"is_preorderable":null,"is_promotional":null,"is_replenishable":false,"is_search_suppressed":null,"is_searchable":true,"is_shaded":null,"is_sized":null,"is_sold_out":null,"is_under_weight_hazmat":false,"is_vto_enabled":null,"life_of_product":"Basic Reorder","material_code":"75X3020001","media":{"large":[{"alt":"クイックライナー フォー アイ インテンス","height":1200,"position":1,"src":"/media/export/cms/products/1200x1500/cl_sku_75X302_1200x1500_0.png","type":"image","width":1500}],"medium":[{"alt":"クイックライナー フォー アイ インテンス","height":600,"position":2,"src":"/media/export/cms/products/600x750/cl_sku_75X302_600x750_0.png","type":"image","width":750}],"model":null,"poster":null,"small":[{"alt":"クイックライナー フォー アイ インテンス","height":1200,"position":3,"src":"/media/export/cms/products/1200x1500/cl_sku_75X302_1200x1500_0.png","type":"image","width":1500}],"smoosh":[{"alt":"クイックライナー フォー アイ インテンス","height":1200,"position":0,"src":"/media/export/cms/products/1200x1500/swatches_v3/53_ns_ng.png","type":"image","width":1500}],"xl":null},"out_of_stock_threshold":null,"perlgem":{"SKU_BASE_ID":25008},"preorder_date":null,"prices":[{"currency":"JPY","exclude_tax":{"original_price":0,"original_price_formatted":"¥0","price":2200,"price_formatted":"¥2,200","price_per_unit":73333.33,"price_per_unit_formatted":"¥73,333.33 / 10g"},"include_tax":{"original_price":2420,"original_price_formatted":"¥2,420","price":2420,"price_formatted":"¥2,420","price_per_unit":80666,"price_per_unit_formatted":"¥80,666 / 10g"},"is_discounted":false}],"purchase_limit":null,"replenishment":{"message":"Never run low on your favourites. Sign up for Auto-Ship. Learn more >"},"reviews":{"average_rating":null,"number_of_questions":null,"number_of_reviews":null},"set_components":null,"shade_groups":null,"shades":[{"description":"上品な光沢感のあるプラム バイオレット","hex_val":"#352E49","image":{"height":null,"src":"","width":null},"name":"02 インテンス プラム","smoosh_design":{"group_id":null,"name":"53::none::none"}}],"sizes":[{"key":1,"value":"0.3g"}],"skin":{"tone":null,"type":null,"type_description":null},"sku_badge":null,"sku_badge_image":null,"sku_display_order":1,"sku_id":"75X302","sku_promo_messaging":null,"sku_type":"SE","sku_url":null,"tags":{"total":8,"items":[{"id":"9427","key":"whatsnew","value":"what'snew"},{"id":"12537","key":"メークアップ-ベストセラー","value":"メークアップ ベストセラー"},{"id":"27174","key":"day7flashsale","value":"Day7FlashSale"},{"id":"1575","key":"ベストセラー","value":"ベストセラー"},{"id":"1597","key":"アイライナー","value":"アイライナー"},{"id":"27171","key":"day4flashsale","value":"Day4FlashSale"},{"id":"27172","key":"day5flashsale","value":"Day5FlashSale"},{"id":"13770","key":"gwp","value":"GWP"}]},"texture":null,"undertone":null,"unit_of_measure":"g","unit_size":10,"unit_size_formatted":"10g","upc":"020714456498","vto":{"is_color_experience":null,"is_foundation_experience":null}},{"color_family":null,"coverage_options":null,"cross_sell":null,"display_status":7,"finish":null,"finish_options":null,"fragrances":[{"family":null,"key":null,"value":null}],"iln_listing":"イソドデカン・シクロペンタシロキサン・ＰＥＧ／ＰＰＧ－１９／１９ジメチコン・合成ワックス・水添ポリジシクロペンタジエン・（Ｃ２０－４０）アルコール・ナイロン－１２・パーフルオロノニルジメチコン・（ジイソステアリン酸／ポリヒドロキシステアリン酸／セバシン酸）ポリグリセリル－４・ポリエチレン・テトラ（ジ－ｔ－ブチルヒドロキシヒドロケイヒ酸）ペンタエリスリチル・トコフェロール　＋／－　酸化鉄・マイカ・酸化チタン・コンジョウ・Ａｌ・オキシ塩化ビスマス・青１・カルミン・水酸化クロム・酸化クロム・マンガンバイオレット・グンジョウ・黄４<JILN005181>","iln_version_number":"JILN005181","inventory_status":"Active","is_active":true,"is_coming_soon":null,"is_default_sku":false,"is_discountable":true,"is_displayable":null,"is_engravable":null,"is_fragrance":null,"is_giftable":null,"is_giftwrap":false,"is_inactive":null,"is_multi_shaded":null,"is_out_of_stock":null,"is_preorder":false,"is_preorderable":null,"is_promotional":null,"is_replenishable":false,"is_search_suppressed":null,"is_searchable":true,"is_shaded":null,"is_sized":null,"is_sold_out":null,"is_under_weight_hazmat":false,"is_vto_enabled":null,"life_of_product":"Basic Reorder","material_code":"75X3030001","media":{"large":[{"alt":"クイックライナー フォー アイ インテンス","height":1200,"position":1,"src":"/media/export/cms/products/1200x1500/cl_sku_75X303_1200x1500_0.png","type":"image","width":1500}],"medium":[{"alt":"クイックライナー フォー アイ インテンス","height":600,"position":2,"src":"/media/export/cms/products/600x750/cl_sku_75X303_600x750_0.png","type":"image","width":750}],"model":null,"poster":null,"small":[{"alt":"クイックライナー フォー アイ インテンス","height":1200,"position":3,"src":"/media/export/cms/products/1200x1500/cl_sku_75X303_1200x1500_0.png","type":"image","width":1500}],"smoosh":[{"alt":"クイックライナー フォー アイ インテンス","height":1200,"position":0,"src":"/media/export/cms/products/1200x1500/swatches_v3/53_ns_ng.png","type":"image","width":1500}],"xl":null},"out_of_stock_threshold":null,"perlgem":{"SKU_BASE_ID":25009},"preorder_date":null,"prices":[{"currency":"JPY","exclude_tax":{"original_price":0,"original_price_formatted":"¥0","price":2200,"price_formatted":"¥2,200","price_per_unit":73333.33,"price_per_unit_formatted":"¥73,333.33 / 10g"},"include_tax":{"original_price":2420,"original_price_formatted":"¥2,420","price":2420,"price_formatted":"¥2,420","price_per_unit":80666,"price_per_unit_formatted":"¥80,666 / 10g"},"is_discounted":false}],"purchase_limit":null,"replenishment":{"message":"Never run low on your favourites. Sign up for Auto-Ship. Learn more >"},"reviews":{"average_rating":null,"number_of_questions":null,"number_of_reviews":null},"set_components":null,"shade_groups":null,"shades":[{"description":"レッドパールがきらめくダーク ブラウン","hex_val":"#412727","image":{"height":null,"src":"","width":null},"name":"03 インテンス チョコレート","smoosh_design":{"group_id":null,"name":"53::none::none"}}],"sizes":[{"key":1,"value":"0.3g"}],"skin":{"tone":null,"type":null,"type_description":null},"sku_badge":null,"sku_badge_image":null,"sku_display_order":2,"sku_id":"75X303","sku_promo_messaging":null,"sku_type":"SE","sku_url":null,"tags":{"total":10,"items":[{"id":"9427","key":"whatsnew","value":"what'snew"},{"id":"12537","key":"メークアップ-ベストセラー","value":"メークアップ ベストセラー"},{"id":"25565","key":"justarrivednew","value":"justarrivednew"},{"id":"27174","key":"day7flashsale","value":"Day7FlashSale"},{"id":"20524","key":"shop-the-movie-01","value":"Shop the Movie 01"},{"id":"1575","key":"ベストセラー","value":"ベストセラー"},{"id":"1597","key":"アイライナー","value":"アイライナー"},{"id":"27171","key":"day4flashsale","value":"Day4FlashSale"},{"id":"27172","key":"day5flashsale","value":"Day5FlashSale"},{"id":"13770","key":"gwp","value":"GWP"}]},"texture":null,"undertone":null,"unit_of_measure":"g","unit_size":10,"unit_size_formatted":"10g","upc":"020714456504","vto":{"is_color_experience":null,"is_foundation_experience":null}},{"color_family":null,"coverage_options":null,"cross_sell":null,"display_status":7,"finish":null,"finish_options":null,"fragrances":[{"family":null,"key":null,"value":null}],"iln_listing":"イソドデカン・シクロペンタシロキサン・ＰＥＧ／ＰＰＧ－１９／１９ジメチコン・合成ワックス・水添ポリジシクロペンタジエン・（Ｃ２０－４０）アルコール・ナイロン－１２・パーフルオロノニルジメチコン・（ジイソステアリン酸／ポリヒドロキシステアリン酸／セバシン酸）ポリグリセリル－４・ポリエチレン・テトラ（ジ－ｔ－ブチルヒドロキシヒドロケイヒ酸）ペンタエリスリチル・トコフェロール　＋／－　酸化鉄・マイカ・酸化チタン・コンジョウ・Ａｌ・オキシ塩化ビスマス・青１・カルミン・水酸化クロム・酸化クロム・マンガンバイオレット・グンジョウ・黄４<JILN005181>","iln_version_number":"JILN005181","inventory_status":"Active","is_active":true,"is_coming_soon":null,"is_default_sku":false,"is_discountable":true,"is_displayable":null,"is_engravable":null,"is_fragrance":null,"is_giftable":null,"is_giftwrap":false,"is_inactive":null,"is_multi_shaded":null,"is_out_of_stock":null,"is_preorder":false,"is_preorderable":null,"is_promotional":null,"is_replenishable":false,"is_search_suppressed":null,"is_searchable":true,"is_shaded":null,"is_sized":null,"is_sold_out":null,"is_under_weight_hazmat":false,"is_vto_enabled":null,"life_of_product":"Basic Reorder","material_code":"75X3050001","media":{"large":[{"alt":"クイックライナー フォー アイ インテンス","height":1200,"position":1,"src":"/media/export/cms/products/1200x1500/cl_sku_75X305_1200x1500_0.png","type":"image","width":1500}],"medium":[{"alt":"クイックライナー フォー アイ インテンス","height":600,"position":2,"src":"/media/export/cms/products/600x750/cl_sku_75X305_600x750_0.png","type":"image","width":750}],"model":null,"poster":null,"small":[{"alt":"クイックライナー フォー アイ インテンス","height":1200,"position":3,"src":"/media/export/cms/products/1200x1500/cl_sku_75X305_1200x1500_0.png","type":"image","width":1500}],"smoosh":[{"alt":"クイックライナー フォー アイ インテンス","height":1200,"position":0,"src":"/media/export/cms/products/1200x1500/swatches_v3/53_ns_ng.png","type":"image","width":1500}],"xl":null},"out_of_stock_threshold":null,"perlgem":{"SKU_BASE_ID":40058},"preorder_date":null,"prices":[{"currency":"JPY","exclude_tax":{"original_price":2200,"original_price_formatted":"¥2,200","price":2200,"price_formatted":"¥2,200","price_per_unit":null,"price_per_unit_formatted":""},"include_tax":{"original_price":2420,"original_price_formatted":"¥2,420","price":2420,"price_formatted":"¥2,420","price_per_unit":null,"price_per_unit_formatted":""},"is_discounted":false}],"purchase_limit":null,"replenishment":{"message":"Never run low on your favourites. Sign up for Auto-Ship. Learn more >"},"reviews":{"average_rating":null,"number_of_questions":null,"number_of_reviews":null},"set_components":null,"shade_groups":null,"shades":[{"description":"燃えつきた炭のようなスモーキー ブラック","hex_val":"#353434","image":{"height":null,"src":"","width":null},"name":"05 インテンス チャコール","smoosh_design":{"group_id":null,"name":"53::none::none"}}],"sizes":[{"key":1,"value":"0.3g"}],"skin":{"tone":null,"type":null,"type_description":null},"sku_badge":null,"sku_badge_image":null,"sku_display_order":3,"sku_id":"75X305","sku_promo_messaging":null,"sku_type":"SE","sku_url":null,"tags":{"total":8,"items":[{"id":"9427","key":"whatsnew","value":"what'snew"},{"id":"12537","key":"メークアップ-ベストセラー","value":"メークアップ ベストセラー"},{"id":"27174","key":"day7flashsale","value":"Day7FlashSale"},{"id":"1575","key":"ベストセラー","value":"ベストセラー"},{"id":"1597","key":"アイライナー","value":"アイライナー"},{"id":"27171","key":"day4flashsale","value":"Day4FlashSale"},{"id":"27172","key":"day5flashsale","value":"Day5FlashSale"},{"id":"13770","key":"gwp","value":"GWP"}]},"texture":null,"undertone":null,"unit_of_measure":null,"unit_size":null,"unit_size_formatted":null,"upc":"020714529161","vto":{"is_color_experience":null,"is_foundation_experience":null}},{"color_family":null,"coverage_options":null,"cross_sell":null,"display_status":7,"finish":null,"finish_options":null,"fragrances":[{"family":null,"key":null,"value":null}],"iln_listing":"イソドデカン・シクロペンタシロキサン・ＰＥＧ／ＰＰＧ－１９／１９ジメチコン・合成ワックス・水添ポリジシクロペンタジエン・ナイロン－１２・（Ｃ２０－４０）アルコール・パーフルオロノニルジメチコン・（ジイソステアリン酸／ポリヒドロキシステアリン酸／セバシン酸）ポリグリセリル－４・ポリエチレン・テトラ（ジ－ｔ－ブチルヒドロキシヒドロケイヒ酸）ペンタエリスリチル・トコフェロール　＋／－　酸化鉄・マイカ・コンジョウ・マンガンバイオレット・黄４・酸化クロム・水酸化クロム・カルミン・オキシ塩化ビスマス・酸化チタン・Ａｌ・青１・グンジョウ<JILN005702>","iln_version_number":"JILN005702","inventory_status":"Active","is_active":true,"is_coming_soon":null,"is_default_sku":false,"is_discountable":true,"is_displayable":null,"is_engravable":null,"is_fragrance":null,"is_giftable":null,"is_giftwrap":false,"is_inactive":null,"is_multi_shaded":null,"is_out_of_stock":null,"is_preorder":false,"is_preorderable":null,"is_promotional":null,"is_replenishable":false,"is_search_suppressed":null,"is_searchable":true,"is_shaded":null,"is_sized":null,"is_sold_out":null,"is_under_weight_hazmat":false,"is_vto_enabled":null,"life_of_product":"Basic Reorder","material_code":"75X3090001","media":{"large":[{"alt":"クイックライナー フォー アイ インテンス","height":1200,"position":1,"src":"/media/export/cms/products/1200x1500/cl_sku_75X309_1200x1500_0.png","type":"image","width":1500}],"medium":[{"alt":"クイックライナー フォー アイ インテンス","height":600,"position":2,"src":"/media/export/cms/products/600x750/cl_sku_75X309_600x750_0.png","type":"image","width":750}],"model":null,"poster":null,"small":[{"alt":"クイックライナー フォー アイ インテンス","height":1200,"position":3,"src":"/media/export/cms/products/1200x1500/cl_sku_75X309_1200x1500_0.png","type":"image","width":1500}],"smoosh":[{"alt":"クイックライナー フォー アイ インテンス","height":1200,"position":0,"src":"/media/export/cms/products/1200x1500/swatches_v3/53_ns_ng.png","type":"image","width":1500}],"xl":null},"out_of_stock_threshold":null,"perlgem":{"SKU_BASE_ID":44229},"preorder_date":null,"prices":[{"currency":"JPY","exclude_tax":{"original_price":2200,"original_price_formatted":"¥2,200","price":2200,"price_formatted":"¥2,200","price_per_unit":null,"price_per_unit_formatted":""},"include_tax":{"original_price":2420,"original_price_formatted":"¥2,420","price":2420,"price_formatted":"¥2,420","price_per_unit":null,"price_per_unit_formatted":""},"is_discounted":false}],"purchase_limit":null,"replenishment":{"message":"Never run low on your favourites. Sign up for Auto-Ship. Learn more >"},"reviews":{"average_rating":null,"number_of_questions":null,"number_of_reviews":null},"set_components":null,"shade_groups":null,"shades":[{"description":"黒よりも黒い黒檀の木のようなブラック","hex_val":"#000000","image":{"height":null,"src":"","width":null},"name":"09 インテンス エボニー","smoosh_design":{"group_id":null,"name":"53::none::none"}}],"sizes":[{"key":1,"value":"0.3g"}],"skin":{"tone":null,"type":null,"type_description":null},"sku_badge":null,"sku_badge_image":null,"sku_display_order":6,"sku_id":"75X309","sku_promo_messaging":null,"sku_type":"SE","sku_url":null,"tags":{"total":8,"items":[{"id":"9427","key":"whatsnew","value":"what'snew"},{"id":"12537","key":"メークアップ-ベストセラー","value":"メークアップ ベストセラー"},{"id":"27174","key":"day7flashsale","value":"Day7FlashSale"},{"id":"1575","key":"ベストセラー","value":"ベストセラー"},{"id":"1597","key":"アイライナー","value":"アイライナー"},{"id":"27171","key":"day4flashsale","value":"Day4FlashSale"},{"id":"27172","key":"day5flashsale","value":"Day5FlashSale"},{"id":"13770","key":"gwp","value":"GWP"}]},"texture":null,"undertone":null,"unit_of_measure":null,"unit_size":null,"unit_size_formatted":null,"upc":"020714572563","vto":{"is_color_experience":null,"is_foundation_experience":null}},{"color_family":null,"coverage_options":null,"cross_sell":null,"display_status":7,"finish":null,"finish_options":null,"fragrances":[{"family":null,"key":null,"value":null}],"iln_listing":"イソドデカン・シクロペンタシロキサン・ＰＥＧ／ＰＰＧ－１９／１９ジメチコン・合成ワックス・水添ポリジシクロペンタジエン・（Ｃ２０－４０）アルコール・ナイロン－１２・パーフルオロノニルジメチコン・（ジイソステアリン酸／ポリヒドロキシステアリン酸／セバシン酸）ポリグリセリル－４・ポリエチレン・テトラ（ジ－ｔ－ブチルヒドロキシヒドロケイヒ酸）ペンタエリスリチル・トコフェロール　＋／－　酸化鉄・マイカ・酸化チタン・コンジョウ・Ａｌ・オキシ塩化ビスマス・青１・カルミン・水酸化クロム・酸化クロム・マンガンバイオレット・グンジョウ・黄４<JILN5181>","iln_version_number":"JILN5181","inventory_status":"Active","is_active":true,"is_coming_soon":null,"is_default_sku":false,"is_discountable":true,"is_displayable":null,"is_engravable":null,"is_fragrance":null,"is_giftable":null,"is_giftwrap":false,"is_inactive":null,"is_multi_shaded":null,"is_out_of_stock":null,"is_preorder":false,"is_preorderable":null,"is_promotional":null,"is_replenishable":false,"is_search_suppressed":null,"is_searchable":true,"is_shaded":null,"is_sized":null,"is_sold_out":null,"is_under_weight_hazmat":false,"is_vto_enabled":null,"life_of_product":"Basic Reorder","material_code":"75X3150002","media":{"large":[{"alt":"クイックライナー フォー アイ インテンス","height":1200,"position":1,"src":"/media/export/cms/products/1200x1500/cl_sku_75X315_1200x1500_0.png","type":"image","width":1500}],"medium":[{"alt":"クイックライナー フォー アイ インテンス","height":600,"position":2,"src":"/media/export/cms/products/600x750/cl_sku_75X315_600x750_0.png","type":"image","width":750}],"model":null,"poster":null,"small":[{"alt":"クイックライナー フォー アイ インテンス","height":1200,"position":3,"src":"/media/export/cms/products/1200x1500/cl_sku_75X315_1200x1500_0.png","type":"image","width":1500}],"smoosh":[{"alt":"クイックライナー フォー アイ インテンス","height":1200,"position":0,"src":"/media/export/cms/products/1200x1500/swatches_v3/53_ns_ng.png","type":"image","width":1500}],"xl":null},"out_of_stock_threshold":null,"perlgem":{"SKU_BASE_ID":50394},"preorder_date":null,"prices":[{"currency":"JPY","exclude_tax":{"original_price":2200,"original_price_formatted":"¥2,200","price":2200,"price_formatted":"¥2,200","price_per_unit":null,"price_per_unit_formatted":""},"include_tax":{"original_price":2420,"original_price_formatted":"¥2,420","price":2420,"price_formatted":"¥2,420","price_per_unit":null,"price_per_unit_formatted":""},"is_discounted":false}],"purchase_limit":null,"replenishment":{"message":"Never run low on your favourites. Sign up for Auto-Ship. Learn more >"},"reviews":{"average_rating":null,"number_of_questions":null,"number_of_reviews":null},"set_components":null,"shade_groups":null,"shades":[{"description":"甘さのあるパープル ブラウン","hex_val":"#3a1f34","image":{"height":null,"src":"","width":null},"name":"15 インテンス オーバジン（新色）","smoosh_design":{"group_id":null,"name":"53::none::none"}}],"sizes":[{"key":1,"value":"0.3 g"}],"skin":{"tone":null,"type":null,"type_description":null},"sku_badge":null,"sku_badge_image":null,"sku_display_order":9,"sku_id":"75X315","sku_promo_messaging":null,"sku_type":"SE","sku_url":null,"tags":{"total":7,"items":[{"id":"9427","key":"whatsnew","value":"what'snew"},{"id":"12537","key":"メークアップ-ベストセラー","value":"メークアップ ベストセラー"},{"id":"27174","key":"day7flashsale","value":"Day7FlashSale"},{"id":"1575","key":"ベストセラー","value":"ベストセラー"},{"id":"1597","key":"アイライナー","value":"アイライナー"},{"id":"27171","key":"day4flashsale","value":"Day4FlashSale"},{"id":"27172","key":"day5flashsale","value":"Day5FlashSale"}]},"texture":null,"undertone":null,"unit_of_measure":null,"unit_size":null,"unit_size_formatted":null,"upc":"020714648503","vto":{"is_color_experience":null,"is_foundation_experience":null}}]},"sub_display_name":"クイックライナー フォー アイ インテンス","sub_header":null,"tags":{"total":10,"items":[{"id":"9427","key":"whatsnew","parent_tag_id":"9420","product_display_order":0,"value":"what'snew"},{"id":"12537","key":"メークアップ-ベストセラー","parent_tag_id":"1592","product_display_order":34,"value":"メークアップ ベストセラー"},{"id":"25565","key":"justarrivednew","parent_tag_id":null,"product_display_order":5,"value":"justarrivednew"},{"id":"27174","key":"day7flashsale","parent_tag_id":"1590","product_display_order":0,"value":"Day7FlashSale"},{"id":"20524","key":"shop-the-movie-01","parent_tag_id":"1000020","product_display_order":4,"value":"Shop the Movie 01"},{"id":"1575","key":"ベストセラー","parent_tag_id":null,"product_display_order":59,"value":"ベストセラー"},{"id":"1597","key":"アイライナー","parent_tag_id":"1592","product_display_order":3,"value":"アイライナー"},{"id":"27171","key":"day4flashsale","parent_tag_id":"1590","product_display_order":10,"value":"Day4FlashSale"},{"id":"27172","key":"day5flashsale","parent_tag_id":"1590","product_display_order":0,"value":"Day5FlashSale"},{"id":"13770","key":"gwp","parent_tag_id":null,"product_display_order":0,"value":"GWP"}]},"usage":[{"content":"ご使用前は芯先が出るまで十数回まわし、1-2mmを目安に芯を繰り出してください。なお、一度繰り出した芯は戻りませんので、出過ぎないようにしてください。芯を使い終わると丸い球が出てきますが、これは残り芯ではありません。アイライナーとしてお使いいただくことはできませんので、ご注意ください。","label":"PRODUCT USAGE","type":"product_usage"},{"content":null,"label":"HOW DOES IT WORK","type":"how_does_it_work"},{"content":null,"label":"WHO IT IS FOR","type":"who_it_is_for"},{"content":null,"label":"GREAT TO KNOW","type":"great_to_know"},{"content":null,"label":"WHAT_IT_DOES","type":"what_it_does"},{"content":null,"label":"WHAT_IT_IS","type":"what_it_is"}],"objectID":"12313"},{"benefit":{"statement":null,"benefits":null},"brand":null,"collection":null,"coverage":null,"cross_sell":[{"sku_id":"6FP201","sort_key":1},{"sku_id":"71JL01","sort_key":2},{"sku_id":"6CY401","sort_key":3}],"default_category":{"id":"1606","key":"マスカラ"},"description":"まつげに華やぎのボリューム。<br>太く、濃く、印象的な目もとをつくる、クリニークのマスカラ<br><br>上品で濃密なまつげに仕上げる ”ラッシュ パワー ボリューム マスカラ”。<br>1日中にじみにくく、ぬるま湯で簡単に落とせるコンパクトで使いやすいブラシ。<br>目もとに華やかな美しさを。<br>※製品パッケージは画像と異なる場合がございます。","display_mode":null,"display_name":"ラッシュ パワー<br>ボリューム マスカラ","display_status":7,"finish":null,"form":null,"formula_type":null,"fragrance_family":null,"indexable_keywords":[{"value":"マスカラ"},{"value":"カラー"},{"value":"メークアップ"},{"value":"メイク"},{"value":"メーク"},{"value":"ボリューム マスカラ"},{"value":"ボリューム"},{"value":"mascara"}],"is_hazmat":false,"is_product_coming_soon":null,"is_product_displayable":true,"is_product_searchable":true,"is_product_shoppable":true,"is_product_sold_out":null,"is_product_temporarily_out_of_stock":null,"is_search_suppressed":null,"key_ingredient":null,"media":{"large":null,"medium":null,"poster":null,"small":null,"videos":[{"position":null,"poster":{"height":null,"src":null,"width":null},"provider":null,"src":null},{"position":null,"poster":{"height":null,"src":null,"width":null},"provider":null,"src":null},{"position":null,"poster":{"height":null,"src":null,"width":null},"provider":null,"src":null}],"xl":null},"meta":{"description":null,"keywords":null},"parent_category":[{"id":"1606","value":"マスカラ"},{"id":"1592","value":"メーク"}],"product_badge":null,"product_id":"12714","product_title_tag":null,"product_type":"Shaded","product_url":"/product/1606/12714/lash-power-volumizing-mascara","reviews":{"average_rating":null,"number_of_questions":null,"number_of_reviews":null},"shade_groups":null,"short_description":"まつげに華やぎのボリューム。<br>太く、濃く、印象的な目もとをつくる、クリニークのマスカラ<br><br>上品で濃密なまつげに仕上げる ”ラッシュ パワー ボリューム マスカラ”。<br>1日中にじみにくく、ぬるま湯で簡単に落とせるコンパクトで使いやすいブラシ。<br>目もとに華やかな美しさを。<br>※製品パッケージは画像と異なる場合がございます。","skin":null,"skin_goal":null,"skus":{"total":1,"items":[{"color_family":null,"coverage_options":null,"cross_sell":null,"display_status":7,"finish":null,"finish_options":null,"fragrances":[{"family":null,"key":null,"value":null}],"iln_listing":"水・アクリル酸アルキルコポリマーアンモニウム・カルナウバロウ・シリカ・ミツロウ・ステアリン酸ＰＥＧ－１５グリセリル・ＢＧ・ナイロン－１２・エタノール・水添ナタネ油アルコール・ポリビニルアルコール・ベントナイト・カオリン・ソルビトール・ステアリン酸・ジメチコン・ジステアリン酸スクロース・ホホバ種子油・（ビニルピロリドン／ＶＡ）コポリマー・ナイロン－６・シメチコン・ＡＭＰ・ＡＭＰＤ・キサンタンガム・トコフェロール・フェノキシエタノール・クロルフェネシン・デヒドロ酢酸Ｎａ　＋／－　酸化鉄・マイカ・酸化チタン<JILN4716>","iln_version_number":"JILN4716","inventory_status":"Active","is_active":true,"is_coming_soon":null,"is_default_sku":false,"is_discountable":true,"is_displayable":null,"is_engravable":null,"is_fragrance":null,"is_giftable":null,"is_giftwrap":false,"is_inactive":null,"is_multi_shaded":null,"is_out_of_stock":null,"is_preorder":false,"is_preorderable":null,"is_promotional":null,"is_replenishable":false,"is_search_suppressed":null,"is_searchable":true,"is_shaded":null,"is_sized":null,"is_sold_out":null,"is_under_weight_hazmat":false,"is_vto_enabled":null,"life_of_product":"Basic Reorder","material_code":"6RW2010000","media":{"large":[{"alt":"ラッシュ パワー<br>ボリューム マスカラ","height":1200,"position":1,"src":"/media/export/cms/products/1200x1500/cl_sku_6RW201_1200x1500_0.png","type":"image","width":1500}],"medium":[{"alt":"ラッシュ パワー<br>ボリューム マスカラ","height":600,"position":2,"src":"/media/export/cms/products/600x750/cl_sku_6RW201_600x750_0.png","type":"image","width":750}],"model":null,"poster":null,"small":[{"alt":"ラッシュ パワー<br>ボリューム マスカラ","height":1200,"position":3,"src":"/media/export/cms/products/1200x1500/cl_sku_6RW201_1200x1500_0.png","type":"image","width":1500}],"smoosh":[{"alt":"ラッシュ パワー<br>ボリューム マスカラ","height":1200,"position":0,"src":"/media/export/cms/products/1200x1500/swatches_v3/05_ns_ng.png","type":"image","width":1500}],"xl":null},"out_of_stock_threshold":null,"perlgem":{"SKU_BASE_ID":25589},"preorder_date":null,"prices":[{"currency":"JPY","exclude_tax":{"original_price":3500,"original_price_formatted":"¥3,500","price":3500,"price_formatted":"¥3,500","price_per_unit":null,"price_per_unit_formatted":""},"include_tax":{"original_price":3850,"original_price_formatted":"¥3,850","price":3850,"price_formatted":"¥3,850","price_per_unit":null,"price_per_unit_formatted":""},"is_discounted":false}],"purchase_limit":null,"replenishment":{"message":null},"reviews":{"average_rating":null,"number_of_questions":null,"number_of_reviews":null},"set_components":null,"shade_groups":null,"shades":[{"description":"つややかで深みのある黒","hex_val":"#333333","image":{"height":null,"src":"","width":null},"name":"01 ブラック オニキス","smoosh_design":{"group_id":null,"name":"05::none::none"}}],"sizes":[{"key":1,"value":null}],"skin":{"tone":null,"type":null,"type_description":null},"sku_badge":null,"sku_badge_image":null,"sku_display_order":0,"sku_id":"6RW201","sku_promo_messaging":null,"sku_type":"SE","sku_url":null,"tags":{"total":2,"items":[{"id":"19570","key":"おすすめ製品","value":"おすすめ製品"},{"id":"1606","key":"マスカラ","value":"マスカラ"}]},"texture":null,"undertone":null,"unit_of_measure":null,"unit_size":null,"unit_size_formatted":null,"upc":"020714377731","vto":{"is_color_experience":null,"is_foundation_experience":null}}]},"sub_display_name":"ラッシュ パワー<br>ボリューム マスカラ","sub_header":null,"tags":{"total":2,"items":[{"id":"19570","key":"おすすめ製品","parent_tag_id":"1000020","product_display_order":88,"value":"おすすめ製品"},{"id":"1606","key":"マスカラ","parent_tag_id":"1592","product_display_order":17,"value":"マスカラ"}]},"usage":[{"content":"ブラシに液をたっぷりと含ませ、まつ毛の根元からぐっとかき上げるように毛先に向かって持ち上げます。","label":"PRODUCT USAGE","type":"product_usage"},{"content":null,"label":"HOW DOES IT WORK","type":"how_does_it_work"},{"content":null,"label":"WHO IT IS FOR","type":"who_it_is_for"},{"content":null,"label":"GREAT TO KNOW","type":"great_to_know"},{"content":null,"label":"WHAT_IT_DOES","type":"what_it_does"},{"content":null,"label":"WHAT_IT_IS","type":"what_it_is"}],"objectID":"12714"},{"benefit":{"statement":null,"benefits":null},"brand":null,"collection":null,"coverage":null,"cross_sell":[{"sku_id":"6M2301","sort_key":1},{"sku_id":"7THM02","sort_key":2},{"sku_id":"7THL01","sort_key":3},{"sku_id":"Z4CF02","sort_key":4},{"sku_id":"6CY401","sort_key":5},{"sku_id":"6AJX01","sort_key":6}],"default_category":{"id":"1605","key":"リップスティック"},"description":"<P>使いやすい、繰り出し式のリップカラー。マンゴーバターやシアバターのトリートメント成分が可愛い見た目からは想像ができないほどの豊かな潤いを唇へ。</P>","display_mode":null,"display_name":"チャビー スティック モイスチャライジング リップ カラー バーム","display_status":7,"finish":null,"form":null,"formula_type":null,"fragrance_family":null,"indexable_keywords":[{"value":"リップ"},{"value":"メーク"},{"value":"口紅"},{"value":"リップスティック"},{"value":"チャビー"},{"value":"カラー"},{"value":"クレヨン"}],"is_hazmat":false,"is_product_coming_soon":null,"is_product_displayable":true,"is_product_searchable":true,"is_product_shoppable":true,"is_product_sold_out":null,"is_product_temporarily_out_of_stock":null,"is_search_suppressed":null,"key_ingredient":null,"media":{"large":[{"alt":"チャビー スティック モイスチャライジング リップ カラー バーム","height":1200,"position":0,"src":"/media/export/cms/products/1200x1500/cl_prod_15520_1200x1500_0.png","type":"image","width":1500},{"alt":"チャビー スティック モイスチャライジング リップ カラー バーム","height":1200,"position":1,"src":"/media/export/cms/products/1200x1500/cl_prod_15520_1200x1500_1.png","type":"image","width":1500}],"medium":null,"poster":null,"small":[{"alt":"チャビー スティック モイスチャライジング リップ カラー バーム","height":1200,"position":2,"src":"/media/export/cms/products/1200x1500/cl_prod_15520_1200x1500_0.png","type":"image","width":1500},{"alt":"チャビー スティック モイスチャライジング リップ カラー バーム","height":1200,"position":3,"src":"/media/export/cms/products/1200x1500/cl_prod_15520_1200x1500_1.png","type":"image","width":1500}],"videos":[{"position":null,"poster":{"height":null,"src":null,"width":null},"provider":"YouTube","src":null},{"position":null,"poster":{"height":null,"src":null,"width":null},"provider":"YouTube","src":null},{"position":null,"poster":{"height":null,"src":null,"width":null},"provider":"YouTube","src":null}],"xl":null},"meta":{"description":null,"keywords":"sheer lip, lip balm,リップ,メーク,口紅,リップスティック,チャビー,カラー,クレヨン"},"parent_category":[{"id":"1605","value":"リップスティック"},{"id":"1592","value":"メーク"}],"product_badge":null,"product_id":"15520","product_title_tag":null,"product_type":"Shaded","product_url":"/product/1605/15520/--/chubby-stick-moisturizing-lip-colour-balm","reviews":{"average_rating":null,"number_of_questions":null,"number_of_reviews":null},"shade_groups":null,"short_description":"使いやすい、繰り出し式のリップカラー。マンゴーバターやシアバターのトリートメント成分が可愛い見た目からは想像ができないほどの豊かな潤いを唇へ。","skin":null,"skin_goal":null,"skus":{"total":14,"items":[{"color_family":[{"key":"nude-color","value":"nude_color"}],"coverage_options":null,"cross_sell":null,"display_status":7,"finish":[{"key":"satin-finish","value":"satin_finish"}],"finish_options":[{"key":"satin-finish","value":"satin_finish"}],"fragrances":[{"family":null,"key":null,"value":null}],"iln_listing":"ヒマシ油・トリ（カプリル酸／カプリン酸）グリセリル・野菜油・キャンデリラロウ・ミツロウ・オゾケライト・シア脂・水添野菜油・ホホバ種子油・トコフェロール・マンゴー種子脂・メドウフォーム油・水添オリーブ油・ヒマワリ種子油　＋／－　酸化チタン・酸化鉄・マイカ・硫酸Ｂａ・黄４・赤２０２・赤２２７・オキシ塩化ビスマス・青１・カルミン・赤２３０（１）・赤１０４（１）・赤２２６・赤２０１・黄５<JILN005182>","iln_version_number":"JILN005182","inventory_status":"Active","is_active":true,"is_coming_soon":null,"is_default_sku":false,"is_discountable":true,"is_displayable":null,"is_engravable":null,"is_fragrance":null,"is_giftable":null,"is_giftwrap":false,"is_inactive":null,"is_multi_shaded":null,"is_out_of_stock":null,"is_preorder":false,"is_preorderable":null,"is_promotional":null,"is_replenishable":false,"is_search_suppressed":null,"is_searchable":true,"is_shaded":null,"is_sized":null,"is_sold_out":null,"is_under_weight_hazmat":false,"is_vto_enabled":null,"life_of_product":"Basic Reorder","material_code":"749K010001","media":{"large":[{"alt":"チャビー スティック モイスチャライジング リップ カラー バーム","height":1200,"position":1,"src":"/media/export/cms/products/1200x1500/cl_sku_749K01_1200x1500_0.png","type":"image","width":1500}],"medium":[{"alt":"チャビー スティック モイスチャライジング リップ カラー バーム","height":600,"position":2,"src":"/media/export/cms/products/600x750/cl_sku_749K01_600x750_0.png","type":"image","width":750}],"model":null,"poster":null,"small":[{"alt":"チャビー スティック モイスチャライジング リップ カラー バーム","height":1200,"position":3,"src":"/media/export/cms/products/1200x1500/cl_sku_749K01_1200x1500_0.png","type":"image","width":1500}],"smoosh":[{"alt":"チャビー スティック モイスチャライジング リップ カラー バーム","height":1200,"position":0,"src":"/media/export/cms/products/1200x1500/swatches_v3/24_ns_ng.png","type":"image","width":1500}],"xl":null},"out_of_stock_threshold":null,"perlgem":{"SKU_BASE_ID":31835},"preorder_date":null,"prices":[{"currency":"JPY","exclude_tax":{"original_price":2700,"original_price_formatted":"¥2,700","price":2700,"price_formatted":"¥2,700","price_per_unit":null,"price_per_unit_formatted":""},"include_tax":{"original_price":2970,"original_price_formatted":"¥2,970","price":2970,"price_formatted":"¥2,970","price_per_unit":null,"price_per_unit_formatted":""},"is_discounted":false}],"purchase_limit":null,"replenishment":{"message":"Never run low on your favourites. Sign up for Auto-Ship. Learn more >"},"reviews":{"average_rating":null,"number_of_questions":null,"number_of_reviews":null},"set_components":null,"shade_groups":null,"shades":[{"description":"レーズンのように深みのあるダークブラウン","hex_val":"#853f36","image":{"height":null,"src":"","width":null},"name":"01 リッチャー レーズン","smoosh_design":{"group_id":null,"name":"24::none::none"}}],"sizes":[{"key":1,"value":"3g"}],"skin":{"tone":null,"type":[{"key":"dry-skintype","value":"dry_skintype"},{"key":"combination-skintype","value":"combination_skintype"},{"key":"oily-skintype","value":"oily_skintype"},{"key":"normal-skintype","value":"normal_skintype"}],"type_description":null},"sku_badge":null,"sku_badge_image":null,"sku_display_order":0,"sku_id":"749K01","sku_promo_messaging":null,"sku_type":"SE","sku_url":null,"tags":{"total":7,"items":[{"id":"1605","key":"リップスティック","value":"リップスティック"},{"id":"1604","key":"リップライナー","value":"リップライナー"},{"id":"18453","key":"plus1","value":"Plus1"},{"id":"1575","key":"ベストセラー","value":"ベストセラー"},{"id":"16422","key":"セットギフト","value":"セット＆ギフト"},{"id":"22833","key":"3500円税抜以下のおすすめ製品","value":"3500円(税抜)以下のおすすめ製品"},{"id":"1603","key":"リップグロス","value":"リップグロス"}]},"texture":null,"undertone":null,"unit_of_measure":null,"unit_size":null,"unit_size_formatted":null,"upc":"020714445300","vto":{"is_color_experience":null,"is_foundation_experience":null}},{"color_family":[{"key":"nude-color","value":"nude_color"}],"coverage_options":null,"cross_sell":null,"display_status":7,"finish":[{"key":"satin-finish","value":"satin_finish"}],"finish_options":[{"key":"satin-finish","value":"satin_finish"}],"fragrances":[{"family":null,"key":null,"value":null}],"iln_listing":"ヒマシ油・トリ（カプリル酸／カプリン酸）グリセリル・野菜油・キャンデリラロウ・ミツロウ・オゾケライト・シア脂・水添野菜油・ホホバ種子油・トコフェロール・マンゴー種子脂・メドウフォーム油・水添オリーブ油・ヒマワリ種子油　＋／－　酸化チタン・酸化鉄・マイカ・硫酸Ｂａ・黄４・赤２０２・赤２２７・オキシ塩化ビスマス・青１・カルミン・赤２３０（１）・赤１０４（１）・赤２２６・赤２０１・黄５<JILN005182>","iln_version_number":"JILN005182","inventory_status":"Active","is_active":true,"is_coming_soon":null,"is_default_sku":false,"is_discountable":true,"is_displayable":null,"is_engravable":null,"is_fragrance":null,"is_giftable":null,"is_giftwrap":false,"is_inactive":null,"is_multi_shaded":null,"is_out_of_stock":null,"is_preorder":false,"is_preorderable":null,"is_promotional":null,"is_replenishable":false,"is_search_suppressed":null,"is_searchable":true,"is_shaded":null,"is_sized":null,"is_sold_out":null,"is_under_weight_hazmat":false,"is_vto_enabled":null,"life_of_product":"Basic Reorder","material_code":"749K020000","media":{"large":[{"alt":"チャビー スティック モイスチャライジング リップ カラー バーム","height":1200,"position":1,"src":"/media/export/cms/products/1200x1500/cl_sku_749K02_1200x1500_0.png","type":"image","width":1500}],"medium":[{"alt":"チャビー スティック モイスチャライジング リップ カラー バーム","height":600,"position":2,"src":"/media/export/cms/products/600x750/cl_sku_749K02_600x750_0.png","type":"image","width":750}],"model":null,"poster":null,"small":[{"alt":"チャビー スティック モイスチャライジング リップ カラー バーム","height":1200,"position":3,"src":"/media/export/cms/products/1200x1500/cl_sku_749K02_1200x1500_0.png","type":"image","width":1500}],"smoosh":[{"alt":"チャビー スティック モイスチャライジング リップ カラー バーム","height":1200,"position":0,"src":"/media/export/cms/products/1200x1500/swatches_v3/24_ns_ng.png","type":"image","width":1500}],"xl":null},"out_of_stock_threshold":null,"perlgem":{"SKU_BASE_ID":31743},"preorder_date":null,"prices":[{"currency":"JPY","exclude_tax":{"original_price":2700,"original_price_formatted":"¥2,700","price":2700,"price_formatted":"¥2,700","price_per_unit":900,"price_per_unit_formatted":"¥900 / 1g"},"include_tax":{"original_price":2970,"original_price_formatted":"¥2,970","price":2970,"price_formatted":"¥2,970","price_per_unit":990,"price_per_unit_formatted":"¥990 / 1g"},"is_discounted":false}],"purchase_limit":null,"replenishment":{"message":"Never run low on your favourites. Sign up for Auto-Ship. Learn more >"},"reviews":{"average_rating":null,"number_of_questions":null,"number_of_reviews":null},"set_components":null,"shade_groups":null,"shades":[{"description":"たっぷり蜂蜜のヌード ブラウン","hex_val":"#af6262","image":{"height":null,"src":"","width":null},"name":"02 ホール ロッタ ハニー","smoosh_design":{"group_id":null,"name":"24::none::none"}}],"sizes":[{"key":1,"value":"3g"}],"skin":{"tone":null,"type":[{"key":"dry-skintype","value":"dry_skintype"},{"key":"combination-skintype","value":"combination_skintype"},{"key":"oily-skintype","value":"oily_skintype"},{"key":"normal-skintype","value":"normal_skintype"}],"type_description":null},"sku_badge":null,"sku_badge_image":null,"sku_display_order":1,"sku_id":"749K02","sku_promo_messaging":null,"sku_type":"SE","sku_url":null,"tags":{"total":7,"items":[{"id":"1605","key":"リップスティック","value":"リップスティック"},{"id":"1604","key":"リップライナー","value":"リップライナー"},{"id":"18453","key":"plus1","value":"Plus1"},{"id":"1575","key":"ベストセラー","value":"ベストセラー"},{"id":"16422","key":"セットギフト","value":"セット＆ギフト"},{"id":"22833","key":"3500円税抜以下のおすすめ製品","value":"3500円(税抜)以下のおすすめ製品"},{"id":"1603","key":"リップグロス","value":"リップグロス"}]},"texture":null,"undertone":null,"unit_of_measure":"g","unit_size":1,"unit_size_formatted":"1g","upc":"020714445317","vto":{"is_color_experience":null,"is_foundation_experience":null}},{"color_family":[{"key":"red-color","value":"red_color"}],"coverage_options":null,"cross_sell":null,"display_status":7,"finish":[{"key":"satin-finish","value":"satin_finish"}],"finish_options":[{"key":"satin-finish","value":"satin_finish"}],"fragrances":[{"family":null,"key":null,"value":null}],"iln_listing":"ヒマシ油・トリ（カプリル酸／カプリン酸）グリセリル・野菜油・キャンデリラロウ・ミツロウ・オゾケライト・シア脂・水添野菜油・ホホバ種子油・トコフェロール・マンゴー種子脂・メドウフォーム油・水添オリーブ油・ヒマワリ種子油　＋／－　酸化チタン・酸化鉄・マイカ・硫酸Ｂａ・黄４・赤２０２・赤２２７・オキシ塩化ビスマス・青１・カルミン・赤２３０（１）・赤１０４（１）・赤２２６・赤２０１・黄５<JILN005182>","iln_version_number":"JILN005182","inventory_status":"Active","is_active":true,"is_coming_soon":null,"is_default_sku":false,"is_discountable":true,"is_displayable":null,"is_engravable":null,"is_fragrance":null,"is_giftable":null,"is_giftwrap":false,"is_inactive":null,"is_multi_shaded":null,"is_out_of_stock":null,"is_preorder":false,"is_preorderable":null,"is_promotional":null,"is_replenishable":false,"is_search_suppressed":null,"is_searchable":true,"is_shaded":null,"is_sized":null,"is_sold_out":null,"is_under_weight_hazmat":false,"is_vto_enabled":null,"life_of_product":"Basic Reorder","material_code":"749K030001","media":{"large":[{"alt":"チャビー スティック モイスチャライジング リップ カラー バーム","height":1200,"position":1,"src":"/media/export/cms/products/1200x1500/cl_sku_749K03_1200x1500_0.png","type":"image","width":1500}],"medium":[{"alt":"チャビー スティック モイスチャライジング リップ カラー バーム","height":600,"position":2,"src":"/media/export/cms/products/600x750/cl_sku_749K03_600x750_0.png","type":"image","width":750}],"model":null,"poster":null,"small":[{"alt":"チャビー スティック モイスチャライジング リップ カラー バーム","height":1200,"position":3,"src":"/media/export/cms/products/1200x1500/cl_sku_749K03_1200x1500_0.png","type":"image","width":1500}],"smoosh":[{"alt":"チャビー スティック モイスチャライジング リップ カラー バーム","height":1200,"position":0,"src":"/media/export/cms/products/1200x1500/swatches_v3/24_ns_ng.png","type":"image","width":1500}],"xl":null},"out_of_stock_threshold":null,"perlgem":{"SKU_BASE_ID":31836},"preorder_date":null,"prices":[{"currency":"JPY","exclude_tax":{"original_price":2700,"original_price_formatted":"¥2,700","price":2700,"price_formatted":"¥2,700","price_per_unit":null,"price_per_unit_formatted":""},"include_tax":{"original_price":2970,"original_price_formatted":"¥2,970","price":2970,"price_formatted":"¥2,970","price_per_unit":null,"price_per_unit_formatted":""},"is_discounted":false}],"purchase_limit":null,"replenishment":{"message":"Never run low on your favourites. Sign up for Auto-Ship. Learn more >"},"reviews":{"average_rating":null,"number_of_questions":null,"number_of_reviews":null},"set_components":null,"shade_groups":null,"shades":[{"description":"イチジクのようにスィートでやさしいピンクベージュ","hex_val":"#9b4344","image":{"height":null,"src":"","width":null},"name":"03 フラー フィグ","smoosh_design":{"group_id":null,"name":"24::none::none"}}],"sizes":[{"key":1,"value":"3g"}],"skin":{"tone":null,"type":[{"key":"dry-skintype","value":"dry_skintype"},{"key":"combination-skintype","value":"combination_skintype"},{"key":"oily-skintype","value":"oily_skintype"},{"key":"normal-skintype","value":"normal_skintype"}],"type_description":null},"sku_badge":null,"sku_badge_image":null,"sku_display_order":2,"sku_id":"749K03","sku_promo_messaging":null,"sku_type":"SE","sku_url":null,"tags":{"total":7,"items":[{"id":"1605","key":"リップスティック","value":"リップスティック"},{"id":"1604","key":"リップライナー","value":"リップライナー"},{"id":"18453","key":"plus1","value":"Plus1"},{"id":"1575","key":"ベストセラー","value":"ベストセラー"},{"id":"16422","key":"セットギフト","value":"セット＆ギフト"},{"id":"22833","key":"3500円税抜以下のおすすめ製品","value":"3500円(税抜)以下のおすすめ製品"},{"id":"1603","key":"リップグロス","value":"リップグロス"}]},"texture":null,"undertone":null,"unit_of_measure":null,"unit_size":null,"unit_size_formatted":null,"upc":"020714445324","vto":{"is_color_experience":null,"is_foundation_experience":null}},{"color_family":[{"key":"red-color","value":"red_color"}],"coverage_options":null,"cross_sell":null,"display_status":7,"finish":[{"key":"satin-finish","value":"satin_finish"}],"finish_options":[{"key":"satin-finish","value":"satin_finish"}],"fragrances":[{"family":null,"key":null,"value":null}],"iln_listing":"ヒマシ油・トリ（カプリル酸／カプリン酸）グリセリル・野菜油・キャンデリラロウ・ミツロウ・オゾケライト・シア脂・水添野菜油・ホホバ種子油・トコフェロール・マンゴー種子脂・メドウフォーム油・水添オリーブ油・ヒマワリ種子油　＋／－　酸化チタン・酸化鉄・マイカ・硫酸Ｂａ・黄４・赤２０２・赤２２７・オキシ塩化ビスマス・青１・カルミン・赤２３０（１）・赤１０４（１）・赤２２６・赤２０１・黄５<JILN005182>","iln_version_number":"JILN005182","inventory_status":"Active","is_active":true,"is_coming_soon":null,"is_default_sku":true,"is_discountable":true,"is_displayable":null,"is_engravable":null,"is_fragrance":null,"is_giftable":null,"is_giftwrap":false,"is_inactive":null,"is_multi_shaded":null,"is_out_of_stock":null,"is_preorder":false,"is_preorderable":null,"is_promotional":null,"is_replenishable":false,"is_search_suppressed":null,"is_searchable":true,"is_shaded":null,"is_sized":null,"is_sold_out":null,"is_under_weight_hazmat":false,"is_vto_enabled":null,"life_of_product":"Basic Reorder","material_code":"749K040000","media":{"large":[{"alt":"チャビー スティック モイスチャライジング リップ カラー バーム","height":1200,"position":1,"src":"/media/export/cms/products/1200x1500/cl_sku_749K04_1200x1500_0.png","type":"image","width":1500}],"medium":[{"alt":"チャビー スティック モイスチャライジング リップ カラー バーム","height":600,"position":2,"src":"/media/export/cms/products/600x750/cl_sku_749K04_600x750_0.png","type":"image","width":750},{"alt":"チャビー スティック モイスチャライジング リップ カラー バーム","height":600,"position":3,"src":"/media/export/cms/products/600x750/cl_sku_749K04_600x750_1.png","type":"image","width":750}],"model":null,"poster":null,"small":[{"alt":"チャビー スティック モイスチャライジング リップ カラー バーム","height":1200,"position":4,"src":"/media/export/cms/products/1200x1500/cl_sku_749K04_1200x1500_0.png","type":"image","width":1500}],"smoosh":[{"alt":"チャビー スティック モイスチャライジング リップ カラー バーム","height":1200,"position":0,"src":"/media/export/cms/products/1200x1500/swatches_v3/24_ns_ng.png","type":"image","width":1500}],"xl":null},"out_of_stock_threshold":null,"perlgem":{"SKU_BASE_ID":31767},"preorder_date":null,"prices":[{"currency":"JPY","exclude_tax":{"original_price":2700,"original_price_formatted":"¥2,700","price":2700,"price_formatted":"¥2,700","price_per_unit":900,"price_per_unit_formatted":"¥900 / 1g"},"include_tax":{"original_price":2970,"original_price_formatted":"¥2,970","price":2970,"price_formatted":"¥2,970","price_per_unit":990,"price_per_unit_formatted":"¥990 / 1g"},"is_discounted":false}],"purchase_limit":null,"replenishment":{"message":"Never run low on your favourites. Sign up for Auto-Ship. Learn more >"},"reviews":{"average_rating":null,"number_of_questions":null,"number_of_reviews":null},"set_components":null,"shade_groups":null,"shades":[{"description":"気品あふれるメロンのオレンジ レッド","hex_val":"#c45a5b","image":{"height":null,"src":"","width":null},"name":"04 メガ メロン","smoosh_design":{"group_id":null,"name":"24::none::none"}}],"sizes":[{"key":1,"value":"3g"}],"skin":{"tone":null,"type":[{"key":"dry-skintype","value":"dry_skintype"},{"key":"combination-skintype","value":"combination_skintype"},{"key":"oily-skintype","value":"oily_skintype"},{"key":"normal-skintype","value":"normal_skintype"}],"type_description":null},"sku_badge":null,"sku_badge_image":null,"sku_display_order":3,"sku_id":"749K04","sku_promo_messaging":null,"sku_type":"SE","sku_url":null,"tags":{"total":8,"items":[{"id":"1605","key":"リップスティック","value":"リップスティック"},{"id":"1604","key":"リップライナー","value":"リップライナー"},{"id":"18453","key":"plus1","value":"Plus1"},{"id":"1575","key":"ベストセラー","value":"ベストセラー"},{"id":"16422","key":"セットギフト","value":"セット＆ギフト"},{"id":"22833","key":"3500円税抜以下のおすすめ製品","value":"3500円(税抜)以下のおすすめ製品"},{"id":"1603","key":"リップグロス","value":"リップグロス"},{"id":"25565","key":"justarrivednew","value":"justarrivednew"}]},"texture":null,"undertone":null,"unit_of_measure":"g","unit_size":1,"unit_size_formatted":"1g","upc":"020714445331","vto":{"is_color_experience":null,"is_foundation_experience":null}},{"color_family":[{"key":"pink-color","value":"pink_color"}],"coverage_options":null,"cross_sell":null,"display_status":7,"finish":[{"key":"satin-finish","value":"satin_finish"}],"finish_options":[{"key":"satin-finish","value":"satin_finish"}],"fragrances":[{"family":null,"key":null,"value":null}],"iln_listing":"ヒマシ油・トリ（カプリル酸／カプリン酸）グリセリル・野菜油・キャンデリラロウ・ミツロウ・オゾケライト・シア脂・水添野菜油・ホホバ種子油・トコフェロール・マンゴー種子脂・メドウフォーム油・水添オリーブ油・ヒマワリ種子油　＋／－　酸化チタン・酸化鉄・マイカ・硫酸Ｂａ・黄４・赤２０２・赤２２７・オキシ塩化ビスマス・青１・カルミン・赤２３０（１）・赤１０４（１）・赤２２６・赤２０１・黄５<JILN005182>","iln_version_number":"JILN005182","inventory_status":"Active","is_active":true,"is_coming_soon":null,"is_default_sku":false,"is_discountable":true,"is_displayable":null,"is_engravable":null,"is_fragrance":null,"is_giftable":null,"is_giftwrap":false,"is_inactive":null,"is_multi_shaded":null,"is_out_of_stock":null,"is_preorder":false,"is_preorderable":null,"is_promotional":null,"is_replenishable":false,"is_search_suppressed":null,"is_searchable":true,"is_shaded":null,"is_sized":null,"is_sold_out":null,"is_under_weight_hazmat":false,"is_vto_enabled":null,"life_of_product":"Basic Reorder","material_code":"749K050000","media":{"large":[{"alt":"チャビー スティック モイスチャライジング リップ カラー バーム","height":1200,"position":1,"src":"/media/export/cms/products/1200x1500/cl_sku_749K05_1200x1500_0.png","type":"image","width":1500}],"medium":[{"alt":"チャビー スティック モイスチャライジング リップ カラー バーム","height":600,"position":2,"src":"/media/export/cms/products/600x750/cl_sku_749K05_600x750_0.png","type":"image","width":750}],"model":null,"poster":null,"small":[{"alt":"チャビー スティック モイスチャライジング リップ カラー バーム","height":1200,"position":3,"src":"/media/export/cms/products/1200x1500/cl_sku_749K05_1200x1500_0.png","type":"image","width":1500}],"smoosh":[{"alt":"チャビー スティック モイスチャライジング リップ カラー バーム","height":1200,"position":0,"src":"/media/export/cms/products/1200x1500/swatches_v3/24_ns_ng.png","type":"image","width":1500}],"xl":null},"out_of_stock_threshold":null,"perlgem":{"SKU_BASE_ID":31768},"preorder_date":null,"prices":[{"currency":"JPY","exclude_tax":{"original_price":2700,"original_price_formatted":"¥2,700","price":2700,"price_formatted":"¥2,700","price_per_unit":900,"price_per_unit_formatted":"¥900 / 1g"},"include_tax":{"original_price":2970,"original_price_formatted":"¥2,970","price":2970,"price_formatted":"¥2,970","price_per_unit":990,"price_per_unit_formatted":"¥990 / 1g"},"is_discounted":false}],"purchase_limit":null,"replenishment":{"message":"Never run low on your favourites. Sign up for Auto-Ship. Learn more >"},"reviews":{"average_rating":null,"number_of_questions":null,"number_of_reviews":null},"set_components":null,"shade_groups":null,"shades":[{"description":"チェリーのようにキュートで鮮やかなクリアレッド","hex_val":"#c04156","image":{"height":null,"src":"","width":null},"name":"05 チャンキー チェリー","smoosh_design":{"group_id":null,"name":"24::none::none"}}],"sizes":[{"key":1,"value":"3g"}],"skin":{"tone":null,"type":[{"key":"dry-skintype","value":"dry_skintype"},{"key":"combination-skintype","value":"combination_skintype"},{"key":"oily-skintype","value":"oily_skintype"},{"key":"normal-skintype","value":"normal_skintype"}],"type_description":null},"sku_badge":null,"sku_badge_image":null,"sku_display_order":4,"sku_id":"749K05","sku_promo_messaging":null,"sku_type":"SE","sku_url":null,"tags":{"total":7,"items":[{"id":"1605","key":"リップスティック","value":"リップスティック"},{"id":"1604","key":"リップライナー","value":"リップライナー"},{"id":"18453","key":"plus1","value":"Plus1"},{"id":"1575","key":"ベストセラー","value":"ベストセラー"},{"id":"16422","key":"セットギフト","value":"セット＆ギフト"},{"id":"22833","key":"3500円税抜以下のおすすめ製品","value":"3500円(税抜)以下のおすすめ製品"},{"id":"1603","key":"リップグロス","value":"リップグロス"}]},"texture":null,"undertone":null,"unit_of_measure":"g","unit_size":1,"unit_size_formatted":"1g","upc":"020714445348","vto":{"is_color_experience":null,"is_foundation_experience":null}},{"color_family":[{"key":"pink-color","value":"pink_color"}],"coverage_options":null,"cross_sell":null,"display_status":7,"finish":[{"key":"satin-finish","value":"satin_finish"}],"finish_options":[{"key":"satin-finish","value":"satin_finish"}],"fragrances":[{"family":null,"key":null,"value":null}],"iln_listing":"ヒマシ油・トリ（カプリル酸／カプリン酸）グリセリル・野菜油・キャンデリラロウ・ミツロウ・オゾケライト・シア脂・水添野菜油・ホホバ種子油・トコフェロール・マンゴー種子脂・メドウフォーム油・水添オリーブ油・ヒマワリ種子油　＋／－　酸化チタン・酸化鉄・マイカ・硫酸Ｂａ・黄４・赤２０２・赤２２７・オキシ塩化ビスマス・青１・カルミン・赤２３０（１）・赤１０４（１）・赤２２６・赤２０１・黄５<JILN005182>","iln_version_number":"JILN005182","inventory_status":"Active","is_active":true,"is_coming_soon":null,"is_default_sku":false,"is_discountable":true,"is_displayable":null,"is_engravable":null,"is_fragrance":null,"is_giftable":null,"is_giftwrap":false,"is_inactive":null,"is_multi_shaded":null,"is_out_of_stock":null,"is_preorder":false,"is_preorderable":null,"is_promotional":null,"is_replenishable":false,"is_search_suppressed":null,"is_searchable":true,"is_shaded":null,"is_sized":null,"is_sold_out":null,"is_under_weight_hazmat":false,"is_vto_enabled":null,"life_of_product":"Basic Reorder","material_code":"749K060000","media":{"large":[{"alt":"チャビー スティック モイスチャライジング リップ カラー バーム","height":1200,"position":1,"src":"/media/export/cms/products/1200x1500/cl_sku_749K06_1200x1500_0.png","type":"image","width":1500}],"medium":[{"alt":"チャビー スティック モイスチャライジング リップ カラー バーム","height":600,"position":2,"src":"/media/export/cms/products/600x750/cl_sku_749K06_600x750_0.png","type":"image","width":750}],"model":null,"poster":null,"small":[{"alt":"チャビー スティック モイスチャライジング リップ カラー バーム","height":1200,"position":3,"src":"/media/export/cms/products/1200x1500/cl_sku_749K06_1200x1500_0.png","type":"image","width":1500}],"smoosh":[{"alt":"チャビー スティック モイスチャライジング リップ カラー バーム","height":1200,"position":0,"src":"/media/export/cms/products/1200x1500/swatches_v3/24_ns_ng.png","type":"image","width":1500}],"xl":null},"out_of_stock_threshold":null,"perlgem":{"SKU_BASE_ID":31770},"preorder_date":null,"prices":[{"currency":"JPY","exclude_tax":{"original_price":2700,"original_price_formatted":"¥2,700","price":2700,"price_formatted":"¥2,700","price_per_unit":900,"price_per_unit_formatted":"¥900 / 1g"},"include_tax":{"original_price":2970,"original_price_formatted":"¥2,970","price":2970,"price_formatted":"¥2,970","price_per_unit":990,"price_per_unit_formatted":"¥990 / 1g"},"is_discounted":false}],"purchase_limit":null,"replenishment":{"message":"Never run low on your favourites. Sign up for Auto-Ship. Learn more >"},"reviews":{"average_rating":null,"number_of_questions":null,"number_of_reviews":null},"set_components":null,"shade_groups":null,"shades":[{"description":"みずみずしいスイカのジューシー ピンク","hex_val":"#e17587","image":{"height":null,"src":"","width":null},"name":"06 ウォッピン ウォーターメロン","smoosh_design":{"group_id":null,"name":"24::none::none"}}],"sizes":[{"key":1,"value":"3g"}],"skin":{"tone":null,"type":null,"type_description":null},"sku_badge":null,"sku_badge_image":null,"sku_display_order":5,"sku_id":"749K06","sku_promo_messaging":null,"sku_type":"SE","sku_url":null,"tags":{"total":7,"items":[{"id":"1605","key":"リップスティック","value":"リップスティック"},{"id":"1604","key":"リップライナー","value":"リップライナー"},{"id":"18453","key":"plus1","value":"Plus1"},{"id":"1575","key":"ベストセラー","value":"ベストセラー"},{"id":"16422","key":"セットギフト","value":"セット＆ギフト"},{"id":"22833","key":"3500円税抜以下のおすすめ製品","value":"3500円(税抜)以下のおすすめ製品"},{"id":"1603","key":"リップグロス","value":"リップグロス"}]},"texture":null,"undertone":null,"unit_of_measure":"g","unit_size":1,"unit_size_formatted":"1g","upc":"020714445355","vto":{"is_color_experience":null,"is_foundation_experience":null}},{"color_family":[{"key":"violet-color","value":"violet_color"}],"coverage_options":null,"cross_sell":null,"display_status":7,"finish":[{"key":"satin-finish","value":"satin_finish"}],"finish_options":[{"key":"satin-finish","value":"satin_finish"}],"fragrances":[{"family":null,"key":null,"value":null}],"iln_listing":"ヒマシ油・トリ（カプリル酸／カプリン酸）グリセリル・野菜油・キャンデリラロウ・ミツロウ・オゾケライト・シア脂・水添野菜油・ホホバ種子油・トコフェロール・マンゴー種子脂・メドウフォーム油・水添オリーブ油・ヒマワリ種子油　＋／－　酸化チタン・酸化鉄・マイカ・硫酸Ｂａ・黄４・赤２０２・赤２２７・オキシ塩化ビスマス・青１・カルミン・赤２３０（１）・赤１０４（１）・赤２２６・赤２０１・黄５<JILN005182>","iln_version_number":"JILN005182","inventory_status":"Active","is_active":true,"is_coming_soon":null,"is_default_sku":false,"is_discountable":true,"is_displayable":null,"is_engravable":null,"is_fragrance":null,"is_giftable":null,"is_giftwrap":false,"is_inactive":null,"is_multi_shaded":null,"is_out_of_stock":null,"is_preorder":false,"is_preorderable":null,"is_promotional":null,"is_replenishable":false,"is_search_suppressed":null,"is_searchable":true,"is_shaded":null,"is_sized":null,"is_sold_out":null,"is_under_weight_hazmat":false,"is_vto_enabled":null,"life_of_product":"Basic Reorder","material_code":"749K070000","media":{"large":[{"alt":"チャビー スティック モイスチャライジング リップ カラー バーム","height":1200,"position":1,"src":"/media/export/cms/products/1200x1500/cl_sku_749K07_1200x1500_0.png","type":"image","width":1500}],"medium":[{"alt":"チャビー スティック モイスチャライジング リップ カラー バーム","height":600,"position":2,"src":"/media/export/cms/products/600x750/cl_sku_749K07_600x750_0.png","type":"image","width":750}],"model":null,"poster":null,"small":[{"alt":"チャビー スティック モイスチャライジング リップ カラー バーム","height":1200,"position":3,"src":"/media/export/cms/products/1200x1500/cl_sku_749K07_1200x1500_0.png","type":"image","width":1500}],"smoosh":[{"alt":"チャビー スティック モイスチャライジング リップ カラー バーム","height":1200,"position":0,"src":"/media/export/cms/products/1200x1500/swatches_v3/24_ns_ng.png","type":"image","width":1500}],"xl":null},"out_of_stock_threshold":null,"perlgem":{"SKU_BASE_ID":31773},"preorder_date":null,"prices":[{"currency":"JPY","exclude_tax":{"original_price":2700,"original_price_formatted":"¥2,700","price":2700,"price_formatted":"¥2,700","price_per_unit":900,"price_per_unit_formatted":"¥900 / 1g"},"include_tax":{"original_price":2970,"original_price_formatted":"¥2,970","price":2970,"price_formatted":"¥2,970","price_per_unit":990,"price_per_unit_formatted":"¥990 / 1g"},"is_discounted":false}],"purchase_limit":null,"replenishment":{"message":"Never run low on your favourites. Sign up for Auto-Ship. Learn more >"},"reviews":{"average_rating":null,"number_of_questions":null,"number_of_reviews":null},"set_components":null,"shade_groups":null,"shades":[{"description":"愛らしいイチゴのベリー レッド","hex_val":"#b1515d","image":{"height":null,"src":"","width":null},"name":"07 スーパー ストロベリー","smoosh_design":{"group_id":null,"name":"24::none::none"}}],"sizes":[{"key":1,"value":"3g"}],"skin":{"tone":null,"type":null,"type_description":null},"sku_badge":null,"sku_badge_image":null,"sku_display_order":6,"sku_id":"749K07","sku_promo_messaging":null,"sku_type":"SE","sku_url":null,"tags":{"total":7,"items":[{"id":"1605","key":"リップスティック","value":"リップスティック"},{"id":"1604","key":"リップライナー","value":"リップライナー"},{"id":"18453","key":"plus1","value":"Plus1"},{"id":"1575","key":"ベストセラー","value":"ベストセラー"},{"id":"16422","key":"セットギフト","value":"セット＆ギフト"},{"id":"22833","key":"3500円税抜以下のおすすめ製品","value":"3500円(税抜)以下のおすすめ製品"},{"id":"1603","key":"リップグロス","value":"リップグロス"}]},"texture":null,"undertone":null,"unit_of_measure":"g","unit_size":1,"unit_size_formatted":"1g","upc":"020714463717","vto":{"is_color_experience":null,"is_foundation_experience":null}},{"color_family":[{"key":"violet-color","value":"violet_color"}],"coverage_options":null,"cross_sell":null,"display_status":7,"finish":[{"key":"satin-finish","value":"satin_finish"}],"finish_options":[{"key":"satin-finish","value":"satin_finish"}],"fragrances":[{"family":null,"key":null,"value":null}],"iln_listing":"ヒマシ油・トリ（カプリル酸／カプリン酸）グリセリル・野菜油・キャンデリラロウ・ミツロウ・オゾケライト・シア脂・水添野菜油・ホホバ種子油・トコフェロール・マンゴー種子脂・メドウフォーム油・水添オリーブ油・ヒマワリ種子油　＋／－　酸化チタン・酸化鉄・マイカ・硫酸Ｂａ・黄４・赤２０２・赤２２７・オキシ塩化ビスマス・青１・カルミン・赤２３０（１）・赤１０４（１）・赤２２６・赤２０１・黄５<JILN005182>","iln_version_number":"JILN005182","inventory_status":"Active","is_active":true,"is_coming_soon":null,"is_default_sku":false,"is_discountable":true,"is_displayable":null,"is_engravable":null,"is_fragrance":null,"is_giftable":null,"is_giftwrap":false,"is_inactive":null,"is_multi_shaded":null,"is_out_of_stock":null,"is_preorder":false,"is_preorderable":null,"is_promotional":null,"is_replenishable":false,"is_search_suppressed":null,"is_searchable":true,"is_shaded":null,"is_sized":null,"is_sold_out":null,"is_under_weight_hazmat":false,"is_vto_enabled":null,"life_of_product":"Basic Reorder","material_code":"749K080000","media":{"large":[{"alt":"チャビー スティック モイスチャライジング リップ カラー バーム","height":1200,"position":1,"src":"/media/export/cms/products/1200x1500/cl_sku_749K08_1200x1500_0.png","type":"image","width":1500}],"medium":[{"alt":"チャビー スティック モイスチャライジング リップ カラー バーム","height":600,"position":2,"src":"/media/export/cms/products/600x750/cl_sku_749K08_600x750_0.png","type":"image","width":750}],"model":null,"poster":null,"small":[{"alt":"チャビー スティック モイスチャライジング リップ カラー バーム","height":1200,"position":3,"src":"/media/export/cms/products/1200x1500/cl_sku_749K08_1200x1500_0.png","type":"image","width":1500}],"smoosh":[{"alt":"チャビー スティック モイスチャライジング リップ カラー バーム","height":1200,"position":0,"src":"/media/export/cms/products/1200x1500/swatches_v3/24_ns_ng.png","type":"image","width":1500}],"xl":null},"out_of_stock_threshold":null,"perlgem":{"SKU_BASE_ID":31774},"preorder_date":null,"prices":[{"currency":"JPY","exclude_tax":{"original_price":2700,"original_price_formatted":"¥2,700","price":2700,"price_formatted":"¥2,700","price_per_unit":900,"price_per_unit_formatted":"¥900 / 1g"},"include_tax":{"original_price":2970,"original_price_formatted":"¥2,970","price":2970,"price_formatted":"¥2,970","price_per_unit":990,"price_per_unit_formatted":"¥990 / 1g"},"is_discounted":false}],"purchase_limit":null,"replenishment":{"message":"Never run low on your favourites. Sign up for Auto-Ship. Learn more >"},"reviews":{"average_rating":null,"number_of_questions":null,"number_of_reviews":null},"set_components":null,"shade_groups":null,"shades":[{"description":"巨峰のように気品あふれるヌーディーなモーヴベージュ","hex_val":"#954b57","image":{"height":null,"src":"","width":null},"name":"08 グレープド アップ","smoosh_design":{"group_id":null,"name":"24::none::none"}}],"sizes":[{"key":1,"value":"3g"}],"skin":{"tone":null,"type":null,"type_description":null},"sku_badge":null,"sku_badge_image":null,"sku_display_order":7,"sku_id":"749K08","sku_promo_messaging":null,"sku_type":"SE","sku_url":null,"tags":{"total":7,"items":[{"id":"1605","key":"リップスティック","value":"リップスティック"},{"id":"1604","key":"リップライナー","value":"リップライナー"},{"id":"18453","key":"plus1","value":"Plus1"},{"id":"1575","key":"ベストセラー","value":"ベストセラー"},{"id":"16422","key":"セットギフト","value":"セット＆ギフト"},{"id":"22833","key":"3500円税抜以下のおすすめ製品","value":"3500円(税抜)以下のおすすめ製品"},{"id":"1603","key":"リップグロス","value":"リップグロス"}]},"texture":null,"undertone":null,"unit_of_measure":"g","unit_size":1,"unit_size_formatted":"1g","upc":"020714463724","vto":{"is_color_experience":null,"is_foundation_experience":null}},{"color_family":[{"key":"nude-color","value":"nude_color"}],"coverage_options":null,"cross_sell":null,"display_status":7,"finish":[{"key":"satin-finish","value":"satin_finish"}],"finish_options":[{"key":"satin-finish","value":"satin_finish"}],"fragrances":[{"family":null,"key":null,"value":null}],"iln_listing":"ヒマシ油・トリ（カプリル酸／カプリン酸）グリセリル・野菜油・キャンデリラロウ・ミツロウ・オゾケライト・シア脂・水添野菜油・ホホバ種子油・トコフェロール・マンゴー種子脂・メドウフォーム油・水添オリーブ油・ヒマワリ種子油　＋／－　酸化チタン・マイカ・黄４・赤１０４（１）・硫酸Ｂａ・タルク・赤２０２・酸化鉄・赤２２６・赤２２７・赤２０１・青１・赤２３０（１）・カルミン・オキシ塩化ビスマス・黄５<JILN005628>","iln_version_number":"JILN005628","inventory_status":"Active","is_active":true,"is_coming_soon":null,"is_default_sku":false,"is_discountable":true,"is_displayable":null,"is_engravable":null,"is_fragrance":null,"is_giftable":null,"is_giftwrap":false,"is_inactive":null,"is_multi_shaded":null,"is_out_of_stock":null,"is_preorder":false,"is_preorderable":null,"is_promotional":null,"is_replenishable":false,"is_search_suppressed":null,"is_searchable":true,"is_shaded":null,"is_sized":null,"is_sold_out":null,"is_under_weight_hazmat":false,"is_vto_enabled":null,"life_of_product":"Basic Reorder","material_code":"749K090001","media":{"large":[{"alt":"チャビー スティック モイスチャライジング リップ カラー バーム","height":1200,"position":1,"src":"/media/export/cms/products/1200x1500/cl_sku_749K09_1200x1500_0.png","type":"image","width":1500}],"medium":[{"alt":"チャビー スティック モイスチャライジング リップ カラー バーム","height":600,"position":2,"src":"/media/export/cms/products/600x750/cl_sku_749K09_600x750_0.png","type":"image","width":750}],"model":null,"poster":null,"small":[{"alt":"チャビー スティック モイスチャライジング リップ カラー バーム","height":1200,"position":3,"src":"/media/export/cms/products/1200x1500/cl_sku_749K09_1200x1500_0.png","type":"image","width":1500}],"smoosh":[{"alt":"チャビー スティック モイスチャライジング リップ カラー バーム","height":1200,"position":0,"src":"/media/export/cms/products/1200x1500/swatches_v3/24_ns_ng.png","type":"image","width":1500}],"xl":null},"out_of_stock_threshold":null,"perlgem":{"SKU_BASE_ID":43058},"preorder_date":null,"prices":[{"currency":"JPY","exclude_tax":{"original_price":2700,"original_price_formatted":"¥2,700","price":2700,"price_formatted":"¥2,700","price_per_unit":null,"price_per_unit_formatted":""},"include_tax":{"original_price":2970,"original_price_formatted":"¥2,970","price":2970,"price_formatted":"¥2,970","price_per_unit":null,"price_per_unit_formatted":""},"is_discounted":false}],"purchase_limit":null,"replenishment":{"message":"Never run low on your favourites. Sign up for Auto-Ship. Learn more >"},"reviews":{"average_rating":null,"number_of_questions":null,"number_of_reviews":null},"set_components":null,"shade_groups":null,"shades":[{"description":"ヘーゼルナッツのようなヘルシー ベージュ","hex_val":"#b76f69","image":{"height":null,"src":"","width":null},"name":"09 ヒーピング　ヘーゼルナッツ","smoosh_design":{"group_id":null,"name":"24::none::none"}}],"sizes":[{"key":1,"value":"3g"}],"skin":{"tone":null,"type":null,"type_description":null},"sku_badge":null,"sku_badge_image":null,"sku_display_order":8,"sku_id":"749K09","sku_promo_messaging":null,"sku_type":"SE","sku_url":null,"tags":{"total":6,"items":[{"id":"1605","key":"リップスティック","value":"リップスティック"},{"id":"18453","key":"plus1","value":"Plus1"},{"id":"1575","key":"ベストセラー","value":"ベストセラー"},{"id":"16422","key":"セットギフト","value":"セット＆ギフト"},{"id":"22833","key":"3500円税抜以下のおすすめ製品","value":"3500円(税抜)以下のおすすめ製品"},{"id":"1603","key":"リップグロス","value":"リップグロス"}]},"texture":null,"undertone":null,"unit_of_measure":null,"unit_size":null,"unit_size_formatted":null,"upc":"020714568818","vto":{"is_color_experience":null,"is_foundation_experience":null}},{"color_family":[{"key":"nude-color","value":"nude_color"}],"coverage_options":null,"cross_sell":null,"display_status":7,"finish":[{"key":"satin-finish","value":"satin_finish"}],"finish_options":[{"key":"satin-finish","value":"satin_finish"}],"fragrances":[{"family":null,"key":null,"value":null}],"iln_listing":"ヒマシ油・トリ（カプリル酸／カプリン酸）グリセリル・野菜油・キャンデリラロウ・ミツロウ・オゾケライト・シア脂・水添野菜油・ホホバ種子油・トコフェロール・マンゴー種子脂・メドウフォーム油・水添オリーブ油・ヒマワリ種子油　＋／－　酸化チタン・マイカ・黄４・赤１０４（１）・硫酸Ｂａ・タルク・赤２０２・酸化鉄・赤２２６・赤２２７・赤２０１・青１・赤２３０（１）・カルミン・オキシ塩化ビスマス・黄５<JILN005628>","iln_version_number":"JILN005628","inventory_status":"Active","is_active":true,"is_coming_soon":null,"is_default_sku":false,"is_discountable":true,"is_displayable":null,"is_engravable":null,"is_fragrance":null,"is_giftable":null,"is_giftwrap":false,"is_inactive":null,"is_multi_shaded":null,"is_out_of_stock":null,"is_preorder":false,"is_preorderable":null,"is_promotional":null,"is_replenishable":false,"is_search_suppressed":null,"is_searchable":true,"is_shaded":null,"is_sized":null,"is_sold_out":null,"is_under_weight_hazmat":false,"is_vto_enabled":null,"life_of_product":"Basic Reorder","material_code":"749K100001","media":{"large":[{"alt":"チャビー スティック モイスチャライジング リップ カラー バーム","height":1200,"position":1,"src":"/media/export/cms/products/1200x1500/cl_sku_749K10_1200x1500_0.png","type":"image","width":1500}],"medium":[{"alt":"チャビー スティック モイスチャライジング リップ カラー バーム","height":600,"position":2,"src":"/media/export/cms/products/600x750/cl_sku_749K10_600x750_0.png","type":"image","width":750}],"model":null,"poster":null,"small":[{"alt":"チャビー スティック モイスチャライジング リップ カラー バーム","height":1200,"position":3,"src":"/media/export/cms/products/1200x1500/cl_sku_749K10_1200x1500_0.png","type":"image","width":1500}],"smoosh":[{"alt":"チャビー スティック モイスチャライジング リップ カラー バーム","height":1200,"position":0,"src":"/media/export/cms/products/1200x1500/swatches_v3/24_ns_ng.png","type":"image","width":1500}],"xl":null},"out_of_stock_threshold":null,"perlgem":{"SKU_BASE_ID":43065},"preorder_date":null,"prices":[{"currency":"JPY","exclude_tax":{"original_price":2700,"original_price_formatted":"¥2,700","price":2700,"price_formatted":"¥2,700","price_per_unit":null,"price_per_unit_formatted":""},"include_tax":{"original_price":2970,"original_price_formatted":"¥2,970","price":2970,"price_formatted":"¥2,970","price_per_unit":null,"price_per_unit_formatted":""},"is_discounted":false}],"purchase_limit":null,"replenishment":{"message":"Never run low on your favourites. Sign up for Auto-Ship. Learn more >"},"reviews":{"average_rating":null,"number_of_questions":null,"number_of_reviews":null},"set_components":null,"shade_groups":null,"shades":[{"description":"穏やかで優しい顔に見せてくれるモーヴ ピンク","hex_val":"#984d50","image":{"height":null,"src":"","width":null},"name":"10 バウンティフル　ブラッシュ","smoosh_design":{"group_id":null,"name":"24::none::none"}}],"sizes":[{"key":1,"value":"3g"}],"skin":{"tone":null,"type":null,"type_description":null},"sku_badge":null,"sku_badge_image":null,"sku_display_order":9,"sku_id":"749K10","sku_promo_messaging":null,"sku_type":"SE","sku_url":null,"tags":{"total":6,"items":[{"id":"1605","key":"リップスティック","value":"リップスティック"},{"id":"18453","key":"plus1","value":"Plus1"},{"id":"1575","key":"ベストセラー","value":"ベストセラー"},{"id":"16422","key":"セットギフト","value":"セット＆ギフト"},{"id":"22833","key":"3500円税抜以下のおすすめ製品","value":"3500円(税抜)以下のおすすめ製品"},{"id":"1603","key":"リップグロス","value":"リップグロス"}]},"texture":null,"undertone":null,"unit_of_measure":null,"unit_size":null,"unit_size_formatted":null,"upc":"020714568825","vto":{"is_color_experience":null,"is_foundation_experience":null}},{"color_family":[{"key":"red-color","value":"red_color"}],"coverage_options":null,"cross_sell":null,"display_status":7,"finish":[{"key":"satin-finish","value":"satin_finish"}],"finish_options":[{"key":"satin-finish","value":"satin_finish"}],"fragrances":[{"family":null,"key":null,"value":null}],"iln_listing":"ヒマシ油・トリ（カプリル酸／カプリン酸）グリセリル・野菜油・キャンデリラロウ・ミツロウ・オゾケライト・シア脂・水添野菜油・ホホバ種子油・トコフェロール・マンゴー種子脂・メドウフォーム油・水添オリーブ油・ヒマワリ種子油　＋／－　酸化チタン・マイカ・黄４・赤１０４（１）・硫酸Ｂａ・タルク・赤２０２・酸化鉄・赤２２６・赤２２７・赤２０１・青１・赤２３０（１）・カルミン・オキシ塩化ビスマス・黄５<JILN005628>","iln_version_number":"JILN005628","inventory_status":"Active","is_active":true,"is_coming_soon":null,"is_default_sku":false,"is_discountable":true,"is_displayable":null,"is_engravable":null,"is_fragrance":null,"is_giftable":null,"is_giftwrap":false,"is_inactive":null,"is_multi_shaded":null,"is_out_of_stock":null,"is_preorder":false,"is_preorderable":null,"is_promotional":null,"is_replenishable":false,"is_search_suppressed":null,"is_searchable":true,"is_shaded":null,"is_sized":null,"is_sold_out":null,"is_under_weight_hazmat":false,"is_vto_enabled":null,"life_of_product":"Basic Reorder","material_code":"749K110001","media":{"large":[{"alt":"チャビー スティック モイスチャライジング リップ カラー バーム","height":1200,"position":1,"src":"/media/export/cms/products/1200x1500/cl_sku_749K11_1200x1500_0.png","type":"image","width":1500}],"medium":[{"alt":"チャビー スティック モイスチャライジング リップ カラー バーム","height":600,"position":2,"src":"/media/export/cms/products/600x750/cl_sku_749K11_600x750_0.png","type":"image","width":750}],"model":null,"poster":null,"small":[{"alt":"チャビー スティック モイスチャライジング リップ カラー バーム","height":1200,"position":3,"src":"/media/export/cms/products/1200x1500/cl_sku_749K11_1200x1500_0.png","type":"image","width":1500}],"smoosh":[{"alt":"チャビー スティック モイスチャライジング リップ カラー バーム","height":1200,"position":0,"src":"/media/export/cms/products/1200x1500/swatches_v3/24_ns_ng.png","type":"image","width":1500}],"xl":null},"out_of_stock_threshold":null,"perlgem":{"SKU_BASE_ID":43064},"preorder_date":null,"prices":[{"currency":"JPY","exclude_tax":{"original_price":2700,"original_price_formatted":"¥2,700","price":2700,"price_formatted":"¥2,700","price_per_unit":null,"price_per_unit_formatted":""},"include_tax":{"original_price":2970,"original_price_formatted":"¥2,970","price":2970,"price_formatted":"¥2,970","price_per_unit":null,"price_per_unit_formatted":""},"is_discounted":false}],"purchase_limit":null,"replenishment":{"message":"Never run low on your favourites. Sign up for Auto-Ship. Learn more >"},"reviews":{"average_rating":null,"number_of_questions":null,"number_of_reviews":null},"set_components":null,"shade_groups":null,"shades":[{"description":"熟したトマトのようなブライト レッド","hex_val":"#ce1f1d","image":{"height":null,"src":"","width":null},"name":"11 ツー　トン　トマト","smoosh_design":{"group_id":null,"name":"24::none::none"}}],"sizes":[{"key":1,"value":"3g"}],"skin":{"tone":null,"type":null,"type_description":null},"sku_badge":null,"sku_badge_image":null,"sku_display_order":10,"sku_id":"749K11","sku_promo_messaging":null,"sku_type":"SE","sku_url":null,"tags":{"total":7,"items":[{"id":"1605","key":"リップスティック","value":"リップスティック"},{"id":"18453","key":"plus1","value":"Plus1"},{"id":"1590","key":"last-chance","value":"Last Chance"},{"id":"1575","key":"ベストセラー","value":"ベストセラー"},{"id":"16422","key":"セットギフト","value":"セット＆ギフト"},{"id":"22833","key":"3500円税抜以下のおすすめ製品","value":"3500円(税抜)以下のおすすめ製品"},{"id":"1603","key":"リップグロス","value":"リップグロス"}]},"texture":null,"undertone":null,"unit_of_measure":null,"unit_size":null,"unit_size_formatted":null,"upc":"020714568832","vto":{"is_color_experience":null,"is_foundation_experience":null}},{"color_family":[{"key":"pink-color","value":"pink_color"}],"coverage_options":null,"cross_sell":null,"display_status":7,"finish":[{"key":"satin-finish","value":"satin_finish"}],"finish_options":[{"key":"satin-finish","value":"satin_finish"}],"fragrances":[{"family":null,"key":null,"value":null}],"iln_listing":"ヒマシ油・トリ（カプリル酸／カプリン酸）グリセリル・野菜油・キャンデリラロウ・ミツロウ・オゾケライト・シア脂・水添野菜油・ホホバ種子油・トコフェロール・マンゴー種子脂・メドウフォーム油・水添オリーブ油・ヒマワリ種子油　＋／－　酸化チタン・マイカ・黄４・赤１０４（１）・硫酸Ｂａ・タルク・赤２０２・酸化鉄・赤２２６・赤２２７・赤２０１・青１・赤２３０（１）・カルミン・オキシ塩化ビスマス・黄５<JILN005628>","iln_version_number":"JILN005628","inventory_status":"Active","is_active":true,"is_coming_soon":null,"is_default_sku":false,"is_discountable":true,"is_displayable":null,"is_engravable":null,"is_fragrance":null,"is_giftable":null,"is_giftwrap":false,"is_inactive":null,"is_multi_shaded":null,"is_out_of_stock":null,"is_preorder":false,"is_preorderable":null,"is_promotional":null,"is_replenishable":false,"is_search_suppressed":null,"is_searchable":true,"is_shaded":null,"is_sized":null,"is_sold_out":null,"is_under_weight_hazmat":false,"is_vto_enabled":null,"life_of_product":"Basic Reorder","material_code":"749K130001","media":{"large":[{"alt":"チャビー スティック モイスチャライジング リップ カラー バーム","height":1200,"position":1,"src":"/media/export/cms/products/1200x1500/cl_sku_749K13_1200x1500_0.png","type":"image","width":1500}],"medium":[{"alt":"チャビー スティック モイスチャライジング リップ カラー バーム","height":600,"position":2,"src":"/media/export/cms/products/600x750/cl_sku_749K13_600x750_0.png","type":"image","width":750}],"model":null,"poster":null,"small":[{"alt":"チャビー スティック モイスチャライジング リップ カラー バーム","height":1200,"position":3,"src":"/media/export/cms/products/1200x1500/cl_sku_749K13_1200x1500_0.png","type":"image","width":1500}],"smoosh":[{"alt":"チャビー スティック モイスチャライジング リップ カラー バーム","height":1200,"position":0,"src":"/media/export/cms/products/1200x1500/swatches_v3/24_ns_ng.png","type":"image","width":1500}],"xl":null},"out_of_stock_threshold":null,"perlgem":{"SKU_BASE_ID":43060},"preorder_date":null,"prices":[{"currency":"JPY","exclude_tax":{"original_price":2700,"original_price_formatted":"¥2,700","price":2700,"price_formatted":"¥2,700","price_per_unit":null,"price_per_unit_formatted":""},"include_tax":{"original_price":2970,"original_price_formatted":"¥2,970","price":2970,"price_formatted":"¥2,970","price_per_unit":null,"price_per_unit_formatted":""},"is_discounted":false}],"purchase_limit":null,"replenishment":{"message":"Never run low on your favourites. Sign up for Auto-Ship. Learn more >"},"reviews":{"average_rating":null,"number_of_questions":null,"number_of_reviews":null},"set_components":null,"shade_groups":null,"shades":[{"description":"可憐に咲く赤ミモザに似たパウダー ピンク","hex_val":"#e3727c","image":{"height":null,"src":"","width":null},"name":"13 マイティ　ミモザ","smoosh_design":{"group_id":null,"name":"24::none::none"}}],"sizes":[{"key":1,"value":"3g"}],"skin":{"tone":null,"type":null,"type_description":null},"sku_badge":null,"sku_badge_image":null,"sku_display_order":12,"sku_id":"749K13","sku_promo_messaging":null,"sku_type":"SE","sku_url":null,"tags":{"total":6,"items":[{"id":"1605","key":"リップスティック","value":"リップスティック"},{"id":"18453","key":"plus1","value":"Plus1"},{"id":"1575","key":"ベストセラー","value":"ベストセラー"},{"id":"16422","key":"セットギフト","value":"セット＆ギフト"},{"id":"22833","key":"3500円税抜以下のおすすめ製品","value":"3500円(税抜)以下のおすすめ製品"},{"id":"1603","key":"リップグロス","value":"リップグロス"}]},"texture":null,"undertone":null,"unit_of_measure":null,"unit_size":null,"unit_size_formatted":null,"upc":"020714568856","vto":{"is_color_experience":null,"is_foundation_experience":null}},{"color_family":[{"key":"pink-color","value":"pink_color"}],"coverage_options":null,"cross_sell":null,"display_status":7,"finish":[{"key":"satin-finish","value":"satin_finish"}],"finish_options":[{"key":"satin-finish","value":"satin_finish"}],"fragrances":[{"family":null,"key":null,"value":null}],"iln_listing":"ヒマシ油・トリ（カプリル酸／カプリン酸）グリセリル・野菜油・キャンデリラロウ・ミツロウ・オゾケライト・シア脂・水添野菜油・ホホバ種子油・トコフェロール・マンゴー種子脂・メドウフォーム油・水添オリーブ油・ヒマワリ種子油　＋／－　酸化チタン・マイカ・黄４・赤１０４（１）・硫酸Ｂａ・タルク・赤２０２・酸化鉄・赤２２６・赤２２７・赤２０１・青１・赤２３０（１）・カルミン・オキシ塩化ビスマス・黄５<JILN005628>","iln_version_number":"JILN005628","inventory_status":"Active","is_active":true,"is_coming_soon":null,"is_default_sku":false,"is_discountable":true,"is_displayable":null,"is_engravable":null,"is_fragrance":null,"is_giftable":null,"is_giftwrap":false,"is_inactive":null,"is_multi_shaded":null,"is_out_of_stock":null,"is_preorder":false,"is_preorderable":null,"is_promotional":null,"is_replenishable":false,"is_search_suppressed":null,"is_searchable":true,"is_shaded":null,"is_sized":null,"is_sold_out":null,"is_under_weight_hazmat":false,"is_vto_enabled":null,"life_of_product":"Basic Reorder","material_code":"749K140001","media":{"large":[{"alt":"チャビー スティック モイスチャライジング リップ カラー バーム","height":1200,"position":1,"src":"/media/export/cms/products/1200x1500/cl_sku_749K14_1200x1500_0.png","type":"image","width":1500}],"medium":[{"alt":"チャビー スティック モイスチャライジング リップ カラー バーム","height":600,"position":2,"src":"/media/export/cms/products/600x750/cl_sku_749K14_600x750_0.png","type":"image","width":750}],"model":null,"poster":null,"small":[{"alt":"チャビー スティック モイスチャライジング リップ カラー バーム","height":1200,"position":3,"src":"/media/export/cms/products/1200x1500/cl_sku_749K14_1200x1500_0.png","type":"image","width":1500}],"smoosh":[{"alt":"チャビー スティック モイスチャライジング リップ カラー バーム","height":1200,"position":0,"src":"/media/export/cms/products/1200x1500/swatches_v3/24_ns_ng.png","type":"image","width":1500}],"xl":null},"out_of_stock_threshold":null,"perlgem":{"SKU_BASE_ID":43062},"preorder_date":null,"prices":[{"currency":"JPY","exclude_tax":{"original_price":2700,"original_price_formatted":"¥2,700","price":2700,"price_formatted":"¥2,700","price_per_unit":null,"price_per_unit_formatted":""},"include_tax":{"original_price":2970,"original_price_formatted":"¥2,970","price":2970,"price_formatted":"¥2,970","price_per_unit":null,"price_per_unit_formatted":""},"is_discounted":false}],"purchase_limit":null,"replenishment":{"message":"Never run low on your favourites. Sign up for Auto-Ship. Learn more >"},"reviews":{"average_rating":null,"number_of_questions":null,"number_of_reviews":null},"set_components":null,"shade_groups":null,"shades":[{"description":"ポップでスウィートなコーラル ピンク","hex_val":"#e76477","image":{"height":null,"src":"","width":null},"name":"14 カーヴィー　キャンディ","smoosh_design":{"group_id":null,"name":"24::none::none"}}],"sizes":[{"key":1,"value":"3g"}],"skin":{"tone":null,"type":null,"type_description":null},"sku_badge":null,"sku_badge_image":null,"sku_display_order":13,"sku_id":"749K14","sku_promo_messaging":null,"sku_type":"SE","sku_url":null,"tags":{"total":6,"items":[{"id":"1605","key":"リップスティック","value":"リップスティック"},{"id":"18453","key":"plus1","value":"Plus1"},{"id":"1575","key":"ベストセラー","value":"ベストセラー"},{"id":"16422","key":"セットギフト","value":"セット＆ギフト"},{"id":"22833","key":"3500円税抜以下のおすすめ製品","value":"3500円(税抜)以下のおすすめ製品"},{"id":"1603","key":"リップグロス","value":"リップグロス"}]},"texture":null,"undertone":null,"unit_of_measure":null,"unit_size":null,"unit_size_formatted":null,"upc":"020714568863","vto":{"is_color_experience":null,"is_foundation_experience":null}},{"color_family":[{"key":"violet-color","value":"violet_color"}],"coverage_options":null,"cross_sell":null,"display_status":7,"finish":[{"key":"satin-finish","value":"satin_finish"}],"finish_options":[{"key":"satin-finish","value":"satin_finish"}],"fragrances":[{"family":null,"key":null,"value":null}],"iln_listing":"ヒマシ油・トリ（カプリル酸／カプリン酸）グリセリル・野菜油・キャンデリラロウ・ミツロウ・オゾケライト・シア脂・水添野菜油・ホホバ種子油・トコフェロール・マンゴー種子脂・メドウフォーム油・水添オリーブ油・ヒマワリ種子油　＋／－　酸化チタン・マイカ・黄４・赤１０４（１）・硫酸Ｂａ・タルク・赤２０２・酸化鉄・赤２２６・赤２２７・赤２０１・青１・赤２３０（１）・カルミン・オキシ塩化ビスマス・黄５<JILN005628>","iln_version_number":"JILN005628","inventory_status":"Active","is_active":true,"is_coming_soon":null,"is_default_sku":false,"is_discountable":true,"is_displayable":null,"is_engravable":null,"is_fragrance":null,"is_giftable":null,"is_giftwrap":false,"is_inactive":null,"is_multi_shaded":null,"is_out_of_stock":null,"is_preorder":false,"is_preorderable":null,"is_promotional":null,"is_replenishable":false,"is_search_suppressed":null,"is_searchable":true,"is_shaded":null,"is_sized":null,"is_sold_out":null,"is_under_weight_hazmat":false,"is_vto_enabled":null,"life_of_product":"Basic Reorder","material_code":"749K160001","media":{"large":[{"alt":"チャビー スティック モイスチャライジング リップ カラー バーム","height":1200,"position":1,"src":"/media/export/cms/products/1200x1500/cl_sku_749K16_1200x1500_0.png","type":"image","width":1500}],"medium":[{"alt":"チャビー スティック モイスチャライジング リップ カラー バーム","height":600,"position":2,"src":"/media/export/cms/products/600x750/cl_sku_749K16_600x750_0.png","type":"image","width":750}],"model":null,"poster":null,"small":[{"alt":"チャビー スティック モイスチャライジング リップ カラー バーム","height":1200,"position":3,"src":"/media/export/cms/products/1200x1500/cl_sku_749K16_1200x1500_0.png","type":"image","width":1500}],"smoosh":[{"alt":"チャビー スティック モイスチャライジング リップ カラー バーム","height":1200,"position":0,"src":"/media/export/cms/products/1200x1500/swatches_v3/24_ns_ng.png","type":"image","width":1500}],"xl":null},"out_of_stock_threshold":null,"perlgem":{"SKU_BASE_ID":43059},"preorder_date":null,"prices":[{"currency":"JPY","exclude_tax":{"original_price":2700,"original_price_formatted":"¥2,700","price":2700,"price_formatted":"¥2,700","price_per_unit":null,"price_per_unit_formatted":""},"include_tax":{"original_price":2970,"original_price_formatted":"¥2,970","price":2970,"price_formatted":"¥2,970","price_per_unit":null,"price_per_unit_formatted":""},"is_discounted":false}],"purchase_limit":null,"replenishment":{"message":"Never run low on your favourites. Sign up for Auto-Ship. Learn more >"},"reviews":{"average_rating":null,"number_of_questions":null,"number_of_reviews":null},"set_components":null,"shade_groups":null,"shades":[{"description":"情熱的で甘美なクリア バイオレット","hex_val":"#8f3851","image":{"height":null,"src":"","width":null},"name":"16 ボラプチャス　バイオレット","smoosh_design":{"group_id":null,"name":"24::none::none"}}],"sizes":[{"key":1,"value":"3g"}],"skin":{"tone":null,"type":null,"type_description":null},"sku_badge":null,"sku_badge_image":null,"sku_display_order":15,"sku_id":"749K16","sku_promo_messaging":null,"sku_type":"SE","sku_url":null,"tags":{"total":6,"items":[{"id":"1605","key":"リップスティック","value":"リップスティック"},{"id":"18453","key":"plus1","value":"Plus1"},{"id":"1575","key":"ベストセラー","value":"ベストセラー"},{"id":"16422","key":"セットギフト","value":"セット＆ギフト"},{"id":"22833","key":"3500円税抜以下のおすすめ製品","value":"3500円(税抜)以下のおすすめ製品"},{"id":"1603","key":"リップグロス","value":"リップグロス"}]},"texture":null,"undertone":null,"unit_of_measure":null,"unit_size":null,"unit_size_formatted":null,"upc":"020714575748","vto":{"is_color_experience":null,"is_foundation_experience":null}}]},"sub_display_name":"チャビー スティック モイスチャライジング リップ カラー バーム","sub_header":null,"tags":{"total":8,"items":[{"id":"1605","key":"リップスティック","parent_tag_id":"1592","product_display_order":31,"value":"リップスティック"},{"id":"1604","key":"リップライナー","parent_tag_id":"1592","product_display_order":2,"value":"リップライナー"},{"id":"18453","key":"plus1","parent_tag_id":null,"product_display_order":6,"value":"Plus1"},{"id":"1590","key":"last-chance","parent_tag_id":null,"product_display_order":48,"value":"Last Chance"},{"id":"1575","key":"ベストセラー","parent_tag_id":null,"product_display_order":73,"value":"ベストセラー"},{"id":"22833","key":"3500円税抜以下のおすすめ製品","parent_tag_id":"1000020","product_display_order":17,"value":"3500円(税抜)以下のおすすめ製品"},{"id":"1603","key":"リップグロス","parent_tag_id":"1592","product_display_order":13,"value":"リップグロス"},{"id":"25565","key":"justarrivednew","parent_tag_id":null,"product_display_order":3,"value":"justarrivednew"}]},"usage":[{"content":null,"label":"PRODUCT USAGE","type":"product_usage"},{"content":null,"label":"HOW DOES IT WORK","type":"how_does_it_work"},{"content":"すべてのスキンタイプ","label":"WHO IT IS FOR","type":"who_it_is_for"},{"content":null,"label":"GREAT TO KNOW","type":"great_to_know"},{"content":"マンゴーバターやシアバターのトリートメント成分が可愛い見た目からは想像ができないほどの豊かな潤いを唇へ。","label":"WHAT_IT_DOES","type":"what_it_does"},{"content":"使いやすい、繰り出し式のリップカラー","label":"WHAT_IT_IS","type":"what_it_is"}],"objectID":"15520"},{"benefit":{"statement":null,"benefits":null},"brand":null,"collection":[{"key":"pore-refining-collection","value":"pore_refining_collection"}],"coverage":null,"cross_sell":[{"sku_id":"720T01","sort_key":1},{"sku_id":"6MNY64","sort_key":2},{"sku_id":"7C5H64","sort_key":3},{"sku_id":"6JPK64","sort_key":4},{"sku_id":"60QH64","sort_key":5},{"sku_id":"7WF864","sort_key":6}],"default_category":{"id":"1688","key":"毛穴"},"description":"スキンタイプ：すべてのスキンタイプ <br><br>軽いつけ心地のオイルフリー美容液。視覚的効果で気になる毛穴を目立たなくし、なめらかで、キュッと引き締まった肌に。<br><br>クリニーク クリーン フィロソフィー<br><br>パラベンフリー<br>フタル酸エステル不使用　<br>無香料<br>肌が喜ぶスキンケア","display_mode":null,"display_name":"リファイニング ソリューションズ コレクティング セラム","display_status":7,"finish":null,"form":[{"key":"serum-form","value":"serum_form"}],"formula_type":null,"fragrance_family":null,"indexable_keywords":[{"value":"毛穴"}],"is_hazmat":false,"is_product_coming_soon":null,"is_product_displayable":true,"is_product_searchable":true,"is_product_shoppable":true,"is_product_sold_out":null,"is_product_temporarily_out_of_stock":null,"is_search_suppressed":null,"key_ingredient":null,"media":{"large":null,"medium":null,"poster":null,"small":null,"videos":[{"position":null,"poster":{"height":null,"src":null,"width":null},"provider":null,"src":null},{"position":null,"poster":{"height":null,"src":null,"width":null},"provider":null,"src":null},{"position":null,"poster":{"height":null,"src":null,"width":null},"provider":null,"src":null}],"xl":null},"meta":{"description":null,"keywords":"毛穴"},"parent_category":[{"id":"1688","value":"毛穴"},{"id":"1667","value":"スキンケア"}],"product_badge":null,"product_id":"15636","product_title_tag":null,"product_type":"Other","product_url":"/product/1688/15636/-/pore-refining-solutions-correcting-serum","reviews":{"average_rating":null,"number_of_questions":null,"number_of_reviews":null},"shade_groups":null,"short_description":"スキンタイプ：すべてのスキンタイプ <br><br>軽いつけ心地のオイルフリー美容液。視覚的効果で気になる毛穴を目立たなくし、なめらかで、キュッと引き締まった肌に。<br><br>クリニーク クリーン フィロソフィー<br><br>パラベンフリー<br>フタル酸エステル不使用　<br>無香料<br>肌が喜ぶスキンケア","skin":{"concern":[{"key":"oil-free-concern","value":"oil_free_concern"},{"key":"sensitive-concern","value":"sensitive_concern"},{"key":"pores-concern","value":"pores_concern"}]},"skin_goal":null,"skus":{"total":1,"items":[{"color_family":null,"coverage_options":null,"cross_sell":null,"display_status":7,"finish":null,"finish_options":null,"fragrances":[{"family":null,"key":null,"value":null}],"iln_listing":"ジメチコン・水・ポリシリコーン－１１・アセチルグルコサミン・変性アルコール・ＰＥＧ－１０ジメチコン・ＢＧ・ＰＥＧ－１１メチルエーテルジメチコン・シリカ・ポリアクリル酸メチル・ポリソルベート２０・アルゲエキス・（アクリロイルジメチルタウリンアンモニウム／ＶＰ）コポリマー・カフェイン・テトラヘキシルデカン酸アスコルビル・酢酸トコフェロール・グリセリン・酸化チタン・カプリリルグリコール・オニサルビアエキス・ヒアルロン酸Ｎａ・ツクシメナモミエキス・パンテチン・水酸化Ｎａ・ソウパルメット果実エキス・ＥＤＴＡ－２Ｎａ・マイカ・（アクリルアミド／アクリロイルジメチルタウリンＮａ）コポリマー・イソヘキサデカン・クエン酸・シーウィップエキス・ヘキシレングリコール・ジアルキル（Ｃ１２－１８）ジモニウムクロリド・加水分解ダイズタンパク・ポリソルベート８０・カラフトコンブエキス・レシチン・水添レシチン・酸化鉄・ホスファチジルコリン・塩化Ｎａ・ヤシ脂肪酸・マレイン酸アスコルビルトコフェリル・ローズマリー葉エキス・ノルジヒドログアイアレチン酸・パディナパボニカエキス・フィトステロールズ・リン酸２Ｎａ・ウルソル酸・リノール酸・リノレン酸・ローズマリーエキス・リン酸Ｋ・塩化Ｋ・サリチル酸・フェノキシエタノール・ソルビン酸Ｋ<JILN005555>","iln_version_number":"JILN005555","inventory_status":"Active","is_active":true,"is_coming_soon":null,"is_default_sku":false,"is_discountable":true,"is_displayable":null,"is_engravable":null,"is_fragrance":null,"is_giftable":null,"is_giftwrap":false,"is_inactive":null,"is_multi_shaded":null,"is_out_of_stock":null,"is_preorder":false,"is_preorderable":null,"is_promotional":null,"is_replenishable":false,"is_search_suppressed":null,"is_searchable":true,"is_shaded":null,"is_sized":null,"is_sold_out":null,"is_under_weight_hazmat":false,"is_vto_enabled":null,"life_of_product":"Basic Reorder","material_code":"720R010001","media":{"large":[{"alt":"リファイニング ソリューションズ コレクティング セラム","height":1200,"position":0,"src":"/media/export/cms/products/1200x1500/cl_sku_720R01_1200x1500_0.png","type":"image","width":1500}],"medium":[{"alt":"リファイニング ソリューションズ コレクティング セラム","height":600,"position":1,"src":"/media/export/cms/products/600x750/cl_sku_720R01_600x750_0.png","type":"image","width":750}],"model":null,"poster":null,"small":[{"alt":"リファイニング ソリューションズ コレクティング セラム","height":1200,"position":2,"src":"/media/export/cms/products/1200x1500/cl_sku_720R01_1200x1500_0.png","type":"image","width":1500}],"smoosh":null,"xl":null},"out_of_stock_threshold":null,"perlgem":{"SKU_BASE_ID":31828},"preorder_date":null,"prices":[{"currency":"JPY","exclude_tax":{"original_price":5000,"original_price_formatted":"¥5,000","price":5000,"price_formatted":"¥5,000","price_per_unit":null,"price_per_unit_formatted":""},"include_tax":{"original_price":5500,"original_price_formatted":"¥5,500","price":5500,"price_formatted":"¥5,500","price_per_unit":null,"price_per_unit_formatted":""},"is_discounted":false}],"purchase_limit":null,"replenishment":{"message":"Recommended Auto-Ship cycle: 6 weeks  Learn more >"},"reviews":{"average_rating":null,"number_of_questions":null,"number_of_reviews":null},"set_components":null,"shade_groups":null,"shades":null,"sizes":[{"key":1,"value":"30mL"}],"skin":{"tone":null,"type":null,"type_description":null},"sku_badge":null,"sku_badge_image":null,"sku_display_order":0,"sku_id":"720R01","sku_promo_messaging":null,"sku_type":"SE","sku_url":null,"tags":{"total":9,"items":[{"id":"13051","key":"スキンケア-ベストセラー","value":"スキンケア ベストセラー"},{"id":"27172","key":"day5flashsale","value":"Day5FlashSale"},{"id":"27169","key":"day2flashsale","value":"Day2FlashSale"},{"id":"12517","key":"oil-free","value":"Oil-Free"},{"id":"1667","key":"スキンケア","value":"スキンケア"},{"id":"27174","key":"day7flashsale","value":"Day7FlashSale"},{"id":"13303","key":"美容液","value":"美容液"},{"id":"1688","key":"毛穴","value":"毛穴"},{"id":"4034","key":"serums","value":"Serums"}]},"texture":null,"undertone":null,"unit_of_measure":null,"unit_size":null,"unit_size_formatted":null,"upc":"020714430405","vto":{"is_color_experience":null,"is_foundation_experience":null}}]},"sub_display_name":"リファイニング ソリューションズ コレクティング セラム","sub_header":null,"tags":{"total":9,"items":[{"id":"13051","key":"スキンケア-ベストセラー","parent_tag_id":"1667","product_display_order":47,"value":"スキンケア ベストセラー"},{"id":"27172","key":"day5flashsale","parent_tag_id":"1590","product_display_order":50,"value":"Day5FlashSale"},{"id":"27169","key":"day2flashsale","parent_tag_id":"1590","product_display_order":0,"value":"Day2FlashSale"},{"id":"12517","key":"oil-free","parent_tag_id":"1667","product_display_order":30,"value":"Oil-Free"},{"id":"1667","key":"スキンケア","parent_tag_id":null,"product_display_order":134,"value":"スキンケア"},{"id":"27174","key":"day7flashsale","parent_tag_id":"1590","product_display_order":0,"value":"Day7FlashSale"},{"id":"13303","key":"美容液","parent_tag_id":"1667","product_display_order":11,"value":"美容液"},{"id":"1688","key":"毛穴","parent_tag_id":"1667","product_display_order":0,"value":"毛穴"},{"id":"4034","key":"serums","parent_tag_id":"1667","product_display_order":2,"value":"Serums"}]},"usage":[{"content":"朝と夜、３ステップ スキンケア（ソープ・ローション・乳液）の後、適量を、目の周りを避けて、顔全体、または気になる部分になじませます。他のスキンケアやメーク製品、リファイニング ソリューションズ インスタント パーフェクターを重ねることもできます。","label":"PRODUCT USAGE","type":"product_usage"},{"content":null,"label":"HOW DOES IT WORK","type":"how_does_it_work"},{"content":null,"label":"WHO IT IS FOR","type":"who_it_is_for"},{"content":null,"label":"GREAT TO KNOW","type":"great_to_know"},{"content":null,"label":"WHAT_IT_DOES","type":"what_it_does"},{"content":null,"label":"WHAT_IT_IS","type":"what_it_is"}],"objectID":"15636"},{"benefit":{"statement":null,"benefits":null},"brand":null,"collection":null,"coverage":null,"cross_sell":null,"default_category":{"id":"1628","key":"サンプル"},"description":null,"display_mode":null,"display_name":"BCA - Donation","display_status":1,"finish":null,"form":null,"formula_type":null,"fragrance_family":null,"indexable_keywords":null,"is_hazmat":false,"is_product_coming_soon":null,"is_product_displayable":true,"is_product_searchable":true,"is_product_shoppable":true,"is_product_sold_out":null,"is_product_temporarily_out_of_stock":null,"is_search_suppressed":null,"key_ingredient":null,"media":{"large":null,"medium":null,"poster":null,"small":null,"videos":[{"position":null,"poster":{"height":null,"src":null,"width":null},"provider":null,"src":null},{"position":null,"poster":{"height":null,"src":null,"width":null},"provider":null,"src":null},{"position":null,"poster":{"height":null,"src":null,"width":null},"provider":null,"src":null}],"xl":null},"meta":{"description":null,"keywords":null},"parent_category":[{"id":"1628","value":"サンプル"}],"product_badge":null,"product_id":"15643","product_title_tag":null,"product_type":"Other","product_url":"/product/1628/15643/bca--donation/bca--donation","reviews":{"average_rating":null,"number_of_questions":null,"number_of_reviews":null},"shade_groups":null,"short_description":null,"skin":null,"skin_goal":null,"skus":{"total":2,"items":[{"color_family":null,"coverage_options":null,"cross_sell":null,"display_status":1,"finish":null,"finish_options":null,"fragrances":[{"family":null,"key":null,"value":null}],"iln_listing":null,"iln_version_number":null,"inventory_status":"Active","is_active":true,"is_coming_soon":null,"is_default_sku":false,"is_discountable":true,"is_displayable":null,"is_engravable":null,"is_fragrance":null,"is_giftable":null,"is_giftwrap":false,"is_inactive":null,"is_multi_shaded":null,"is_out_of_stock":null,"is_preorder":false,"is_preorderable":null,"is_promotional":null,"is_replenishable":false,"is_search_suppressed":null,"is_searchable":true,"is_shaded":null,"is_sized":null,"is_sold_out":null,"is_under_weight_hazmat":false,"is_vto_enabled":null,"life_of_product":"Limited life","material_code":"CLNAA60001","media":{"large":[{"alt":"BCA - Donation","height":1200,"position":0,"src":"/media/export/cms/products/1200x1500/cl_sku_CLNAA6_1200x1500_0.png","type":"image","width":1500}],"medium":[{"alt":"BCA - Donation","height":600,"position":1,"src":"/media/export/cms/products/600x750/cl_sku_CLNAA6_600x750_0.png","type":"image","width":750}],"model":null,"poster":null,"small":[{"alt":"BCA - Donation","height":1200,"position":2,"src":"/media/export/cms/products/1200x1500/cl_sku_CLNAA6_1200x1500_0.png","type":"image","width":1500}],"smoosh":null,"xl":null},"out_of_stock_threshold":null,"perlgem":{"SKU_BASE_ID":87138},"preorder_date":null,"prices":[{"currency":"JPY","exclude_tax":{"original_price":15,"original_price_formatted":"¥15","price":15,"price_formatted":"¥15","price_per_unit":null,"price_per_unit_formatted":""},"include_tax":{"original_price":16,"original_price_formatted":"¥16","price":16,"price_formatted":"¥16","price_per_unit":null,"price_per_unit_formatted":""},"is_discounted":false}],"purchase_limit":null,"replenishment":{"message":null},"reviews":{"average_rating":null,"number_of_questions":null,"number_of_reviews":null},"set_components":null,"shade_groups":null,"shades":null,"sizes":[{"key":1,"value":null}],"skin":{"tone":null,"type":null,"type_description":null},"sku_badge":null,"sku_badge_image":null,"sku_display_order":0,"sku_id":"CLNAA6","sku_promo_messaging":null,"sku_type":"SE","sku_url":null,"tags":{"total":2,"items":[{"id":"27411","key":"donation","value":"Donation"},{"id":"1628","key":"サンプル","value":"サンプル"}]},"texture":null,"undertone":null,"unit_of_measure":null,"unit_size":null,"unit_size_formatted":null,"upc":"020000000106","vto":{"is_color_experience":null,"is_foundation_experience":null}},{"color_family":null,"coverage_options":null,"cross_sell":null,"display_status":1,"finish":null,"finish_options":null,"fragrances":[{"family":null,"key":null,"value":null}],"iln_listing":null,"iln_version_number":null,"inventory_status":"Active","is_active":true,"is_coming_soon":null,"is_default_sku":false,"is_discountable":true,"is_displayable":null,"is_engravable":null,"is_fragrance":null,"is_giftable":null,"is_giftwrap":false,"is_inactive":null,"is_multi_shaded":null,"is_out_of_stock":null,"is_preorder":false,"is_preorderable":null,"is_promotional":null,"is_replenishable":false,"is_search_suppressed":null,"is_searchable":true,"is_shaded":null,"is_sized":null,"is_sold_out":null,"is_under_weight_hazmat":false,"is_vto_enabled":null,"life_of_product":"Limited life","material_code":"CLNAA70001","media":{"large":[{"alt":"BCA - Donation","height":1200,"position":0,"src":"/media/export/cms/products/1200x1500/cl_sku_CLNAA7_1200x1500_0.png","type":"image","width":1500}],"medium":[{"alt":"BCA - Donation","height":600,"position":1,"src":"/media/export/cms/products/600x750/cl_sku_CLNAA7_600x750_0.png","type":"image","width":750}],"model":null,"poster":null,"small":[{"alt":"BCA - Donation","height":1200,"position":2,"src":"/media/export/cms/products/1200x1500/cl_sku_CLNAA7_1200x1500_0.png","type":"image","width":1500}],"smoosh":null,"xl":null},"out_of_stock_threshold":null,"perlgem":{"SKU_BASE_ID":87139},"preorder_date":null,"prices":[{"currency":"JPY","exclude_tax":{"original_price":25,"original_price_formatted":"¥25","price":25,"price_formatted":"¥25","price_per_unit":null,"price_per_unit_formatted":""},"include_tax":{"original_price":27,"original_price_formatted":"¥27","price":27,"price_formatted":"¥27","price_per_unit":null,"price_per_unit_formatted":""},"is_discounted":false}],"purchase_limit":null,"replenishment":{"message":null},"reviews":{"average_rating":null,"number_of_questions":null,"number_of_reviews":null},"set_components":null,"shade_groups":null,"shades":null,"sizes":[{"key":1,"value":null}],"skin":{"tone":null,"type":null,"type_description":null},"sku_badge":null,"sku_badge_image":null,"sku_display_order":0,"sku_id":"CLNAA7","sku_promo_messaging":null,"sku_type":"SE","sku_url":null,"tags":{"total":2,"items":[{"id":"27411","key":"donation","value":"Donation"},{"id":"1628","key":"サンプル","value":"サンプル"}]},"texture":null,"undertone":null,"unit_of_measure":null,"unit_size":null,"unit_size_formatted":null,"upc":"020000000107","vto":{"is_color_experience":null,"is_foundation_experience":null}}]},"sub_display_name":null,"sub_header":null,"tags":{"total":2,"items":[{"id":"27411","key":"donation","parent_tag_id":"1585","product_display_order":0,"value":"Donation"},{"id":"1628","key":"サンプル","parent_tag_id":null,"product_display_order":340,"value":"サンプル"}]},"usage":[{"content":null,"label":"PRODUCT USAGE","type":"product_usage"},{"content":null,"label":"HOW DOES IT WORK","type":"how_does_it_work"},{"content":null,"label":"WHO IT IS FOR","type":"who_it_is_for"},{"content":null,"label":"GREAT TO KNOW","type":"great_to_know"},{"content":null,"label":"WHAT_IT_DOES","type":"what_it_does"},{"content":null,"label":"WHAT_IT_IS","type":"what_it_is"}],"objectID":"15643"},{"benefit":{"statement":null,"benefits":null},"brand":null,"collection":[{"key":"pore-refining-collection","value":"pore_refining_collection"}],"coverage":null,"cross_sell":[{"sku_id":"720R01","sort_key":1},{"sku_id":"6MNY64","sort_key":2},{"sku_id":"7C5H64","sort_key":3},{"sku_id":"6JPK64","sort_key":4},{"sku_id":"60QH64","sort_key":5},{"sku_id":"7WF864","sort_key":6}],"default_category":{"id":"14706","key":"スペシャルケア"},"description":"瞬時に毛穴をカバーし、なめらかで完璧な肌に見せる化粧下地。汗や水に強く、自然でマットな仕上がりが長時間続きます。肌色に合わせて選べる全３色。","display_mode":null,"display_name":"リファイニング ソリューションズ インスタント パーフェクター","display_status":7,"finish":null,"form":[{"key":"lotion-form","value":"lotion_form"}],"formula_type":null,"fragrance_family":null,"indexable_keywords":[{"value":"毛穴"}],"is_hazmat":false,"is_product_coming_soon":null,"is_product_displayable":true,"is_product_searchable":true,"is_product_shoppable":true,"is_product_sold_out":null,"is_product_temporarily_out_of_stock":null,"is_search_suppressed":null,"key_ingredient":null,"media":{"large":null,"medium":null,"poster":null,"small":null,"videos":[{"position":null,"poster":{"height":null,"src":null,"width":null},"provider":null,"src":null},{"position":null,"poster":{"height":null,"src":null,"width":null},"provider":null,"src":null},{"position":null,"poster":{"height":null,"src":null,"width":null},"provider":null,"src":null}],"xl":null},"meta":{"description":null,"keywords":"毛穴"},"parent_category":[{"id":"14706","value":"スペシャルケア"},{"id":"1667","value":"スキンケア"}],"product_badge":null,"product_id":"16258","product_title_tag":null,"product_type":"Shaded","product_url":"/product/14706/16258/-/pore-refining-solutions-instant-perfector","reviews":{"average_rating":null,"number_of_questions":null,"number_of_reviews":null},"shade_groups":null,"short_description":"瞬時に毛穴をカバーし、なめらかで完璧な肌に見せる化粧下地。汗や水に強く、自然でマットな仕上がりが長時間続きます。肌色に合わせて選べる全３色。","skin":null,"skin_goal":null,"skus":{"total":3,"items":[{"color_family":null,"coverage_options":null,"cross_sell":null,"display_status":7,"finish":null,"finish_options":null,"fragrances":[{"family":null,"key":null,"value":null}],"iln_listing":"シクロペンタシロキサン・ジメチコン・（ＨＤＩ／トリメチロールヘキシルラクトン）クロスポリマー・シリカ・イソノナン酸イソノニル・イソドデカン・（ジメチコン／ビニルジメチコン）クロスポリマー・（ビニルジメチコン／メチコンシルセスキオキサン）クロスポリマー・ポリメタクリル酸メチル・ラウロイルリシン・エチルヘキシルグリセリン・ラウロイルグルタミン酸ジ（フィトステリル／オクチルドデシル）・水・メチコン・加水分解ダイズタンパク・グリチルレチン酸ステアリル・酢酸トコフェロール・ヤシ脂肪酸・フェノキシエタノール　＋／－　マイカ・酸化チタン・酸化鉄・カルミン<JILN005558>","iln_version_number":"JILN005558","inventory_status":"Active","is_active":true,"is_coming_soon":null,"is_default_sku":false,"is_discountable":true,"is_displayable":null,"is_engravable":null,"is_fragrance":null,"is_giftable":null,"is_giftwrap":false,"is_inactive":null,"is_multi_shaded":null,"is_out_of_stock":null,"is_preorder":false,"is_preorderable":null,"is_promotional":null,"is_replenishable":false,"is_search_suppressed":null,"is_searchable":true,"is_shaded":null,"is_sized":null,"is_sold_out":null,"is_under_weight_hazmat":false,"is_vto_enabled":null,"life_of_product":"Basic Reorder","material_code":"720T030001","media":{"large":[{"alt":"リファイニング ソリューションズ インスタント パーフェクター","height":1200,"position":1,"src":"/media/export/cms/products/1200x1500/cl_sku_720T03_1200x1500_0.png","type":"image","width":1500}],"medium":[{"alt":"リファイニング ソリューションズ インスタント パーフェクター","height":600,"position":2,"src":"/media/export/cms/products/600x750/cl_sku_720T03_600x750_0.png","type":"image","width":750}],"model":null,"poster":null,"small":[{"alt":"リファイニング ソリューションズ インスタント パーフェクター","height":1200,"position":3,"src":"/media/export/cms/products/1200x1500/cl_sku_720T03_1200x1500_0.png","type":"image","width":1500}],"smoosh":[{"alt":"リファイニング ソリューションズ インスタント パーフェクター","height":1200,"position":0,"src":"/media/export/cms/products/1200x1500/swatches_v3/31_ns_ng.png","type":"image","width":1500}],"xl":null},"out_of_stock_threshold":null,"perlgem":{"SKU_BASE_ID":32866},"preorder_date":null,"prices":[{"currency":"JPY","exclude_tax":{"original_price":3800,"original_price_formatted":"¥3,800","price":3800,"price_formatted":"¥3,800","price_per_unit":null,"price_per_unit_formatted":""},"include_tax":{"original_price":4180,"original_price_formatted":"¥4,180","price":4180,"price_formatted":"¥4,180","price_per_unit":null,"price_per_unit_formatted":""},"is_discounted":false}],"purchase_limit":null,"replenishment":{"message":"Never run low on your favourites. Sign up for Auto-Ship. Learn more >"},"reviews":{"average_rating":null,"number_of_questions":null,"number_of_reviews":null},"set_components":null,"shade_groups":null,"shades":[{"description":"ハイライト効果もあるピンク系","hex_val":"#FEE4E4","image":{"height":null,"src":"","width":null},"name":"03 インビジブル ブライト","smoosh_design":{"group_id":null,"name":"31::none::none"}}],"sizes":[{"key":1,"value":"15mL"}],"skin":{"tone":null,"type":[{"key":"very-dry-skintype","value":"very_dry_skintype"},{"key":"combination-skintype","value":"combination_skintype"},{"key":"dry-skintype","value":"dry_skintype"},{"key":"oily-skintype","value":"oily_skintype"}],"type_description":null},"sku_badge":null,"sku_badge_image":null,"sku_display_order":1,"sku_id":"720T03","sku_promo_messaging":null,"sku_type":"SE","sku_url":null,"tags":{"total":8,"items":[{"id":"27168","key":"day1flashsale","value":"Day1FlashSale"},{"id":"27174","key":"day7flashsale","value":"Day7FlashSale"},{"id":"13304","key":"スペシャルケア","value":"スペシャルケア"},{"id":"27172","key":"day5flashsale","value":"Day5FlashSale"},{"id":"12796","key":"oil-control","value":"Oil-Control"},{"id":"14706","key":"スペシャルケア","value":"スペシャルケア"},{"id":"1688","key":"毛穴","value":"毛穴"},{"id":"22382","key":"ベースメーク","value":"ベースメーク"}]},"texture":null,"undertone":null,"unit_of_measure":null,"unit_size":null,"unit_size_formatted":null,"upc":"020714430436","vto":{"is_color_experience":null,"is_foundation_experience":null}},{"color_family":null,"coverage_options":null,"cross_sell":null,"display_status":7,"finish":null,"finish_options":null,"fragrances":[{"family":null,"key":null,"value":null}],"iln_listing":"シクロペンタシロキサン・ジメチコン・（ＨＤＩ／トリメチロールヘキシルラクトン）クロスポリマー・シリカ・イソノナン酸イソノニル・イソドデカン・（ジメチコン／ビニルジメチコン）クロスポリマー・（ビニルジメチコン／メチコンシルセスキオキサン）クロスポリマー・ポリメタクリル酸メチル・ラウロイルリシン・エチルヘキシルグリセリン・ラウロイルグルタミン酸ジ（フィトステリル／オクチルドデシル）・水・メチコン・加水分解ダイズタンパク・グリチルレチン酸ステアリル・酢酸トコフェロール・ヤシ脂肪酸・フェノキシエタノール　＋／－　マイカ・酸化チタン・酸化鉄・カルミン<JILN005558>","iln_version_number":"JILN005558","inventory_status":"Active","is_active":true,"is_coming_soon":null,"is_default_sku":false,"is_discountable":true,"is_displayable":null,"is_engravable":null,"is_fragrance":null,"is_giftable":null,"is_giftwrap":false,"is_inactive":null,"is_multi_shaded":null,"is_out_of_stock":null,"is_preorder":false,"is_preorderable":null,"is_promotional":null,"is_replenishable":false,"is_search_suppressed":null,"is_searchable":true,"is_shaded":null,"is_sized":null,"is_sold_out":null,"is_under_weight_hazmat":false,"is_vto_enabled":null,"life_of_product":"Basic Reorder","material_code":"720T010001","media":{"large":[{"alt":"リファイニング ソリューションズ インスタント パーフェクター","height":1200,"position":1,"src":"/media/export/cms/products/1200x1500/cl_sku_720T01_1200x1500_0.png","type":"image","width":1500}],"medium":[{"alt":"リファイニング ソリューションズ インスタント パーフェクター","height":600,"position":2,"src":"/media/export/cms/products/600x750/cl_sku_720T01_600x750_0.png","type":"image","width":750}],"model":null,"poster":null,"small":[{"alt":"リファイニング ソリューションズ インスタント パーフェクター","height":1200,"position":3,"src":"/media/export/cms/products/1200x1500/cl_sku_720T01_1200x1500_0.png","type":"image","width":1500}],"smoosh":[{"alt":"リファイニング ソリューションズ インスタント パーフェクター","height":1200,"position":0,"src":"/media/export/cms/products/1200x1500/swatches_v3/31_ns_ng.png","type":"image","width":1500}],"xl":null},"out_of_stock_threshold":null,"perlgem":{"SKU_BASE_ID":32864},"preorder_date":null,"prices":[{"currency":"JPY","exclude_tax":{"original_price":3800,"original_price_formatted":"¥3,800","price":3800,"price_formatted":"¥3,800","price_per_unit":null,"price_per_unit_formatted":""},"include_tax":{"original_price":4180,"original_price_formatted":"¥4,180","price":4180,"price_formatted":"¥4,180","price_per_unit":null,"price_per_unit_formatted":""},"is_discounted":false}],"purchase_limit":null,"replenishment":{"message":"Never run low on your favourites. Sign up for Auto-Ship. Learn more >"},"reviews":{"average_rating":null,"number_of_questions":null,"number_of_reviews":null},"set_components":null,"shade_groups":null,"shades":[{"description":"標準の肌色","hex_val":"#F1BF8D","image":{"height":null,"src":"","width":null},"name":"01 インビジブル ライト","smoosh_design":{"group_id":null,"name":"31::none::none"}}],"sizes":[{"key":1,"value":"15mL"}],"skin":{"tone":null,"type":[{"key":"very-dry-skintype","value":"very_dry_skintype"},{"key":"combination-skintype","value":"combination_skintype"},{"key":"dry-skintype","value":"dry_skintype"},{"key":"oily-skintype","value":"oily_skintype"}],"type_description":null},"sku_badge":null,"sku_badge_image":null,"sku_display_order":1,"sku_id":"720T01","sku_promo_messaging":null,"sku_type":"SE","sku_url":null,"tags":{"total":8,"items":[{"id":"27168","key":"day1flashsale","value":"Day1FlashSale"},{"id":"27174","key":"day7flashsale","value":"Day7FlashSale"},{"id":"13304","key":"スペシャルケア","value":"スペシャルケア"},{"id":"27172","key":"day5flashsale","value":"Day5FlashSale"},{"id":"12796","key":"oil-control","value":"Oil-Control"},{"id":"14706","key":"スペシャルケア","value":"スペシャルケア"},{"id":"1688","key":"毛穴","value":"毛穴"},{"id":"22382","key":"ベースメーク","value":"ベースメーク"}]},"texture":null,"undertone":null,"unit_of_measure":null,"unit_size":null,"unit_size_formatted":null,"upc":"020714430412","vto":{"is_color_experience":null,"is_foundation_experience":null}},{"color_family":null,"coverage_options":null,"cross_sell":null,"display_status":7,"finish":null,"finish_options":null,"fragrances":[{"family":null,"key":null,"value":null}],"iln_listing":"シクロペンタシロキサン・ジメチコン・（ＨＤＩ／トリメチロールヘキシルラクトン）クロスポリマー・シリカ・イソノナン酸イソノニル・イソドデカン・（ジメチコン／ビニルジメチコン）クロスポリマー・（ビニルジメチコン／メチコンシルセスキオキサン）クロスポリマー・ポリメタクリル酸メチル・ラウロイルリシン・エチルヘキシルグリセリン・ラウロイルグルタミン酸ジ（フィトステリル／オクチルドデシル）・水・メチコン・加水分解ダイズタンパク・グリチルレチン酸ステアリル・酢酸トコフェロール・ヤシ脂肪酸・フェノキシエタノール　＋／－　マイカ・酸化チタン・酸化鉄・カルミン<JILN005558>","iln_version_number":"JILN005558","inventory_status":"Active","is_active":true,"is_coming_soon":null,"is_default_sku":false,"is_discountable":true,"is_displayable":null,"is_engravable":null,"is_fragrance":null,"is_giftable":null,"is_giftwrap":false,"is_inactive":null,"is_multi_shaded":null,"is_out_of_stock":null,"is_preorder":false,"is_preorderable":null,"is_promotional":null,"is_replenishable":false,"is_search_suppressed":null,"is_searchable":true,"is_shaded":null,"is_sized":null,"is_sold_out":null,"is_under_weight_hazmat":false,"is_vto_enabled":null,"life_of_product":"Basic Reorder","material_code":"720T020001","media":{"large":[{"alt":"リファイニング ソリューションズ インスタント パーフェクター","height":1200,"position":1,"src":"/media/export/cms/products/1200x1500/cl_sku_720T02_1200x1500_0.png","type":"image","width":1500}],"medium":[{"alt":"リファイニング ソリューションズ インスタント パーフェクター","height":600,"position":2,"src":"/media/export/cms/products/600x750/cl_sku_720T02_600x750_0.png","type":"image","width":750}],"model":null,"poster":null,"small":[{"alt":"リファイニング ソリューションズ インスタント パーフェクター","height":1200,"position":3,"src":"/media/export/cms/products/1200x1500/cl_sku_720T02_1200x1500_0.png","type":"image","width":1500}],"smoosh":[{"alt":"リファイニング ソリューションズ インスタント パーフェクター","height":1200,"position":0,"src":"/media/export/cms/products/1200x1500/swatches_v3/31_ns_ng.png","type":"image","width":1500}],"xl":null},"out_of_stock_threshold":null,"perlgem":{"SKU_BASE_ID":32865},"preorder_date":null,"prices":[{"currency":"JPY","exclude_tax":{"original_price":3800,"original_price_formatted":"¥3,800","price":3800,"price_formatted":"¥3,800","price_per_unit":null,"price_per_unit_formatted":""},"include_tax":{"original_price":4180,"original_price_formatted":"¥4,180","price":4180,"price_formatted":"¥4,180","price_per_unit":null,"price_per_unit_formatted":""},"is_discounted":false}],"purchase_limit":null,"replenishment":{"message":"Never run low on your favourites. Sign up for Auto-Ship. Learn more >"},"reviews":{"average_rating":null,"number_of_questions":null,"number_of_reviews":null},"set_components":null,"shade_groups":null,"shades":[{"description":"濃い肌色","hex_val":"#E38438","image":{"height":null,"src":"","width":null},"name":"02 インビジブル ディープ","smoosh_design":{"group_id":null,"name":"31::none::none"}}],"sizes":[{"key":1,"value":"15mL"}],"skin":{"tone":null,"type":[{"key":"very-dry-skintype","value":"very_dry_skintype"},{"key":"combination-skintype","value":"combination_skintype"},{"key":"dry-skintype","value":"dry_skintype"},{"key":"oily-skintype","value":"oily_skintype"}],"type_description":null},"sku_badge":null,"sku_badge_image":null,"sku_display_order":1,"sku_id":"720T02","sku_promo_messaging":null,"sku_type":"SE","sku_url":null,"tags":{"total":6,"items":[{"id":"13304","key":"スペシャルケア","value":"スペシャルケア"},{"id":"27172","key":"day5flashsale","value":"Day5FlashSale"},{"id":"12796","key":"oil-control","value":"Oil-Control"},{"id":"14706","key":"スペシャルケア","value":"スペシャルケア"},{"id":"1688","key":"毛穴","value":"毛穴"},{"id":"22382","key":"ベースメーク","value":"ベースメーク"}]},"texture":null,"undertone":null,"unit_of_measure":null,"unit_size":null,"unit_size_formatted":null,"upc":"020714430429","vto":{"is_color_experience":null,"is_foundation_experience":null}}]},"sub_display_name":"リファイニング ソリューションズ インスタント パーフェクター","sub_header":null,"tags":{"total":8,"items":[{"id":"27168","key":"day1flashsale","parent_tag_id":"1590","product_display_order":0,"value":"Day1FlashSale"},{"id":"27174","key":"day7flashsale","parent_tag_id":"1590","product_display_order":0,"value":"Day7FlashSale"},{"id":"13304","key":"スペシャルケア","parent_tag_id":"1667","product_display_order":52,"value":"スペシャルケア"},{"id":"27172","key":"day5flashsale","parent_tag_id":"1590","product_display_order":108,"value":"Day5FlashSale"},{"id":"12796","key":"oil-control","parent_tag_id":"1667","product_display_order":1,"value":"Oil-Control"},{"id":"14706","key":"スペシャルケア","parent_tag_id":"1667","product_display_order":32,"value":"スペシャルケア"},{"id":"1688","key":"毛穴","parent_tag_id":"1667","product_display_order":0,"value":"毛穴"},{"id":"22382","key":"ベースメーク","parent_tag_id":"1000020","product_display_order":0,"value":"ベースメーク"}]},"usage":[{"content":"指先に少量を取り、毛穴が気になる部分になじませます。これ1本でも、リファイニング　ソリューションズ　コレクティング　セラムやメークアップの上から、また、化粧直しにもお使いいただけます。　すべてのスキンタイプ。","label":"PRODUCT USAGE","type":"product_usage"},{"content":null,"label":"HOW DOES IT WORK","type":"how_does_it_work"},{"content":null,"label":"WHO IT IS FOR","type":"who_it_is_for"},{"content":null,"label":"GREAT TO KNOW","type":"great_to_know"},{"content":null,"label":"WHAT_IT_DOES","type":"what_it_does"},{"content":null,"label":"WHAT_IT_IS","type":"what_it_is"}],"objectID":"16258"},{"benefit":{"statement":null,"benefits":null},"brand":null,"collection":[{"key":"repairwear-collection","value":"repairwear_collection"}],"coverage":null,"cross_sell":[{"sku_id":"71PN01","sort_key":1},{"sku_id":"7YXH01","sort_key":2},{"sku_id":"7G2K01","sort_key":3},{"sku_id":"7G2K01","sort_key":4},{"sku_id":"7JJ001","sort_key":5},{"sku_id":"62A401","sort_key":6}],"default_category":{"id":"1674","key":"ディ-エイジング"},"description":"<P>軽やかな使い心地で、リッチな潤いを与えるハリ対策保湿クリーム。肌をたっぷりと潤し、ハリと弾力のある引き締まった肌印象へ。紫外線ダメージから肌を守るために、日中は日焼け止め効果のある製品のご使用をおすすめします。</P><P>VD/D スキンタイプ1(乾燥肌用)&nbsp;、 DC/CO スキンタイプ2＆3(乾燥～混合肌＆混合～脂性肌用) </P>","display_mode":null,"display_name":"リペアウェア モイスチャーリフト クリーム","display_status":7,"finish":null,"form":[{"key":"cream-form","value":"cream_form"}],"formula_type":null,"fragrance_family":null,"indexable_keywords":[{"value":"エイジング"},{"value":"シワ"},{"value":"レーザー"},{"value":"フォーカス"},{"value":"リペアウェア"},{"value":" src"},{"value":"たるみ"}],"is_hazmat":true,"is_product_coming_soon":null,"is_product_displayable":true,"is_product_searchable":true,"is_product_shoppable":true,"is_product_sold_out":null,"is_product_temporarily_out_of_stock":null,"is_search_suppressed":null,"key_ingredient":null,"media":{"large":null,"medium":null,"poster":null,"small":null,"videos":[{"position":null,"poster":{"height":null,"src":null,"width":null},"provider":null,"src":null},{"position":null,"poster":{"height":null,"src":null,"width":null},"provider":null,"src":null},{"position":null,"poster":{"height":null,"src":null,"width":null},"provider":null,"src":null}],"xl":null},"meta":{"description":null,"keywords":null},"parent_category":[{"id":"1674","value":"ディ-エイジング"},{"id":"1667","value":"スキンケア"}],"product_badge":null,"product_id":"20932","product_title_tag":null,"product_type":"Sized","product_url":"/product/1674/20932/repairwear-uplifting-firming-cream","reviews":{"average_rating":null,"number_of_questions":null,"number_of_reviews":null},"shade_groups":null,"short_description":"<P>軽やかな使い心地で、リッチな潤いを与えるハリ対策保湿クリーム。肌をたっぷりと潤し、ハリと弾力のある引き締まった肌印象へ。紫外線ダメージから肌を守るために、日中は日焼け止め効果のある製品のご使用をおすすめします。</P><P>VD/D スキンタイプ1(乾燥肌用)&nbsp;、 DC/CO スキンタイプ2＆3(乾燥～混合肌＆混合～脂性肌用) </P>","skin":{"concern":[{"key":"anti-aging-concern","value":"anti_aging_concern"},{"key":"sagging-concern","value":"sagging_concern"}]},"skin_goal":null,"skus":{"total":2,"items":[{"color_family":null,"coverage_options":null,"cross_sell":null,"display_status":7,"finish":null,"finish_options":null,"fragrances":[{"family":null,"key":null,"value":null}],"iln_listing":"水・ジヘプタン酸ネオペンチルグリコール・ホホバエステル・脂肪酸（Ｃ１２－２０）ＰＥＧ－８エステル・グリセリン・ポリアクリル酸メチル・ＢＧ・セタノール・ステアリン酸ＰＥＧ－１００・マイカ・酸化チタン・ベヘニルアルコール・ジメチコン・ステアリン酸グリセリル・セチルリン酸Ｋ・ザクロステロールズ・カプリリルグリコール・ペンチレングリコール・ホエイタンパク（牛乳）・酢酸トコフェロール・トリ（カプリル酸／カプリン酸）グリセリル・カルボマー・ツクシメナモミエキス・アストロカリウムムルムル脂・カフェイン・キサンタンガム・（アクリレーツ／アクリル酸アルキル（Ｃ１０－３０））クロスポリマー・水酸化Ｎａ・テトラヘキシルデカン酸アスコルビル・トレハロース・ヒアルロン酸Ｎａ・ツボクサエキス・オニサルビアエキス・ＥＤＴＡ－２Ｎａ・コミフォラムクル樹脂エキス・レシチン・クロレラエキス・ダイズタンパク・ローマカミツレ花油・クエン酸・ラミナリアディギタータエキス・ミクロコッカス溶解液・ローズマリー葉エキス・アセチルヘキサペプチド－８・エルゴチオネイン・フェノキシエタノール・ソルビン酸Ｋ<JILN005391>","iln_version_number":"JILN005391","inventory_status":"Active","is_active":true,"is_coming_soon":null,"is_default_sku":false,"is_discountable":true,"is_displayable":null,"is_engravable":null,"is_fragrance":null,"is_giftable":null,"is_giftwrap":false,"is_inactive":null,"is_multi_shaded":null,"is_out_of_stock":null,"is_preorder":false,"is_preorderable":null,"is_promotional":null,"is_replenishable":false,"is_search_suppressed":null,"is_searchable":true,"is_shaded":null,"is_sized":null,"is_sold_out":null,"is_under_weight_hazmat":null,"is_vto_enabled":null,"life_of_product":"Basic Reorder","material_code":"7C2L010001","media":{"large":[{"alt":"リペアウェア モイスチャーリフト クリーム","height":1200,"position":0,"src":"/media/export/cms/products/1200x1500/cl_sku_7C2L01_1200x1500_0.png","type":"image","width":1500}],"medium":[{"alt":"リペアウェア モイスチャーリフト クリーム","height":600,"position":1,"src":"/media/export/cms/products/600x750/cl_sku_7C2L01_600x750_0.png","type":"image","width":750}],"model":null,"poster":null,"small":[{"alt":"リペアウェア モイスチャーリフト クリーム","height":1200,"position":2,"src":"/media/export/cms/products/1200x1500/cl_sku_7C2L01_1200x1500_0.png","type":"image","width":1500}],"smoosh":null,"xl":null},"out_of_stock_threshold":null,"perlgem":{"SKU_BASE_ID":40820},"preorder_date":null,"prices":[{"currency":"JPY","exclude_tax":{"original_price":10000,"original_price_formatted":"¥10,000","price":10000,"price_formatted":"¥10,000","price_per_unit":null,"price_per_unit_formatted":""},"include_tax":{"original_price":11000,"original_price_formatted":"¥11,000","price":11000,"price_formatted":"¥11,000","price_per_unit":null,"price_per_unit_formatted":""},"is_discounted":false}],"purchase_limit":null,"replenishment":{"message":"Recommended Auto-Ship cycle: 6 weeks  Learn more >"},"reviews":{"average_rating":null,"number_of_questions":null,"number_of_reviews":null},"set_components":null,"shade_groups":null,"shades":null,"sizes":[{"key":1,"value":"50mL"}],"skin":{"tone":null,"type":[{"key":"combination-skintype","value":"combination_skintype"},{"key":"dry-skintype","value":"dry_skintype"}],"type_description":null},"sku_badge":null,"sku_badge_image":null,"sku_display_order":0,"sku_id":"7C2L01","sku_promo_messaging":null,"sku_type":"SE","sku_url":null,"tags":{"total":13,"items":[{"id":"16741","key":"blackheads","value":"Blackheads"},{"id":"27174","key":"day7flashsale","value":"Day7FlashSale"},{"id":"13302","key":"クリーム","value":"クリーム"},{"id":"11475","key":"エイジングケア","value":"エイジングケア"},{"id":"27168","key":"day1flashsale","value":"Day1FlashSale"},{"id":"28314","key":"エイジングケアクリームセット","value":"エイジングケアクリームセット"},{"id":"27172","key":"day5flashsale","value":"Day5FlashSale"},{"id":"1674","key":"ディ-エイジング","value":"ディ-エイジング"},{"id":"13301","key":"乳液クリーム","value":"乳液・クリーム"},{"id":"1675","key":"守る防ぐ","value":"守る、防ぐ。"},{"id":"13304","key":"スペシャルケア","value":"スペシャルケア"},{"id":"14706","key":"スペシャルケア","value":"スペシャルケア"},{"id":"1687","key":"乾燥","value":"乾燥"}]},"texture":null,"undertone":null,"unit_of_measure":null,"unit_size":null,"unit_size_formatted":null,"upc":"020714493424","vto":{"is_color_experience":null,"is_foundation_experience":null}},{"color_family":null,"coverage_options":null,"cross_sell":null,"display_status":7,"finish":null,"finish_options":null,"fragrances":[{"family":null,"key":null,"value":null}],"iln_listing":"水・グリセリン・ポリグリセリル－３ミツロウ・ホホバ種子油・ステアリン酸グリセリル・ポリアクリル酸メチル・ステアリン酸ＰＥＧ－１００・ステアリン酸ヘキシルデシル・テトラオクタン酸ペンタエリスリチル・ワセリン・水添レシチン・酸化チタン・マイカ・セテアリルアルコール・セテアリルグルコシド・ビスＰＥＧ－１８メチルエーテルジメチルシラン・フェニルトリメチコン・リシノレイン酸セチル・酢酸トコフェロール・ホエイタンパク（牛乳）・エチルヘキシルグリセリン・ジメチコン・トリ（カプリル酸／カプリン酸）グリセリル・（アクリル酸／アクリル酸アルキル（Ｃ１０ー３０））コポリマー・ツクシメナモミエキス・カプリリルグリコール・カフェイン・アストロカリウムムルムル脂・トロメタミン・（アクリルアミド／アクリロイルジメチルタウリンＮａ）コポリマー・テトラヘキシルデカン酸アスコルビル・イソヘキサデカン・ＥＤＴＡ－２Ｎａ・オニサルビアエキス・ヒアルロン酸Ｎａ・ツボクサエキス・ヘキシレングリコール・コミフォラムクル樹脂エキス・レシチン・ポリソルベート８０・クロレラエキス・ダイズタンパク・ラミナリアディギタータエキス・ローマカミツレ花油・ミクロコッカス溶解液・ローズマリー葉エキス・クエン酸・アセチルヘキサペプチド－８・エルゴチオネイン・キサンタンガム・フェノキシエタノール・ソルビン酸Ｋ<JILN005563>","iln_version_number":"JILN005563","inventory_status":"Active","is_active":true,"is_coming_soon":null,"is_default_sku":false,"is_discountable":true,"is_displayable":null,"is_engravable":null,"is_fragrance":null,"is_giftable":null,"is_giftwrap":false,"is_inactive":null,"is_multi_shaded":null,"is_out_of_stock":null,"is_preorder":false,"is_preorderable":null,"is_promotional":null,"is_replenishable":false,"is_search_suppressed":null,"is_searchable":true,"is_shaded":null,"is_sized":null,"is_sold_out":null,"is_under_weight_hazmat":null,"is_vto_enabled":null,"life_of_product":"Basic Reorder","material_code":"7C2K010001","media":{"large":[{"alt":"リペアウェア モイスチャーリフト クリーム","height":1200,"position":0,"src":"/media/export/cms/products/1200x1500/cl_sku_7C2K01_1200x1500_0.png","type":"image","width":1500}],"medium":[{"alt":"リペアウェア モイスチャーリフト クリーム","height":600,"position":1,"src":"/media/export/cms/products/600x750/cl_sku_7C2K01_600x750_0.png","type":"image","width":750}],"model":null,"poster":null,"small":[{"alt":"リペアウェア モイスチャーリフト クリーム","height":1200,"position":2,"src":"/media/export/cms/products/1200x1500/cl_sku_7C2K01_1200x1500_0.png","type":"image","width":1500}],"smoosh":null,"xl":null},"out_of_stock_threshold":null,"perlgem":{"SKU_BASE_ID":40819},"preorder_date":null,"prices":[{"currency":"JPY","exclude_tax":{"original_price":10000,"original_price_formatted":"¥10,000","price":10000,"price_formatted":"¥10,000","price_per_unit":null,"price_per_unit_formatted":""},"include_tax":{"original_price":11000,"original_price_formatted":"¥11,000","price":11000,"price_formatted":"¥11,000","price_per_unit":null,"price_per_unit_formatted":""},"is_discounted":false}],"purchase_limit":null,"replenishment":{"message":"Recommended Auto-Ship cycle: 6 weeks  Learn more >"},"reviews":{"average_rating":null,"number_of_questions":null,"number_of_reviews":null},"set_components":null,"shade_groups":null,"shades":null,"sizes":[{"key":1,"value":"50mL"}],"skin":{"tone":null,"type":[{"key":"very-dry-skintype","value":"very_dry_skintype"}],"type_description":null},"sku_badge":null,"sku_badge_image":null,"sku_display_order":0,"sku_id":"7C2K01","sku_promo_messaging":null,"sku_type":"SE","sku_url":null,"tags":{"total":11,"items":[{"id":"16741","key":"blackheads","value":"Blackheads"},{"id":"13302","key":"クリーム","value":"クリーム"},{"id":"11475","key":"エイジングケア","value":"エイジングケア"},{"id":"28314","key":"エイジングケアクリームセット","value":"エイジングケアクリームセット"},{"id":"27172","key":"day5flashsale","value":"Day5FlashSale"},{"id":"1674","key":"ディ-エイジング","value":"ディ-エイジング"},{"id":"13301","key":"乳液クリーム","value":"乳液・クリーム"},{"id":"1675","key":"守る防ぐ","value":"守る、防ぐ。"},{"id":"13304","key":"スペシャルケア","value":"スペシャルケア"},{"id":"14706","key":"スペシャルケア","value":"スペシャルケア"},{"id":"1687","key":"乾燥","value":"乾燥"}]},"texture":null,"undertone":null,"unit_of_measure":null,"unit_size":null,"unit_size_formatted":null,"upc":"020714493417","vto":{"is_color_experience":null,"is_foundation_experience":null}}]},"sub_display_name":"リペアウェア モイスチャーリフト クリーム","sub_header":null,"tags":{"total":13,"items":[{"id":"16741","key":"blackheads","parent_tag_id":"1667","product_display_order":11,"value":"Blackheads"},{"id":"27174","key":"day7flashsale","parent_tag_id":"1590","product_display_order":0,"value":"Day7FlashSale"},{"id":"13302","key":"クリーム","parent_tag_id":"1667","product_display_order":28,"value":"クリーム"},{"id":"11475","key":"エイジングケア","parent_tag_id":"1667","product_display_order":10,"value":"エイジングケア"},{"id":"27168","key":"day1flashsale","parent_tag_id":"1590","product_display_order":0,"value":"Day1FlashSale"},{"id":"28314","key":"エイジングケアクリームセット","parent_tag_id":"1667","product_display_order":5,"value":"エイジングケアクリームセット"},{"id":"27172","key":"day5flashsale","parent_tag_id":"1590","product_display_order":10,"value":"Day5FlashSale"},{"id":"1674","key":"ディ-エイジング","parent_tag_id":"1667","product_display_order":9,"value":"ディ-エイジング"},{"id":"13301","key":"乳液クリーム","parent_tag_id":"1667","product_display_order":17,"value":"乳液・クリーム"},{"id":"1675","key":"守る防ぐ","parent_tag_id":"1674","product_display_order":0,"value":"守る、防ぐ。"},{"id":"13304","key":"スペシャルケア","parent_tag_id":"1667","product_display_order":40,"value":"スペシャルケア"},{"id":"14706","key":"スペシャルケア","parent_tag_id":"1667","product_display_order":27,"value":"スペシャルケア"},{"id":"1687","key":"乾燥","parent_tag_id":"1667","product_display_order":20,"value":"乾燥"}]},"usage":[{"content":"朝と夜、３ステップ スキンケア（ソープ・ローション・乳液）の後、適量を取り、目のまわりを避けて、顔全体と首になじませます。","label":"PRODUCT USAGE","type":"product_usage"},{"content":null,"label":"HOW DOES IT WORK","type":"how_does_it_work"},{"content":null,"label":"WHO IT IS FOR","type":"who_it_is_for"},{"content":null,"label":"GREAT TO KNOW","type":"great_to_know"},{"content":null,"label":"WHAT_IT_DOES","type":"what_it_does"},{"content":null,"label":"WHAT_IT_IS","type":"what_it_is"}],"objectID":"20932"},{"benefit":{"statement":null,"benefits":null},"brand":null,"collection":null,"coverage":null,"cross_sell":[{"sku_id":"60MK01","sort_key":1},{"sku_id":"6WRE01","sort_key":2},{"sku_id":"7G8K01","sort_key":3},{"sku_id":"71MC01","sort_key":4},{"sku_id":"6MNY64","sort_key":5},{"sku_id":"62A401","sort_key":6}],"default_category":{"id":"1683","key":"アイ-リップ-ケア"},"description":"うるおいを与えて目の周りを明るく整えるアイクリーム。<br>クールな感触のメタルチップのアプリケーターでマッサージするようになじませて目もとをリフレッシュ。すっきりとした健康的な印象の目もとに。<br><br>クリニーク クリーン フィロソフィー<br><br>パラベンフリー<br>フタル酸エステル不使用　<br>無香料<br>肌が喜ぶスキンケア","display_mode":null,"display_name":"イーブン ベター アイ","display_status":7,"finish":null,"form":null,"formula_type":null,"fragrance_family":null,"indexable_keywords":[{"value":"イーブン ベター アイ"},{"value":"イーブン ベター"},{"value":"アイクリーム"},{"value":"アイ クリーム"},{"value":"エイジングケア"},{"value":"エイジング"},{"value":"Even"},{"value":"Even Better"},{"value":"イーブン ベター"},{"value":"イーブン"},{"value":"EVEN　BETTER"},{"value":"しみ"},{"value":"そばかす"},{"value":"シミ"}],"is_hazmat":false,"is_product_coming_soon":null,"is_product_displayable":true,"is_product_searchable":true,"is_product_shoppable":true,"is_product_sold_out":null,"is_product_temporarily_out_of_stock":null,"is_search_suppressed":null,"key_ingredient":null,"media":{"large":null,"medium":null,"poster":null,"small":null,"videos":[{"position":null,"poster":{"height":null,"src":null,"width":null},"provider":"YouTube","src":null},{"position":null,"poster":{"height":null,"src":null,"width":null},"provider":"YouTube","src":null},{"position":null,"poster":{"height":null,"src":null,"width":null},"provider":"YouTube","src":null}],"xl":null},"meta":{"description":"Clinique lightweight, hydrating eye cream","keywords":"under eye, eye cream, brightening eye, brightening eye cream, dark spot eye, Eyes, EB, Even Better, Even Better Clinical, ojeras, manchas"},"parent_category":[{"id":"1683","value":"アイ & リップ ケア"},{"id":"1667","value":"スキンケア"}],"product_badge":null,"product_id":"22695","product_title_tag":null,"product_type":"Sized","product_url":"/product/1683/22695/-/even-better-eyestm-dark-circle-corrector","reviews":{"average_rating":null,"number_of_questions":null,"number_of_reviews":null},"shade_groups":null,"short_description":"うるおいを与えて目の周りを明るく整えるアイクリーム。<br>クールな感触のメタルチップのアプリケーターでマッサージするようになじませて目もとをリフレッシュ。すっきりとした健康的な印象の目もとに。<br><br>クリニーク クリーン フィロソフィー<br><br>パラベンフリー<br>フタル酸エステル不使用　<br>無香料<br>肌が喜ぶスキンケア","skin":null,"skin_goal":null,"skus":{"total":1,"items":[{"color_family":null,"coverage_options":null,"cross_sell":null,"display_status":7,"finish":null,"finish_options":null,"fragrances":[{"family":null,"key":null,"value":null}],"iln_listing":"ジメチコン・水・ポリエチレン・パルミチン酸イソステアリル・ポリシリコーン－１１・ＢＧ・（エチレン／アクリル酸）コポリマー・イソノナン酸イソノニル・ポリメチルシルセスキオキサン・セチルＰＥＧ／ＰＰＧ－１０／１ジメチコン・ワセリン・ポリメタクリル酸メチル・ポリメタクリル酸グリセリル・スクロース・酢酸トコフェロール・ジメチコンクロスポリマー－３・カフェイン・乳タンパク（牛乳）・ラウリン酸グリセリル・クオタニウム－９０ベントナイト・塩化Ｎａ・ホエイタンパク（牛乳）・チャエキス・グリセリン・ＰＥＧ－８・ツクシメナモミエキス・フィトスフィンゴシン・ＰＥＧ／ＰＰＧ－１８／１８ジメチコン・コレステロール・ジメチコンシリレート・リン酸アスコルビルＭｇ・オリーブ果汁・酵母エキス・ジパルミチン酸ピリドキシン・ＥＤＴＡ－２Ｎａ・炭酸プロピレン・トリエトキシカプリリルシラン・ＰＧ・クロミグワ根皮エキス・コムギフスマエキス・リノール酸・オウゴンエキス・オレイン酸・リノレン酸・ブドウ果実エキス・パルミトイルオリゴペプチド・デヒドロ酢酸Ｎａ　＋／－　酸化チタン・マイカ・酸化鉄・酸化スズ<JILN005778>","iln_version_number":"JILN005778","inventory_status":"Active","is_active":true,"is_coming_soon":null,"is_default_sku":false,"is_discountable":true,"is_displayable":null,"is_engravable":null,"is_fragrance":null,"is_giftable":null,"is_giftwrap":false,"is_inactive":null,"is_multi_shaded":null,"is_out_of_stock":null,"is_preorder":false,"is_preorderable":null,"is_promotional":null,"is_replenishable":false,"is_search_suppressed":null,"is_searchable":true,"is_shaded":null,"is_sized":null,"is_sold_out":null,"is_under_weight_hazmat":false,"is_vto_enabled":null,"life_of_product":"Basic Reorder","material_code":"7JHT016000","media":{"large":[{"alt":"イーブン ベター アイ","height":1200,"position":0,"src":"/media/export/cms/products/1200x1500/cl_sku_7JHT01_1200x1500_0.png","type":"image","width":1500}],"medium":[{"alt":"イーブン ベター アイ","height":600,"position":1,"src":"/media/export/cms/products/600x750/cl_sku_7JHT01_600x750_0.png","type":"image","width":750}],"model":null,"poster":null,"small":[{"alt":"イーブン ベター アイ","height":1200,"position":2,"src":"/media/export/cms/products/1200x1500/cl_sku_7JHT01_1200x1500_0.png","type":"image","width":1500}],"smoosh":null,"xl":null},"out_of_stock_threshold":null,"perlgem":{"SKU_BASE_ID":43642},"preorder_date":null,"prices":[{"currency":"JPY","exclude_tax":{"original_price":5000,"original_price_formatted":"¥5,000","price":5000,"price_formatted":"¥5,000","price_per_unit":null,"price_per_unit_formatted":""},"include_tax":{"original_price":5500,"original_price_formatted":"¥5,500","price":5500,"price_formatted":"¥5,500","price_per_unit":null,"price_per_unit_formatted":""},"is_discounted":false}],"purchase_limit":null,"replenishment":{"message":"Recommended Auto-Ship cycle: 8 weeks  Learn more >"},"reviews":{"average_rating":null,"number_of_questions":null,"number_of_reviews":null},"set_components":null,"shade_groups":null,"shades":null,"sizes":[{"key":1,"value":"10mL"}],"skin":{"tone":null,"type":null,"type_description":null},"sku_badge":null,"sku_badge_image":null,"sku_display_order":0,"sku_id":"7JHT01","sku_promo_messaging":null,"sku_type":"SE","sku_url":null,"tags":{"total":11,"items":[{"id":"9427","key":"whatsnew","value":"what'snew"},{"id":"14706","key":"スペシャルケア","value":"スペシャルケア"},{"id":"1683","key":"アイ-リップ-ケア","value":"アイ & リップ ケア"},{"id":"13304","key":"スペシャルケア","value":"スペシャルケア"},{"id":"27172","key":"day5flashsale","value":"Day5FlashSale"},{"id":"27169","key":"day2flashsale","value":"Day2FlashSale"},{"id":"12436","key":"スペシャルケア","value":"スペシャルケア"},{"id":"12435","key":"デイリーケア","value":"デイリーケア"},{"id":"13659","key":"トライアルサイズ","value":"トライアルサイズ"},{"id":"1693","key":"シミソバカス","value":"シミ・ソバカス"},{"id":"27174","key":"day7flashsale","value":"Day7FlashSale"}]},"texture":null,"undertone":null,"unit_of_measure":null,"unit_size":null,"unit_size_formatted":null,"upc":"020714540227","vto":{"is_color_experience":null,"is_foundation_experience":null}}]},"sub_display_name":"イーブン ベター アイ","sub_header":null,"tags":{"total":11,"items":[{"id":"9427","key":"whatsnew","parent_tag_id":"9420","product_display_order":0,"value":"what'snew"},{"id":"14706","key":"スペシャルケア","parent_tag_id":"1667","product_display_order":16,"value":"スペシャルケア"},{"id":"1683","key":"アイ-リップ-ケア","parent_tag_id":"1667","product_display_order":17,"value":"アイ & リップ ケア"},{"id":"13304","key":"スペシャルケア","parent_tag_id":"1667","product_display_order":45,"value":"スペシャルケア"},{"id":"27172","key":"day5flashsale","parent_tag_id":"1590","product_display_order":21,"value":"Day5FlashSale"},{"id":"27169","key":"day2flashsale","parent_tag_id":"1590","product_display_order":0,"value":"Day2FlashSale"},{"id":"12436","key":"スペシャルケア","parent_tag_id":"1693","product_display_order":0,"value":"スペシャルケア"},{"id":"12435","key":"デイリーケア","parent_tag_id":"1693","product_display_order":0,"value":"デイリーケア"},{"id":"13659","key":"トライアルサイズ","parent_tag_id":"1667","product_display_order":49,"value":"トライアルサイズ"},{"id":"1693","key":"シミソバカス","parent_tag_id":"1667","product_display_order":9,"value":"シミ・ソバカス"},{"id":"27174","key":"day7flashsale","parent_tag_id":"1590","product_display_order":0,"value":"Day7FlashSale"}]},"usage":[{"content":"朝と夜、また、日中必要なときにいつでもご使用いただけます。少量を出し、目の周りにやさしくなじませます。ご使用後は、アプリケーターについた余分なクリームを拭き取り、キャップをしっかり閉めて下さい。","label":"PRODUCT USAGE","type":"product_usage"},{"content":null,"label":"HOW DOES IT WORK","type":"how_does_it_work"},{"content":null,"label":"WHO IT IS FOR","type":"who_it_is_for"},{"content":null,"label":"GREAT TO KNOW","type":"great_to_know"},{"content":null,"label":"WHAT_IT_DOES","type":"what_it_does"},{"content":null,"label":"WHAT_IT_IS","type":"what_it_is"}],"objectID":"22695"},{"benefit":{"statement":null,"benefits":null},"brand":null,"collection":null,"coverage":null,"cross_sell":[{"sku_id":"7THM01","sort_key":1},{"sku_id":"62A401","sort_key":2},{"sku_id":"7WCP01","sort_key":3},{"sku_id":"60MK01","sort_key":4},{"sku_id":"749K02","sort_key":5},{"sku_id":null,"sort_key":6}],"default_category":{"id":"1598","key":"アイシャドウ"},"description":"軽やかフィット、シアーな発色のクリーミーなアイ シャドウ。<br>単色使いはもちろん、重ねづけも自由自在。繰り出し式。<br>※最後まで良い状態でお使いいただくために、カチンと音がするまでキャップをしっかりとお閉めください。","display_mode":null,"display_name":"チャビー スティック シャドウ ティント フォー アイ","display_status":7,"finish":null,"form":null,"formula_type":null,"fragrance_family":null,"indexable_keywords":null,"is_hazmat":false,"is_product_coming_soon":null,"is_product_displayable":true,"is_product_searchable":true,"is_product_shoppable":true,"is_product_sold_out":null,"is_product_temporarily_out_of_stock":null,"is_search_suppressed":null,"key_ingredient":null,"media":{"large":null,"medium":null,"poster":null,"small":null,"videos":[{"position":null,"poster":{"height":null,"src":null,"width":null},"provider":null,"src":null},{"position":null,"poster":{"height":null,"src":null,"width":null},"provider":null,"src":null},{"position":null,"poster":{"height":null,"src":null,"width":null},"provider":null,"src":null}],"xl":null},"meta":{"description":null,"keywords":"eye shadow, chubby, tint, stick, sombra"},"parent_category":[{"id":"1598","value":"アイシャドウ"},{"id":"1592","value":"メーク"}],"product_badge":null,"product_id":"22855","product_title_tag":null,"product_type":"Shaded","product_url":"/product/1598/22855/--/chubby-stick-shadow-tint-for-eyes","reviews":{"average_rating":null,"number_of_questions":null,"number_of_reviews":null},"shade_groups":null,"short_description":"軽やかフィット、シアーな発色のクリーミーなアイ シャドウ。<br>単色使いはもちろん、重ねづけも自由自在。繰り出し式。<br><br>※最後まで良い状態でお使いいただくために、カチンと音がするまでキャップをしっかりとお閉めください。","skin":null,"skin_goal":null,"skus":{"total":6,"items":[{"color_family":null,"coverage_options":null,"cross_sell":null,"display_status":7,"finish":null,"finish_options":null,"fragrances":[{"family":null,"key":null,"value":null}],"iln_listing":"（Ｃ１１,１２）イソパラフィン・ポリエチレン・イソノナン酸エチルヘキシル・カルナウバロウ・イソヘキサデカン・オクチルドデカノール・セチルジメチコン・酢酸トコフェロール・ジステアルジモニウムヘクトライト・炭酸プロピレン・ステアリン酸　＋／－　オキシ塩化ビスマス・マイカ・酸化チタン・酸化鉄・シリカ・青銅・合成金雲母・酸化クロム・カルミン・コンジョウ・酸化スズ・マンガンバイオレット・黄４・青１・グンジョウ・水酸化クロム<JILN005726>","iln_version_number":"JILN005726","inventory_status":"Active","is_active":true,"is_coming_soon":null,"is_default_sku":false,"is_discountable":true,"is_displayable":null,"is_engravable":null,"is_fragrance":null,"is_giftable":null,"is_giftwrap":false,"is_inactive":null,"is_multi_shaded":null,"is_out_of_stock":null,"is_preorder":false,"is_preorderable":null,"is_promotional":null,"is_replenishable":false,"is_search_suppressed":null,"is_searchable":true,"is_shaded":null,"is_sized":null,"is_sold_out":null,"is_under_weight_hazmat":false,"is_vto_enabled":null,"life_of_product":"Basic Reorder","material_code":"7NYF010001","media":{"large":[{"alt":"チャビー スティック シャドウ ティント フォー アイ","height":1200,"position":1,"src":"/media/export/cms/products/1200x1500/cl_sku_7NYF01_1200x1500_0.png","type":"image","width":1500}],"medium":[{"alt":"チャビー スティック シャドウ ティント フォー アイ","height":600,"position":2,"src":"/media/export/cms/products/600x750/cl_sku_7NYF01_600x750_0.png","type":"image","width":750}],"model":null,"poster":null,"small":[{"alt":"チャビー スティック シャドウ ティント フォー アイ","height":1200,"position":3,"src":"/media/export/cms/products/1200x1500/cl_sku_7NYF01_1200x1500_0.png","type":"image","width":1500}],"smoosh":[{"alt":"チャビー スティック シャドウ ティント フォー アイ","height":1200,"position":0,"src":"/media/export/cms/products/1200x1500/swatches_v3/36_ns_ng.png","type":"image","width":1500}],"xl":null},"out_of_stock_threshold":null,"perlgem":{"SKU_BASE_ID":44058},"preorder_date":null,"prices":[{"currency":"JPY","exclude_tax":{"original_price":2700,"original_price_formatted":"¥2,700","price":2700,"price_formatted":"¥2,700","price_per_unit":null,"price_per_unit_formatted":""},"include_tax":{"original_price":2970,"original_price_formatted":"¥2,970","price":2970,"price_formatted":"¥2,970","price_per_unit":null,"price_per_unit_formatted":""},"is_discounted":false}],"purchase_limit":null,"replenishment":{"message":"Never run low on your favourites. Sign up for Auto-Ship. Learn more >"},"reviews":{"average_rating":null,"number_of_questions":null,"number_of_reviews":null},"set_components":null,"shade_groups":null,"shades":[{"description":"ひと塗りで優しい印象の深みのあるウォームベージュ","hex_val":"#f0c6b0","image":{"height":null,"src":"","width":null},"name":"01 バウンティフル ベージュ","smoosh_design":{"group_id":null,"name":"36::none::none"}}],"sizes":[{"key":1,"value":"3g"}],"skin":{"tone":null,"type":null,"type_description":null},"sku_badge":null,"sku_badge_image":null,"sku_display_order":1,"sku_id":"7NYF01","sku_promo_messaging":null,"sku_type":"SE","sku_url":null,"tags":{"total":14,"items":[{"id":"1592","key":"メーク","value":"メーク"},{"id":"1598","key":"アイシャドウ","value":"アイシャドウ"},{"id":"12537","key":"メークアップ-ベストセラー","value":"メークアップ ベストセラー"},{"id":"9427","key":"whatsnew","value":"what'snew"},{"id":"1575","key":"ベストセラー","value":"ベストセラー"},{"id":"10589","key":"offers-lp","value":"Offers LP"},{"id":"27171","key":"day4flashsale","value":"Day4FlashSale"},{"id":"27174","key":"day7flashsale","value":"Day7FlashSale"},{"id":"25565","key":"justarrivednew","value":"justarrivednew"},{"id":"4323","key":"just-arrived","value":"Just Arrived"},{"id":"13562","key":"makeup","value":"Makeup"},{"id":"9423","key":"coral-crush-trend","value":"Coral Crush Trend"},{"id":"13561","key":"holiday-2014","value":"Holiday 2014"},{"id":"27172","key":"day5flashsale","value":"Day5FlashSale"}]},"texture":null,"undertone":null,"unit_of_measure":null,"unit_size":3,"unit_size_formatted":null,"upc":"020714577872","vto":{"is_color_experience":null,"is_foundation_experience":null}},{"color_family":null,"coverage_options":null,"cross_sell":null,"display_status":7,"finish":null,"finish_options":null,"fragrances":[{"family":null,"key":null,"value":null}],"iln_listing":"（Ｃ１１,１２）イソパラフィン・ポリエチレン・イソノナン酸エチルヘキシル・イソヘキサデカン・カルナウバロウ・オクチルドデカノール・セチルジメチコン・酢酸トコフェロール・ジステアルジモニウムヘクトライト・炭酸プロピレン・ステアリン酸　＋／－　オキシ塩化ビスマス・マイカ・酸化鉄・酸化チタン・シリカ・青銅・グンジョウ・合成金雲母・コンジョウ・カルミン・マンガンバイオレット・酸化スズ・黄４・酸化クロム・青１・水酸化クロム<JILN5727>","iln_version_number":"JILN5727","inventory_status":"Active","is_active":true,"is_coming_soon":null,"is_default_sku":false,"is_discountable":true,"is_displayable":null,"is_engravable":null,"is_fragrance":null,"is_giftable":null,"is_giftwrap":false,"is_inactive":null,"is_multi_shaded":null,"is_out_of_stock":null,"is_preorder":false,"is_preorderable":null,"is_promotional":null,"is_replenishable":false,"is_search_suppressed":null,"is_searchable":true,"is_shaded":null,"is_sized":null,"is_sold_out":null,"is_under_weight_hazmat":false,"is_vto_enabled":null,"life_of_product":"Basic Reorder","material_code":"7NYF020001","media":{"large":[{"alt":"チャビー スティック シャドウ ティント フォー アイ","height":1200,"position":1,"src":"/media/export/cms/products/1200x1500/cl_sku_7NYF02_1200x1500_0.png","type":"image","width":1500}],"medium":[{"alt":"チャビー スティック シャドウ ティント フォー アイ","height":600,"position":2,"src":"/media/export/cms/products/600x750/cl_sku_7NYF02_600x750_0.png","type":"image","width":750}],"model":null,"poster":null,"small":[{"alt":"チャビー スティック シャドウ ティント フォー アイ","height":1200,"position":3,"src":"/media/export/cms/products/1200x1500/cl_sku_7NYF02_1200x1500_0.png","type":"image","width":1500}],"smoosh":[{"alt":"チャビー スティック シャドウ ティント フォー アイ","height":1200,"position":0,"src":"/media/export/cms/products/1200x1500/swatches_v3/36_ns_ng.png","type":"image","width":1500}],"xl":null},"out_of_stock_threshold":null,"perlgem":{"SKU_BASE_ID":44093},"preorder_date":null,"prices":[{"currency":"JPY","exclude_tax":{"original_price":2700,"original_price_formatted":"¥2,700","price":2700,"price_formatted":"¥2,700","price_per_unit":null,"price_per_unit_formatted":""},"include_tax":{"original_price":2970,"original_price_formatted":"¥2,970","price":2970,"price_formatted":"¥2,970","price_per_unit":null,"price_per_unit_formatted":""},"is_discounted":false}],"purchase_limit":null,"replenishment":{"message":"Never run low on your favourites. Sign up for Auto-Ship. Learn more >"},"reviews":{"average_rating":null,"number_of_questions":null,"number_of_reviews":null},"set_components":null,"shade_groups":null,"shades":[{"description":"クールな目もとを演出するスモーキーなブラウン","hex_val":"#8c6f62","image":{"height":null,"src":"","width":null},"name":"02 ロッツ オ ラテ","smoosh_design":{"group_id":null,"name":"36::none::none"}}],"sizes":[{"key":1,"value":"3 g"}],"skin":{"tone":null,"type":null,"type_description":null},"sku_badge":null,"sku_badge_image":null,"sku_display_order":2,"sku_id":"7NYF02","sku_promo_messaging":null,"sku_type":"SE","sku_url":null,"tags":{"total":11,"items":[{"id":"1598","key":"アイシャドウ","value":"アイシャドウ"},{"id":"12537","key":"メークアップ-ベストセラー","value":"メークアップ ベストセラー"},{"id":"9427","key":"whatsnew","value":"what'snew"},{"id":"1575","key":"ベストセラー","value":"ベストセラー"},{"id":"10589","key":"offers-lp","value":"Offers LP"},{"id":"27171","key":"day4flashsale","value":"Day4FlashSale"},{"id":"27174","key":"day7flashsale","value":"Day7FlashSale"},{"id":"4323","key":"just-arrived","value":"Just Arrived"},{"id":"13562","key":"makeup","value":"Makeup"},{"id":"13561","key":"holiday-2014","value":"Holiday 2014"},{"id":"27172","key":"day5flashsale","value":"Day5FlashSale"}]},"texture":null,"undertone":null,"unit_of_measure":null,"unit_size":3,"unit_size_formatted":null,"upc":"020714577889","vto":{"is_color_experience":null,"is_foundation_experience":null}},{"color_family":null,"coverage_options":null,"cross_sell":null,"display_status":7,"finish":null,"finish_options":null,"fragrances":[{"family":null,"key":null,"value":null}],"iln_listing":"（Ｃ１１,１２）イソパラフィン・ポリエチレン・イソノナン酸エチルヘキシル・カルナウバロウ・イソヘキサデカン・オクチルドデカノール・セチルジメチコン・酢酸トコフェロール・ジステアルジモニウムヘクトライト・炭酸プロピレン・ステアリン酸　＋／－　オキシ塩化ビスマス・マイカ・酸化チタン・酸化鉄・シリカ・青銅・合成金雲母・酸化クロム・カルミン・コンジョウ・酸化スズ・マンガンバイオレット・黄４・青１・グンジョウ・水酸化クロム<JILN005726>","iln_version_number":"JILN005726","inventory_status":"Active","is_active":true,"is_coming_soon":null,"is_default_sku":false,"is_discountable":true,"is_displayable":null,"is_engravable":null,"is_fragrance":null,"is_giftable":null,"is_giftwrap":false,"is_inactive":null,"is_multi_shaded":null,"is_out_of_stock":null,"is_preorder":false,"is_preorderable":null,"is_promotional":null,"is_replenishable":false,"is_search_suppressed":null,"is_searchable":true,"is_shaded":null,"is_sized":null,"is_sold_out":null,"is_under_weight_hazmat":false,"is_vto_enabled":null,"life_of_product":"Basic Reorder","material_code":"7NYF030001","media":{"large":[{"alt":"チャビー スティック シャドウ ティント フォー アイ","height":1200,"position":1,"src":"/media/export/cms/products/1200x1500/cl_sku_7NYF03_1200x1500_0.png","type":"image","width":1500}],"medium":[{"alt":"チャビー スティック シャドウ ティント フォー アイ","height":600,"position":2,"src":"/media/export/cms/products/600x750/cl_sku_7NYF03_600x750_0.png","type":"image","width":750}],"model":null,"poster":null,"small":[{"alt":"チャビー スティック シャドウ ティント フォー アイ","height":1200,"position":3,"src":"/media/export/cms/products/1200x1500/cl_sku_7NYF03_1200x1500_0.png","type":"image","width":1500}],"smoosh":[{"alt":"チャビー スティック シャドウ ティント フォー アイ","height":1200,"position":0,"src":"/media/export/cms/products/1200x1500/swatches_v3/36_ns_ng.png","type":"image","width":1500}],"xl":null},"out_of_stock_threshold":null,"perlgem":{"SKU_BASE_ID":44094},"preorder_date":null,"prices":[{"currency":"JPY","exclude_tax":{"original_price":2700,"original_price_formatted":"¥2,700","price":2700,"price_formatted":"¥2,700","price_per_unit":null,"price_per_unit_formatted":""},"include_tax":{"original_price":2970,"original_price_formatted":"¥2,970","price":2970,"price_formatted":"¥2,970","price_per_unit":null,"price_per_unit_formatted":""},"is_discounted":false}],"purchase_limit":null,"replenishment":{"message":"Never run low on your favourites. Sign up for Auto-Ship. Learn more >"},"reviews":{"average_rating":null,"number_of_questions":null,"number_of_reviews":null},"set_components":null,"shade_groups":null,"shades":[{"description":"甘いソフトキャンディーのようなスィートブラウンベージュ","hex_val":"#714a3a","image":{"height":null,"src":"","width":null},"name":"03 フラー ファッジ","smoosh_design":{"group_id":null,"name":"36::none::none"}}],"sizes":[{"key":1,"value":"3g"}],"skin":{"tone":null,"type":null,"type_description":null},"sku_badge":null,"sku_badge_image":null,"sku_display_order":3,"sku_id":"7NYF03","sku_promo_messaging":null,"sku_type":"SE","sku_url":null,"tags":{"total":11,"items":[{"id":"1598","key":"アイシャドウ","value":"アイシャドウ"},{"id":"12537","key":"メークアップ-ベストセラー","value":"メークアップ ベストセラー"},{"id":"9427","key":"whatsnew","value":"what'snew"},{"id":"1575","key":"ベストセラー","value":"ベストセラー"},{"id":"10589","key":"offers-lp","value":"Offers LP"},{"id":"27171","key":"day4flashsale","value":"Day4FlashSale"},{"id":"4323","key":"just-arrived","value":"Just Arrived"},{"id":"13562","key":"makeup","value":"Makeup"},{"id":"9423","key":"coral-crush-trend","value":"Coral Crush Trend"},{"id":"13561","key":"holiday-2014","value":"Holiday 2014"},{"id":"27172","key":"day5flashsale","value":"Day5FlashSale"}]},"texture":null,"undertone":null,"unit_of_measure":null,"unit_size":null,"unit_size_formatted":null,"upc":"020714577896","vto":{"is_color_experience":null,"is_foundation_experience":null}},{"color_family":null,"coverage_options":null,"cross_sell":null,"display_status":7,"finish":null,"finish_options":null,"fragrances":[{"family":null,"key":null,"value":null}],"iln_listing":"（Ｃ１１,１２）イソパラフィン・ポリエチレン・イソノナン酸エチルヘキシル・イソヘキサデカン・カルナウバロウ・オクチルドデカノール・セチルジメチコン・酢酸トコフェロール・ジステアルジモニウムヘクトライト・炭酸プロピレン・ステアリン酸　＋／－　オキシ塩化ビスマス・マイカ・酸化鉄・酸化チタン・シリカ・青銅・グンジョウ・合成金雲母・コンジョウ・カルミン・マンガンバイオレット・酸化スズ・黄４・酸化クロム・青１・水酸化クロム<JILN5727>","iln_version_number":"JILN5727","inventory_status":"Active","is_active":true,"is_coming_soon":null,"is_default_sku":false,"is_discountable":true,"is_displayable":null,"is_engravable":null,"is_fragrance":null,"is_giftable":null,"is_giftwrap":false,"is_inactive":null,"is_multi_shaded":null,"is_out_of_stock":null,"is_preorder":false,"is_preorderable":null,"is_promotional":null,"is_replenishable":false,"is_search_suppressed":null,"is_searchable":true,"is_shaded":null,"is_sized":null,"is_sold_out":null,"is_under_weight_hazmat":false,"is_vto_enabled":null,"life_of_product":"Basic Reorder","material_code":"7NYF040001","media":{"large":[{"alt":"チャビー スティック シャドウ ティント フォー アイ","height":1200,"position":1,"src":"/media/export/cms/products/1200x1500/cl_sku_7NYF04_1200x1500_0.png","type":"image","width":1500}],"medium":[{"alt":"チャビー スティック シャドウ ティント フォー アイ","height":600,"position":2,"src":"/media/export/cms/products/600x750/cl_sku_7NYF04_600x750_0.png","type":"image","width":750}],"model":null,"poster":null,"small":[{"alt":"チャビー スティック シャドウ ティント フォー アイ","height":1200,"position":3,"src":"/media/export/cms/products/1200x1500/cl_sku_7NYF04_1200x1500_0.png","type":"image","width":1500}],"smoosh":[{"alt":"チャビー スティック シャドウ ティント フォー アイ","height":1200,"position":0,"src":"/media/export/cms/products/1200x1500/swatches_v3/36_ns_ng.png","type":"image","width":1500}],"xl":null},"out_of_stock_threshold":null,"perlgem":{"SKU_BASE_ID":44095},"preorder_date":null,"prices":[{"currency":"JPY","exclude_tax":{"original_price":2700,"original_price_formatted":"¥2,700","price":2700,"price_formatted":"¥2,700","price_per_unit":null,"price_per_unit_formatted":""},"include_tax":{"original_price":2970,"original_price_formatted":"¥2,970","price":2970,"price_formatted":"¥2,970","price_per_unit":null,"price_per_unit_formatted":""},"is_discounted":false}],"purchase_limit":null,"replenishment":{"message":"Never run low on your favourites. Sign up for Auto-Ship. Learn more >"},"reviews":{"average_rating":null,"number_of_questions":null,"number_of_reviews":null},"set_components":null,"shade_groups":null,"shades":[{"description":"琥珀のような温かみのあるやわらかなライトブラウン","hex_val":"#c89274","image":{"height":null,"src":"","width":null},"name":"04 アンプル アンバー","smoosh_design":{"group_id":null,"name":"36::none::none"}}],"sizes":[{"key":1,"value":"3 g"}],"skin":{"tone":null,"type":null,"type_description":null},"sku_badge":null,"sku_badge_image":null,"sku_display_order":4,"sku_id":"7NYF04","sku_promo_messaging":null,"sku_type":"SE","sku_url":null,"tags":{"total":10,"items":[{"id":"1598","key":"アイシャドウ","value":"アイシャドウ"},{"id":"12537","key":"メークアップ-ベストセラー","value":"メークアップ ベストセラー"},{"id":"9427","key":"whatsnew","value":"what'snew"},{"id":"1575","key":"ベストセラー","value":"ベストセラー"},{"id":"10589","key":"offers-lp","value":"Offers LP"},{"id":"27171","key":"day4flashsale","value":"Day4FlashSale"},{"id":"4323","key":"just-arrived","value":"Just Arrived"},{"id":"13562","key":"makeup","value":"Makeup"},{"id":"13561","key":"holiday-2014","value":"Holiday 2014"},{"id":"27172","key":"day5flashsale","value":"Day5FlashSale"}]},"texture":null,"undertone":null,"unit_of_measure":null,"unit_size":null,"unit_size_formatted":null,"upc":"020714577902","vto":{"is_color_experience":null,"is_foundation_experience":null}},{"color_family":null,"coverage_options":null,"cross_sell":null,"display_status":7,"finish":null,"finish_options":null,"fragrances":[{"family":null,"key":null,"value":null}],"iln_listing":"（Ｃ１１,１２）イソパラフィン・ポリエチレン・イソノナン酸エチルヘキシル・カルナウバロウ・イソヘキサデカン・オクチルドデカノール・セチルジメチコン・酢酸トコフェロール・ジステアルジモニウムヘクトライト・炭酸プロピレン・ステアリン酸　＋／－　オキシ塩化ビスマス・マイカ・酸化チタン・酸化鉄・シリカ・青銅・合成金雲母・酸化クロム・カルミン・コンジョウ・酸化スズ・マンガンバイオレット・黄４・青１・グンジョウ・水酸化クロム<JILN005726>","iln_version_number":"JILN005726","inventory_status":"Active","is_active":true,"is_coming_soon":null,"is_default_sku":false,"is_discountable":true,"is_displayable":null,"is_engravable":null,"is_fragrance":null,"is_giftable":null,"is_giftwrap":false,"is_inactive":null,"is_multi_shaded":null,"is_out_of_stock":null,"is_preorder":false,"is_preorderable":null,"is_promotional":null,"is_replenishable":false,"is_search_suppressed":null,"is_searchable":true,"is_shaded":null,"is_sized":null,"is_sold_out":null,"is_under_weight_hazmat":false,"is_vto_enabled":null,"life_of_product":"Basic Reorder","material_code":"7NYF090001","media":{"large":[{"alt":"チャビー スティック シャドウ ティント フォー アイ","height":1200,"position":1,"src":"/media/export/cms/products/1200x1500/cl_sku_7NYF09_1200x1500_0.png","type":"image","width":1500}],"medium":[{"alt":"チャビー スティック シャドウ ティント フォー アイ","height":600,"position":2,"src":"/media/export/cms/products/600x750/cl_sku_7NYF09_600x750_0.png","type":"image","width":750}],"model":null,"poster":null,"small":[{"alt":"チャビー スティック シャドウ ティント フォー アイ","height":1200,"position":3,"src":"/media/export/cms/products/1200x1500/cl_sku_7NYF09_1200x1500_0.png","type":"image","width":1500}],"smoosh":[{"alt":"チャビー スティック シャドウ ティント フォー アイ","height":1200,"position":0,"src":"/media/export/cms/products/1200x1500/swatches_v3/36_ns_ng.png","type":"image","width":1500}],"xl":null},"out_of_stock_threshold":null,"perlgem":{"SKU_BASE_ID":44100},"preorder_date":null,"prices":[{"currency":"JPY","exclude_tax":{"original_price":2700,"original_price_formatted":"¥2,700","price":2700,"price_formatted":"¥2,700","price_per_unit":null,"price_per_unit_formatted":""},"include_tax":{"original_price":2970,"original_price_formatted":"¥2,970","price":2970,"price_formatted":"¥2,970","price_per_unit":null,"price_per_unit_formatted":""},"is_discounted":false}],"purchase_limit":null,"replenishment":{"message":"Never run low on your favourites. Sign up for Auto-Ship. Learn more >"},"reviews":{"average_rating":null,"number_of_questions":null,"number_of_reviews":null},"set_components":null,"shade_groups":null,"shades":[{"description":"咲き誇るライラックのごとく高貴な印象のライト パープル","hex_val":"#a18baa","image":{"height":null,"src":"","width":null},"name":"09 ラビッシュ ライラック","smoosh_design":{"group_id":null,"name":"36::none::none"}}],"sizes":[{"key":1,"value":"3g"}],"skin":{"tone":null,"type":null,"type_description":null},"sku_badge":null,"sku_badge_image":null,"sku_display_order":7,"sku_id":"7NYF09","sku_promo_messaging":null,"sku_type":"SE","sku_url":null,"tags":{"total":11,"items":[{"id":"1598","key":"アイシャドウ","value":"アイシャドウ"},{"id":"12537","key":"メークアップ-ベストセラー","value":"メークアップ ベストセラー"},{"id":"9427","key":"whatsnew","value":"what'snew"},{"id":"1575","key":"ベストセラー","value":"ベストセラー"},{"id":"10589","key":"offers-lp","value":"Offers LP"},{"id":"27171","key":"day4flashsale","value":"Day4FlashSale"},{"id":"27174","key":"day7flashsale","value":"Day7FlashSale"},{"id":"4323","key":"just-arrived","value":"Just Arrived"},{"id":"13562","key":"makeup","value":"Makeup"},{"id":"13561","key":"holiday-2014","value":"Holiday 2014"},{"id":"27172","key":"day5flashsale","value":"Day5FlashSale"}]},"texture":null,"undertone":null,"unit_of_measure":null,"unit_size":null,"unit_size_formatted":null,"upc":"020714577957","vto":{"is_color_experience":null,"is_foundation_experience":null}},{"color_family":null,"coverage_options":null,"cross_sell":null,"display_status":7,"finish":null,"finish_options":null,"fragrances":[{"family":null,"key":null,"value":null}],"iln_listing":"（Ｃ１１,１２）イソパラフィン・ポリエチレン・イソノナン酸エチルヘキシル・イソヘキサデカン・カルナウバロウ・オクチルドデカノール・セチルジメチコン・酢酸トコフェロール・ジステアルジモニウムヘクトライト・炭酸プロピレン・ステアリン酸　＋／－　オキシ塩化ビスマス・マイカ・酸化鉄・酸化チタン・シリカ・青銅・グンジョウ・合成金雲母・コンジョウ・カルミン・マンガンバイオレット・酸化スズ・黄４・酸化クロム・青１・水酸化クロム<JILN005727>","iln_version_number":"JILN005727","inventory_status":"Active","is_active":true,"is_coming_soon":null,"is_default_sku":false,"is_discountable":true,"is_displayable":null,"is_engravable":null,"is_fragrance":null,"is_giftable":null,"is_giftwrap":false,"is_inactive":null,"is_multi_shaded":null,"is_out_of_stock":null,"is_preorder":false,"is_preorderable":null,"is_promotional":null,"is_replenishable":false,"is_search_suppressed":null,"is_searchable":true,"is_shaded":null,"is_sized":null,"is_sold_out":null,"is_under_weight_hazmat":false,"is_vto_enabled":null,"life_of_product":"Basic Reorder","material_code":"7NYF100001","media":{"large":[{"alt":"チャビー スティック シャドウ ティント フォー アイ","height":1200,"position":1,"src":"/media/export/cms/products/1200x1500/cl_sku_7NYF10_1200x1500_0.png","type":"image","width":1500}],"medium":[{"alt":"チャビー スティック シャドウ ティント フォー アイ","height":600,"position":2,"src":"/media/export/cms/products/600x750/cl_sku_7NYF10_600x750_0.png","type":"image","width":750}],"model":null,"poster":null,"small":[{"alt":"チャビー スティック シャドウ ティント フォー アイ","height":1200,"position":3,"src":"/media/export/cms/products/1200x1500/cl_sku_7NYF10_1200x1500_0.png","type":"image","width":1500}],"smoosh":[{"alt":"チャビー スティック シャドウ ティント フォー アイ","height":1200,"position":0,"src":"/media/export/cms/products/1200x1500/swatches_v3/36_ns_ng.png","type":"image","width":1500}],"xl":null},"out_of_stock_threshold":null,"perlgem":{"SKU_BASE_ID":44101},"preorder_date":null,"prices":[{"currency":"JPY","exclude_tax":{"original_price":2700,"original_price_formatted":"¥2,700","price":2700,"price_formatted":"¥2,700","price_per_unit":null,"price_per_unit_formatted":""},"include_tax":{"original_price":2970,"original_price_formatted":"¥2,970","price":2970,"price_formatted":"¥2,970","price_per_unit":null,"price_per_unit_formatted":""},"is_discounted":false}],"purchase_limit":null,"replenishment":{"message":"Never run low on your favourites. Sign up for Auto-Ship. Learn more >"},"reviews":{"average_rating":null,"number_of_questions":null,"number_of_reviews":null},"set_components":null,"shade_groups":null,"shades":[{"description":"雲ひとつない空のように爽快なスカイ ブルー","hex_val":"#4399bc","image":{"height":null,"src":"","width":null},"name":"10 ビッグ ブルー","smoosh_design":{"group_id":null,"name":"36::none::none"}}],"sizes":[{"key":1,"value":"3g"}],"skin":{"tone":null,"type":null,"type_description":null},"sku_badge":null,"sku_badge_image":null,"sku_display_order":8,"sku_id":"7NYF10","sku_promo_messaging":null,"sku_type":"SE","sku_url":null,"tags":{"total":5,"items":[{"id":"1598","key":"アイシャドウ","value":"アイシャドウ"},{"id":"1575","key":"ベストセラー","value":"ベストセラー"},{"id":"27171","key":"day4flashsale","value":"Day4FlashSale"},{"id":"27174","key":"day7flashsale","value":"Day7FlashSale"},{"id":"27172","key":"day5flashsale","value":"Day5FlashSale"}]},"texture":null,"undertone":null,"unit_of_measure":null,"unit_size":null,"unit_size_formatted":null,"upc":"020714577964","vto":{"is_color_experience":null,"is_foundation_experience":null}}]},"sub_display_name":"チャビー スティック シャドウ ティント フォー アイ","sub_header":null,"tags":{"total":14,"items":[{"id":"1592","key":"メーク","parent_tag_id":null,"product_display_order":0,"value":"メーク"},{"id":"1598","key":"アイシャドウ","parent_tag_id":"1592","product_display_order":1,"value":"アイシャドウ"},{"id":"12537","key":"メークアップ-ベストセラー","parent_tag_id":"1592","product_display_order":28,"value":"メークアップ ベストセラー"},{"id":"9427","key":"whatsnew","parent_tag_id":"9420","product_display_order":0,"value":"what'snew"},{"id":"1575","key":"ベストセラー","parent_tag_id":null,"product_display_order":64,"value":"ベストセラー"},{"id":"10589","key":"offers-lp","parent_tag_id":null,"product_display_order":9,"value":"Offers LP"},{"id":"27171","key":"day4flashsale","parent_tag_id":"1590","product_display_order":53,"value":"Day4FlashSale"},{"id":"27174","key":"day7flashsale","parent_tag_id":"1590","product_display_order":0,"value":"Day7FlashSale"},{"id":"25565","key":"justarrivednew","parent_tag_id":null,"product_display_order":3,"value":"justarrivednew"},{"id":"4323","key":"just-arrived","parent_tag_id":null,"product_display_order":53,"value":"Just Arrived"},{"id":"13562","key":"makeup","parent_tag_id":"13561","product_display_order":0,"value":"Makeup"},{"id":"9423","key":"coral-crush-trend","parent_tag_id":"9420","product_display_order":8,"value":"Coral Crush Trend"},{"id":"13561","key":"holiday-2014","parent_tag_id":null,"product_display_order":0,"value":"Holiday 2014"},{"id":"27172","key":"day5flashsale","parent_tag_id":"1590","product_display_order":0,"value":"Day5FlashSale"}]},"usage":[{"content":null,"label":"PRODUCT USAGE","type":"product_usage"},{"content":null,"label":"HOW DOES IT WORK","type":"how_does_it_work"},{"content":null,"label":"WHO IT IS FOR","type":"who_it_is_for"},{"content":null,"label":"GREAT TO KNOW","type":"great_to_know"},{"content":null,"label":"WHAT_IT_DOES","type":"what_it_does"},{"content":null,"label":"WHAT_IT_IS","type":"what_it_is"}],"objectID":"22855"},{"benefit":{"statement":null,"benefits":null},"brand":null,"collection":null,"coverage":null,"cross_sell":[{"sku_id":"75X301","sort_key":1},{"sku_id":"6CY401","sort_key":2},{"sku_id":"749K01","sort_key":3}],"default_category":{"id":"1606","key":"マスカラ"},"description":"どこまでも長いセパレートまつげに仕上げるマスカラ。独自のデュアル サイド ブラシで目もとをくっきり。<br>","display_mode":null,"display_name":"ラッシュ パワー レングス マスカラ","display_status":7,"finish":null,"form":null,"formula_type":null,"fragrance_family":null,"indexable_keywords":[{"value":"マスカラ；カラー；メークアップ；メイク"}],"is_hazmat":true,"is_product_coming_soon":null,"is_product_displayable":true,"is_product_searchable":true,"is_product_shoppable":true,"is_product_sold_out":null,"is_product_temporarily_out_of_stock":null,"is_search_suppressed":null,"key_ingredient":null,"media":{"large":null,"medium":null,"poster":null,"small":null,"videos":[{"position":null,"poster":{"height":null,"src":null,"width":null},"provider":null,"src":null},{"position":null,"poster":{"height":null,"src":null,"width":null},"provider":null,"src":null},{"position":null,"poster":{"height":null,"src":null,"width":null},"provider":null,"src":null}],"xl":null},"meta":{"description":null,"keywords":null},"parent_category":[{"id":"1606","value":"マスカラ"},{"id":"1592","value":"メーク"}],"product_badge":null,"product_id":"22922","product_title_tag":null,"product_type":"Shaded","product_url":"/product/1606/22922/-/lash-power-lengthening-mascara","reviews":{"average_rating":null,"number_of_questions":null,"number_of_reviews":null},"shade_groups":null,"short_description":"どこまでも長いセパレートまつげに仕上げるマスカラ。独自のデュアル サイド ブラシで目もとをくっきり。<BR>8月17日新発売。","skin":null,"skin_goal":null,"skus":{"total":1,"items":[{"color_family":null,"coverage_options":null,"cross_sell":null,"display_status":7,"finish":null,"finish_options":null,"fragrances":[{"family":null,"key":null,"value":null}],"iln_listing":"水・エタノール・アクリレーツコポリマー・ミツロウ・カルナウバロウ・ステアリン酸ＰＥＧ－１５グリセリル・プルラン・カオリン・ＢＧ・ベントナイト・ベヘニルアルコール・ステアリン酸・（ＶＰ／ＶＡ）コポリマー・ＡＭＰ・ジステアリン酸スクロース・ジメチコン・トコフェロール・クロルフェネシン・フェノキシエタノール・デヒドロ酢酸Ｎａ　＋／－　酸化鉄<JILN005531>","iln_version_number":"JILN005531","inventory_status":"Active","is_active":true,"is_coming_soon":null,"is_default_sku":false,"is_discountable":true,"is_displayable":null,"is_engravable":null,"is_fragrance":null,"is_giftable":null,"is_giftwrap":false,"is_inactive":null,"is_multi_shaded":null,"is_out_of_stock":null,"is_preorder":false,"is_preorderable":null,"is_promotional":null,"is_replenishable":false,"is_search_suppressed":null,"is_searchable":true,"is_shaded":null,"is_sized":null,"is_sold_out":null,"is_under_weight_hazmat":null,"is_vto_enabled":null,"life_of_product":"Basic Reorder","material_code":"7LET010001","media":{"large":[{"alt":"ラッシュ パワー レングス マスカラ","height":1200,"position":0,"src":"/media/export/cms/products/1200x1500/cl_sku_7LET01_1200x1500_0.png","type":"image","width":1500}],"medium":[{"alt":"ラッシュ パワー レングス マスカラ","height":600,"position":1,"src":"/media/export/cms/products/600x750/cl_sku_7LET01_600x750_0.png","type":"image","width":750}],"model":null,"poster":null,"small":[{"alt":"ラッシュ パワー レングス マスカラ","height":1200,"position":2,"src":"/media/export/cms/products/1200x1500/cl_sku_7LET01_1200x1500_0.png","type":"image","width":1500}],"smoosh":null,"xl":null},"out_of_stock_threshold":null,"perlgem":{"SKU_BASE_ID":44185},"preorder_date":null,"prices":[{"currency":"JPY","exclude_tax":{"original_price":3500,"original_price_formatted":"¥3,500","price":3500,"price_formatted":"¥3,500","price_per_unit":null,"price_per_unit_formatted":""},"include_tax":{"original_price":3850,"original_price_formatted":"¥3,850","price":3850,"price_formatted":"¥3,850","price_per_unit":null,"price_per_unit_formatted":""},"is_discounted":false}],"purchase_limit":null,"replenishment":{"message":null},"reviews":{"average_rating":null,"number_of_questions":null,"number_of_reviews":null},"set_components":null,"shade_groups":null,"shades":null,"sizes":[{"key":1,"value":null}],"skin":{"tone":null,"type":null,"type_description":null},"sku_badge":null,"sku_badge_image":null,"sku_display_order":0,"sku_id":"7LET01","sku_promo_messaging":null,"sku_type":"SE","sku_url":null,"tags":{"total":2,"items":[{"id":"19570","key":"おすすめ製品","value":"おすすめ製品"},{"id":"1606","key":"マスカラ","value":"マスカラ"}]},"texture":null,"undertone":null,"unit_of_measure":null,"unit_size":null,"unit_size_formatted":null,"upc":"020714557324","vto":{"is_color_experience":null,"is_foundation_experience":null}}]},"sub_display_name":"ラッシュ パワー レングス マスカラ","sub_header":null,"tags":{"total":2,"items":[{"id":"19570","key":"おすすめ製品","parent_tag_id":"1000020","product_display_order":86,"value":"おすすめ製品"},{"id":"1606","key":"マスカラ","parent_tag_id":"1592","product_display_order":19,"value":"マスカラ"}]},"usage":[{"content":"<span style=\"FONT-FAMILY: 'Arial','sans-serif'\">ブラシ毛が短い側でマスカラ液を塗布した後、ブラシ毛が長い側でまつげを梳くように塗布します。<br></span><span style=\"FONT-SIZE: 11pt; mso-bidi-font-size: 12.0pt\"><o:p></o:p></span>","label":"PRODUCT USAGE","type":"product_usage"},{"content":null,"label":"HOW DOES IT WORK","type":"how_does_it_work"},{"content":null,"label":"WHO IT IS FOR","type":"who_it_is_for"},{"content":null,"label":"GREAT TO KNOW","type":"great_to_know"},{"content":null,"label":"WHAT_IT_DOES","type":"what_it_does"},{"content":null,"label":"WHAT_IT_IS","type":"what_it_is"}],"objectID":"22922"},{"benefit":{"statement":null,"benefits":null},"brand":null,"collection":null,"coverage":null,"cross_sell":[{"sku_id":"6M2301","sort_key":1},{"sku_id":"749K01","sort_key":2},{"sku_id":"7WCP01","sort_key":3},{"sku_id":"6T1704","sort_key":4},{"sku_id":"6CY401","sort_key":5}],"default_category":{"id":"1605","key":"リップスティック"},"description":"ソフトな印象のカラーで魅惑的な唇に。シアーすぎずマットすぎない、パーフェクトでハッピーな発色です。マンゴーバターとシアバター配合で、やわらかくなめらかな着け心地をお楽しみいただけます。鮮やかな全8色。","display_mode":null,"display_name":"チャビー スティック インテンス モイスチャライジング リップ カラーバーム","display_status":7,"finish":null,"form":null,"formula_type":null,"fragrance_family":null,"indexable_keywords":[{"value":"チャビースティック"},{"value":"チャビースティックインテンス"},{"value":"チャビースティックインテンスモイスチャライジングリップカラーバーム"},{"value":"リップ"},{"value":"口紅"}],"is_hazmat":false,"is_product_coming_soon":null,"is_product_displayable":true,"is_product_searchable":true,"is_product_shoppable":true,"is_product_sold_out":null,"is_product_temporarily_out_of_stock":null,"is_search_suppressed":null,"key_ingredient":null,"media":{"large":null,"medium":null,"poster":null,"small":null,"videos":[{"position":null,"poster":{"height":null,"src":null,"width":null},"provider":null,"src":null},{"position":null,"poster":{"height":null,"src":null,"width":null},"provider":null,"src":null},{"position":null,"poster":{"height":null,"src":null,"width":null},"provider":null,"src":null}],"xl":null},"meta":{"description":null,"keywords":"chubby, lip balm"},"parent_category":[{"id":"1605","value":"リップスティック"},{"id":"1592","value":"メーク"}],"product_badge":null,"product_id":"24146","product_title_tag":null,"product_type":"Shaded","product_url":"/product/1605/24146/--/new-chubby-stick-intense-moisturizing-lip-colour-balm","reviews":{"average_rating":null,"number_of_questions":null,"number_of_reviews":null},"shade_groups":null,"short_description":"ソフトな印象のカラーで魅惑的な唇に。シアーすぎずマットすぎない、パーフェクトでハッピーな発色です。マンゴーバターとシアバター配合で、やわらかくなめらかな着け心地をお楽しみいただけます。鮮やかな全8色。","skin":null,"skin_goal":null,"skus":{"total":8,"items":[{"color_family":[{"key":"nude-color","value":"nude_color"}],"coverage_options":null,"cross_sell":null,"display_status":7,"finish":[{"key":"satin-finish","value":"satin_finish"}],"finish_options":[{"key":"satin-finish","value":"satin_finish"}],"fragrances":[{"family":null,"key":null,"value":null}],"iln_listing":"ヒマシ油・トリ（カプリル酸／カプリン酸）グリセリル・野菜油・キャンデリラロウ・ミツロウ・オゾケライト・シア脂・水添野菜油・ホホバ種子油・トコフェロール・マンゴー種子脂・メドウフォーム油・水添オリーブ油・ヒマワリ種子油・シアバターノキエキス　＋／－　酸化チタン・硫酸Ｂａ・マイカ・赤２０２・酸化鉄・タルク・黄４・赤２２６・赤２３０（１）・カルミン・オキシ塩化ビスマス・赤２０１・赤２２７・赤１０４（１）・青１・黄５・水酸化Ａｌ<JILN5853>","iln_version_number":"JILN5853","inventory_status":"Active","is_active":true,"is_coming_soon":null,"is_default_sku":false,"is_discountable":true,"is_displayable":null,"is_engravable":null,"is_fragrance":null,"is_giftable":null,"is_giftwrap":false,"is_inactive":null,"is_multi_shaded":null,"is_out_of_stock":null,"is_preorder":false,"is_preorderable":null,"is_promotional":null,"is_replenishable":false,"is_search_suppressed":null,"is_searchable":true,"is_shaded":null,"is_sized":null,"is_sold_out":null,"is_under_weight_hazmat":false,"is_vto_enabled":null,"life_of_product":"Basic Reorder","material_code":"7THM010001","media":{"large":[{"alt":"チャビー スティック インテンス モイスチャライジング リップ カラーバーム","height":1200,"position":1,"src":"/media/export/cms/products/1200x1500/cl_sku_7THM01_1200x1500_0.png","type":"image","width":1500}],"medium":[{"alt":"チャビー スティック インテンス モイスチャライジング リップ カラーバーム","height":600,"position":2,"src":"/media/export/cms/products/600x750/cl_sku_7THM01_600x750_0.png","type":"image","width":750}],"model":null,"poster":null,"small":[{"alt":"チャビー スティック インテンス モイスチャライジング リップ カラーバーム","height":1200,"position":3,"src":"/media/export/cms/products/1200x1500/cl_sku_7THM01_1200x1500_0.png","type":"image","width":1500}],"smoosh":[{"alt":"チャビー スティック インテンス モイスチャライジング リップ カラーバーム","height":1200,"position":0,"src":"/media/export/cms/products/1200x1500/swatches_v3/37_ns_ng.png","type":"image","width":1500}],"xl":null},"out_of_stock_threshold":null,"perlgem":{"SKU_BASE_ID":45954},"preorder_date":null,"prices":[{"currency":"JPY","exclude_tax":{"original_price":2700,"original_price_formatted":"¥2,700","price":2700,"price_formatted":"¥2,700","price_per_unit":null,"price_per_unit_formatted":""},"include_tax":{"original_price":2970,"original_price_formatted":"¥2,970","price":2970,"price_formatted":"¥2,970","price_per_unit":null,"price_per_unit_formatted":""},"is_discounted":false}],"purchase_limit":null,"replenishment":{"message":"Never run low on your favourites. Sign up for Auto-Ship. Learn more >"},"reviews":{"average_rating":null,"number_of_questions":null,"number_of_reviews":null},"set_components":null,"shade_groups":null,"shades":[{"description":"甘くとろけるキャラメルベージュ","hex_val":"#a95c61","image":{"height":null,"src":"","width":null},"name":"01 カーヴィエスト キャラメル","smoosh_design":{"group_id":null,"name":"37::none::none"}}],"sizes":[{"key":1,"value":"3 g"}],"skin":{"tone":null,"type":null,"type_description":null},"sku_badge":null,"sku_badge_image":null,"sku_display_order":0,"sku_id":"7THM01","sku_promo_messaging":null,"sku_type":"SE","sku_url":null,"tags":{"total":8,"items":[{"id":"27171","key":"day4flashsale","value":"Day4FlashSale"},{"id":"1602","key":"セットギフト","value":"セット&ギフト"},{"id":"1575","key":"ベストセラー","value":"ベストセラー"},{"id":"1605","key":"リップスティック","value":"リップスティック"},{"id":"27174","key":"day7flashsale","value":"Day7FlashSale"},{"id":"1603","key":"リップグロス","value":"リップグロス"},{"id":"27172","key":"day5flashsale","value":"Day5FlashSale"},{"id":"22833","key":"3500円税抜以下のおすすめ製品","value":"3500円(税抜)以下のおすすめ製品"}]},"texture":null,"undertone":null,"unit_of_measure":null,"unit_size":null,"unit_size_formatted":null,"upc":"020714602031","vto":{"is_color_experience":null,"is_foundation_experience":null}},{"color_family":[{"key":"nude-color","value":"nude_color"}],"coverage_options":null,"cross_sell":null,"display_status":7,"finish":[{"key":"satin-finish","value":"satin_finish"}],"finish_options":[{"key":"satin-finish","value":"satin_finish"}],"fragrances":[{"family":null,"key":null,"value":null}],"iln_listing":"ヒマシ油・トリ（カプリル酸／カプリン酸）グリセリル・野菜油・キャンデリラロウ・ミツロウ・オゾケライト・シア脂・水添野菜油・ホホバ種子油・トコフェロール・マンゴー種子脂・メドウフォーム油・水添オリーブ油・ヒマワリ種子油・シアバターノキエキス　＋／－　酸化チタン・硫酸Ｂａ・マイカ・赤２０２・酸化鉄・タルク・黄４・赤２２６・赤２３０（１）・カルミン・オキシ塩化ビスマス・赤２０１・赤２２７・赤１０４（１）・青１・黄５・水酸化Ａｌ<JILN5853>","iln_version_number":"JILN5853","inventory_status":"Active","is_active":true,"is_coming_soon":null,"is_default_sku":false,"is_discountable":true,"is_displayable":null,"is_engravable":null,"is_fragrance":null,"is_giftable":null,"is_giftwrap":false,"is_inactive":null,"is_multi_shaded":null,"is_out_of_stock":null,"is_preorder":false,"is_preorderable":null,"is_promotional":null,"is_replenishable":false,"is_search_suppressed":null,"is_searchable":true,"is_shaded":null,"is_sized":null,"is_sold_out":null,"is_under_weight_hazmat":false,"is_vto_enabled":null,"life_of_product":"Basic Reorder","material_code":"7THM020001","media":{"large":[{"alt":"チャビー スティック インテンス モイスチャライジング リップ カラーバーム","height":1200,"position":1,"src":"/media/export/cms/products/1200x1500/cl_sku_7THM02_1200x1500_0.png","type":"image","width":1500}],"medium":[{"alt":"チャビー スティック インテンス モイスチャライジング リップ カラーバーム","height":600,"position":2,"src":"/media/export/cms/products/600x750/cl_sku_7THM02_600x750_0.png","type":"image","width":750}],"model":null,"poster":null,"small":[{"alt":"チャビー スティック インテンス モイスチャライジング リップ カラーバーム","height":1200,"position":3,"src":"/media/export/cms/products/1200x1500/cl_sku_7THM02_1200x1500_0.png","type":"image","width":1500}],"smoosh":[{"alt":"チャビー スティック インテンス モイスチャライジング リップ カラーバーム","height":1200,"position":0,"src":"/media/export/cms/products/1200x1500/swatches_v3/37_ns_ng.png","type":"image","width":1500}],"xl":null},"out_of_stock_threshold":null,"perlgem":{"SKU_BASE_ID":45955},"preorder_date":null,"prices":[{"currency":"JPY","exclude_tax":{"original_price":2700,"original_price_formatted":"¥2,700","price":2700,"price_formatted":"¥2,700","price_per_unit":null,"price_per_unit_formatted":""},"include_tax":{"original_price":2970,"original_price_formatted":"¥2,970","price":2970,"price_formatted":"¥2,970","price_per_unit":null,"price_per_unit_formatted":""},"is_discounted":false}],"purchase_limit":null,"replenishment":{"message":"Never run low on your favourites. Sign up for Auto-Ship. Learn more >"},"reviews":{"average_rating":null,"number_of_questions":null,"number_of_reviews":null},"set_components":null,"shade_groups":null,"shades":[{"description":"スパイスの効いた深みのあるチリベージュ","hex_val":"#ab383f","image":{"height":null,"src":"","width":null},"name":"02 チャンキエスト チリ","smoosh_design":{"group_id":null,"name":"37::none::none"}}],"sizes":[{"key":1,"value":"3 g"}],"skin":{"tone":null,"type":null,"type_description":null},"sku_badge":null,"sku_badge_image":null,"sku_display_order":1,"sku_id":"7THM02","sku_promo_messaging":null,"sku_type":"SE","sku_url":null,"tags":{"total":8,"items":[{"id":"27171","key":"day4flashsale","value":"Day4FlashSale"},{"id":"1602","key":"セットギフト","value":"セット&ギフト"},{"id":"1575","key":"ベストセラー","value":"ベストセラー"},{"id":"1605","key":"リップスティック","value":"リップスティック"},{"id":"27174","key":"day7flashsale","value":"Day7FlashSale"},{"id":"1603","key":"リップグロス","value":"リップグロス"},{"id":"27172","key":"day5flashsale","value":"Day5FlashSale"},{"id":"22833","key":"3500円税抜以下のおすすめ製品","value":"3500円(税抜)以下のおすすめ製品"}]},"texture":null,"undertone":null,"unit_of_measure":null,"unit_size":null,"unit_size_formatted":null,"upc":"020714602048","vto":{"is_color_experience":null,"is_foundation_experience":null}},{"color_family":[{"key":"red-color","value":"red_color"}],"coverage_options":null,"cross_sell":null,"display_status":7,"finish":[{"key":"satin-finish","value":"satin_finish"}],"finish_options":[{"key":"satin-finish","value":"satin_finish"}],"fragrances":[{"family":null,"key":null,"value":null}],"iln_listing":"ヒマシ油・トリ（カプリル酸／カプリン酸）グリセリル・野菜油・キャンデリラロウ・ミツロウ・オゾケライト・シア脂・水添野菜油・ホホバ種子油・トコフェロール・マンゴー種子脂・メドウフォーム油・水添オリーブ油・ヒマワリ種子油・シアバターノキエキス　＋／－　酸化チタン・硫酸Ｂａ・マイカ・赤２０２・酸化鉄・タルク・黄４・赤２２６・赤２３０（１）・カルミン・オキシ塩化ビスマス・赤２０１・赤２２７・赤１０４（１）・青１・黄５・水酸化Ａｌ<JILN5853>","iln_version_number":"JILN5853","inventory_status":"Active","is_active":true,"is_coming_soon":null,"is_default_sku":false,"is_discountable":true,"is_displayable":null,"is_engravable":null,"is_fragrance":null,"is_giftable":null,"is_giftwrap":false,"is_inactive":null,"is_multi_shaded":null,"is_out_of_stock":null,"is_preorder":false,"is_preorderable":null,"is_promotional":null,"is_replenishable":false,"is_search_suppressed":null,"is_searchable":true,"is_shaded":null,"is_sized":null,"is_sold_out":null,"is_under_weight_hazmat":false,"is_vto_enabled":null,"life_of_product":"Basic Reorder","material_code":"7THM030001","media":{"large":[{"alt":"チャビー スティック インテンス モイスチャライジング リップ カラーバーム","height":1200,"position":1,"src":"/media/export/cms/products/1200x1500/cl_sku_7THM03_1200x1500_0.png","type":"image","width":1500}],"medium":[{"alt":"チャビー スティック インテンス モイスチャライジング リップ カラーバーム","height":600,"position":2,"src":"/media/export/cms/products/600x750/cl_sku_7THM03_600x750_0.png","type":"image","width":750}],"model":null,"poster":null,"small":[{"alt":"チャビー スティック インテンス モイスチャライジング リップ カラーバーム","height":1200,"position":3,"src":"/media/export/cms/products/1200x1500/cl_sku_7THM03_1200x1500_0.png","type":"image","width":1500}],"smoosh":[{"alt":"チャビー スティック インテンス モイスチャライジング リップ カラーバーム","height":1200,"position":0,"src":"/media/export/cms/products/1200x1500/swatches_v3/37_ns_ng.png","type":"image","width":1500}],"xl":null},"out_of_stock_threshold":null,"perlgem":{"SKU_BASE_ID":45956},"preorder_date":null,"prices":[{"currency":"JPY","exclude_tax":{"original_price":2700,"original_price_formatted":"¥2,700","price":2700,"price_formatted":"¥2,700","price_per_unit":null,"price_per_unit_formatted":""},"include_tax":{"original_price":2970,"original_price_formatted":"¥2,970","price":2970,"price_formatted":"¥2,970","price_per_unit":null,"price_per_unit_formatted":""},"is_discounted":false}],"purchase_limit":null,"replenishment":{"message":"Never run low on your favourites. Sign up for Auto-Ship. Learn more >"},"reviews":{"average_rating":null,"number_of_questions":null,"number_of_reviews":null},"set_components":null,"shade_groups":null,"shades":[{"description":"甘口リキュールに酔いしれそうなチェリーレッド","hex_val":"#b5003d","image":{"height":null,"src":"","width":null},"name":"03 マイティエスト マラスキーノ","smoosh_design":{"group_id":null,"name":"37::none::none"}}],"sizes":[{"key":1,"value":"3 g"}],"skin":{"tone":null,"type":null,"type_description":null},"sku_badge":null,"sku_badge_image":null,"sku_display_order":2,"sku_id":"7THM03","sku_promo_messaging":null,"sku_type":"SE","sku_url":null,"tags":{"total":8,"items":[{"id":"27171","key":"day4flashsale","value":"Day4FlashSale"},{"id":"1602","key":"セットギフト","value":"セット&ギフト"},{"id":"1575","key":"ベストセラー","value":"ベストセラー"},{"id":"1605","key":"リップスティック","value":"リップスティック"},{"id":"25565","key":"justarrivednew","value":"justarrivednew"},{"id":"1603","key":"リップグロス","value":"リップグロス"},{"id":"27172","key":"day5flashsale","value":"Day5FlashSale"},{"id":"22833","key":"3500円税抜以下のおすすめ製品","value":"3500円(税抜)以下のおすすめ製品"}]},"texture":null,"undertone":null,"unit_of_measure":null,"unit_size":null,"unit_size_formatted":null,"upc":"020714602055","vto":{"is_color_experience":null,"is_foundation_experience":null}},{"color_family":[{"key":"red-color","value":"red_color"}],"coverage_options":null,"cross_sell":null,"display_status":7,"finish":[{"key":"satin-finish","value":"satin_finish"}],"finish_options":[{"key":"satin-finish","value":"satin_finish"}],"fragrances":[{"family":null,"key":null,"value":null}],"iln_listing":"ヒマシ油・トリ（カプリル酸／カプリン酸）グリセリル・野菜油・キャンデリラロウ・ミツロウ・オゾケライト・シア脂・水添野菜油・ホホバ種子油・トコフェロール・マンゴー種子脂・メドウフォーム油・水添オリーブ油・ヒマワリ種子油・シアバターノキエキス　＋／－　酸化チタン・硫酸Ｂａ・マイカ・赤２０２・酸化鉄・タルク・黄４・赤２２６・赤２３０（１）・カルミン・オキシ塩化ビスマス・赤２０１・赤２２７・赤１０４（１）・青１・黄５・水酸化Ａｌ<JILN5853>","iln_version_number":"JILN5853","inventory_status":"Active","is_active":true,"is_coming_soon":null,"is_default_sku":false,"is_discountable":true,"is_displayable":null,"is_engravable":null,"is_fragrance":null,"is_giftable":null,"is_giftwrap":false,"is_inactive":null,"is_multi_shaded":null,"is_out_of_stock":null,"is_preorder":false,"is_preorderable":null,"is_promotional":null,"is_replenishable":false,"is_search_suppressed":null,"is_searchable":true,"is_shaded":null,"is_sized":null,"is_sold_out":null,"is_under_weight_hazmat":false,"is_vto_enabled":null,"life_of_product":"Basic Reorder","material_code":"7THM040001","media":{"large":[{"alt":"チャビー スティック インテンス モイスチャライジング リップ カラーバーム","height":1200,"position":1,"src":"/media/export/cms/products/1200x1500/cl_sku_7THM04_1200x1500_0.png","type":"image","width":1500}],"medium":[{"alt":"チャビー スティック インテンス モイスチャライジング リップ カラーバーム","height":600,"position":2,"src":"/media/export/cms/products/600x750/cl_sku_7THM04_600x750_0.png","type":"image","width":750}],"model":null,"poster":null,"small":[{"alt":"チャビー スティック インテンス モイスチャライジング リップ カラーバーム","height":1200,"position":3,"src":"/media/export/cms/products/1200x1500/cl_sku_7THM04_1200x1500_0.png","type":"image","width":1500}],"smoosh":[{"alt":"チャビー スティック インテンス モイスチャライジング リップ カラーバーム","height":1200,"position":0,"src":"/media/export/cms/products/1200x1500/swatches_v3/37_ns_ng.png","type":"image","width":1500}],"xl":null},"out_of_stock_threshold":null,"perlgem":{"SKU_BASE_ID":45957},"preorder_date":null,"prices":[{"currency":"JPY","exclude_tax":{"original_price":2700,"original_price_formatted":"¥2,700","price":2700,"price_formatted":"¥2,700","price_per_unit":null,"price_per_unit_formatted":""},"include_tax":{"original_price":2970,"original_price_formatted":"¥2,970","price":2970,"price_formatted":"¥2,970","price_per_unit":null,"price_per_unit_formatted":""},"is_discounted":false}],"purchase_limit":null,"replenishment":{"message":"Never run low on your favourites. Sign up for Auto-Ship. Learn more >"},"reviews":{"average_rating":null,"number_of_questions":null,"number_of_reviews":null},"set_components":null,"shade_groups":null,"shades":[{"description":"南国の太陽をいっぱいに浴びた輝くオレンジレッド","hex_val":"#bd3637","image":{"height":null,"src":"","width":null},"name":"04 ヘフティエスト ハイビスカス","smoosh_design":{"group_id":null,"name":"37::none::none"}}],"sizes":[{"key":1,"value":"3 g"}],"skin":{"tone":null,"type":null,"type_description":null},"sku_badge":null,"sku_badge_image":null,"sku_display_order":3,"sku_id":"7THM04","sku_promo_messaging":null,"sku_type":"SE","sku_url":null,"tags":{"total":7,"items":[{"id":"27171","key":"day4flashsale","value":"Day4FlashSale"},{"id":"1602","key":"セットギフト","value":"セット&ギフト"},{"id":"1575","key":"ベストセラー","value":"ベストセラー"},{"id":"1605","key":"リップスティック","value":"リップスティック"},{"id":"1603","key":"リップグロス","value":"リップグロス"},{"id":"27172","key":"day5flashsale","value":"Day5FlashSale"},{"id":"22833","key":"3500円税抜以下のおすすめ製品","value":"3500円(税抜)以下のおすすめ製品"}]},"texture":null,"undertone":null,"unit_of_measure":null,"unit_size":null,"unit_size_formatted":null,"upc":"020714602062","vto":{"is_color_experience":null,"is_foundation_experience":null}},{"color_family":[{"key":"pink-color","value":"pink_color"}],"coverage_options":null,"cross_sell":null,"display_status":7,"finish":[{"key":"satin-finish","value":"satin_finish"}],"finish_options":[{"key":"satin-finish","value":"satin_finish"}],"fragrances":[{"family":null,"key":null,"value":null}],"iln_listing":"ヒマシ油・トリ（カプリル酸／カプリン酸）グリセリル・野菜油・キャンデリラロウ・ミツロウ・オゾケライト・シア脂・水添野菜油・ホホバ種子油・トコフェロール・マンゴー種子脂・メドウフォーム油・水添オリーブ油・ヒマワリ種子油・シアバターノキエキス　＋／－　酸化チタン・硫酸Ｂａ・マイカ・赤２０２・酸化鉄・タルク・黄４・赤２２６・赤２３０（１）・カルミン・オキシ塩化ビスマス・赤２０１・赤２２７・赤１０４（１）・青１・黄５・水酸化Ａｌ<JILN5853>","iln_version_number":"JILN5853","inventory_status":"Active","is_active":true,"is_coming_soon":null,"is_default_sku":false,"is_discountable":true,"is_displayable":null,"is_engravable":null,"is_fragrance":null,"is_giftable":null,"is_giftwrap":false,"is_inactive":null,"is_multi_shaded":null,"is_out_of_stock":null,"is_preorder":false,"is_preorderable":null,"is_promotional":null,"is_replenishable":false,"is_search_suppressed":null,"is_searchable":true,"is_shaded":null,"is_sized":null,"is_sold_out":null,"is_under_weight_hazmat":false,"is_vto_enabled":null,"life_of_product":"Basic Reorder","material_code":"7THM050001","media":{"large":[{"alt":"チャビー スティック インテンス モイスチャライジング リップ カラーバーム","height":1200,"position":1,"src":"/media/export/cms/products/1200x1500/cl_sku_7THM05_1200x1500_0.png","type":"image","width":1500}],"medium":[{"alt":"チャビー スティック インテンス モイスチャライジング リップ カラーバーム","height":600,"position":2,"src":"/media/export/cms/products/600x750/cl_sku_7THM05_600x750_0.png","type":"image","width":750}],"model":null,"poster":null,"small":[{"alt":"チャビー スティック インテンス モイスチャライジング リップ カラーバーム","height":1200,"position":3,"src":"/media/export/cms/products/1200x1500/cl_sku_7THM05_1200x1500_0.png","type":"image","width":1500}],"smoosh":[{"alt":"チャビー スティック インテンス モイスチャライジング リップ カラーバーム","height":1200,"position":0,"src":"/media/export/cms/products/1200x1500/swatches_v3/37_ns_ng.png","type":"image","width":1500}],"xl":null},"out_of_stock_threshold":null,"perlgem":{"SKU_BASE_ID":45958},"preorder_date":null,"prices":[{"currency":"JPY","exclude_tax":{"original_price":2700,"original_price_formatted":"¥2,700","price":2700,"price_formatted":"¥2,700","price_per_unit":null,"price_per_unit_formatted":""},"include_tax":{"original_price":2970,"original_price_formatted":"¥2,970","price":2970,"price_formatted":"¥2,970","price_per_unit":null,"price_per_unit_formatted":""},"is_discounted":false}],"purchase_limit":null,"replenishment":{"message":"Never run low on your favourites. Sign up for Auto-Ship. Learn more >"},"reviews":{"average_rating":null,"number_of_questions":null,"number_of_reviews":null},"set_components":null,"shade_groups":null,"shades":[{"description":"パーティーには欠かせないカクテルピンク","hex_val":"#a51743","image":{"height":null,"src":"","width":null},"name":"05 プラッシュエスト パンチ","smoosh_design":{"group_id":null,"name":"37::none::none"}}],"sizes":[{"key":1,"value":"3 g"}],"skin":{"tone":null,"type":null,"type_description":null},"sku_badge":null,"sku_badge_image":null,"sku_display_order":4,"sku_id":"7THM05","sku_promo_messaging":null,"sku_type":"SE","sku_url":null,"tags":{"total":8,"items":[{"id":"27171","key":"day4flashsale","value":"Day4FlashSale"},{"id":"1602","key":"セットギフト","value":"セット&ギフト"},{"id":"1575","key":"ベストセラー","value":"ベストセラー"},{"id":"1605","key":"リップスティック","value":"リップスティック"},{"id":"27174","key":"day7flashsale","value":"Day7FlashSale"},{"id":"1603","key":"リップグロス","value":"リップグロス"},{"id":"27172","key":"day5flashsale","value":"Day5FlashSale"},{"id":"22833","key":"3500円税抜以下のおすすめ製品","value":"3500円(税抜)以下のおすすめ製品"}]},"texture":null,"undertone":null,"unit_of_measure":null,"unit_size":null,"unit_size_formatted":null,"upc":"020714602079","vto":{"is_color_experience":null,"is_foundation_experience":null}},{"color_family":[{"key":"pink-color","value":"pink_color"}],"coverage_options":null,"cross_sell":null,"display_status":7,"finish":[{"key":"satin-finish","value":"satin_finish"}],"finish_options":[{"key":"satin-finish","value":"satin_finish"}],"fragrances":[{"family":null,"key":null,"value":null}],"iln_listing":"ヒマシ油・トリ（カプリル酸／カプリン酸）グリセリル・野菜油・キャンデリラロウ・ミツロウ・オゾケライト・シア脂・水添野菜油・ホホバ種子油・トコフェロール・マンゴー種子脂・メドウフォーム油・水添オリーブ油・ヒマワリ種子油・シアバターノキエキス　＋／－　酸化チタン・硫酸Ｂａ・マイカ・赤２０２・酸化鉄・タルク・黄４・赤２２６・赤２３０（１）・カルミン・オキシ塩化ビスマス・赤２０１・赤２２７・赤１０４（１）・青１・黄５・水酸化Ａｌ<JILN5853>","iln_version_number":"JILN5853","inventory_status":"Active","is_active":true,"is_coming_soon":null,"is_default_sku":false,"is_discountable":true,"is_displayable":null,"is_engravable":null,"is_fragrance":null,"is_giftable":null,"is_giftwrap":false,"is_inactive":null,"is_multi_shaded":null,"is_out_of_stock":null,"is_preorder":false,"is_preorderable":null,"is_promotional":null,"is_replenishable":false,"is_search_suppressed":null,"is_searchable":true,"is_shaded":null,"is_sized":null,"is_sold_out":null,"is_under_weight_hazmat":false,"is_vto_enabled":null,"life_of_product":"Basic Reorder","material_code":"7THM060001","media":{"large":[{"alt":"チャビー スティック インテンス モイスチャライジング リップ カラーバーム","height":1200,"position":1,"src":"/media/export/cms/products/1200x1500/cl_sku_7THM06_1200x1500_0.png","type":"image","width":1500}],"medium":[{"alt":"チャビー スティック インテンス モイスチャライジング リップ カラーバーム","height":600,"position":2,"src":"/media/export/cms/products/600x750/cl_sku_7THM06_600x750_0.png","type":"image","width":750}],"model":null,"poster":null,"small":[{"alt":"チャビー スティック インテンス モイスチャライジング リップ カラーバーム","height":1200,"position":3,"src":"/media/export/cms/products/1200x1500/cl_sku_7THM06_1200x1500_0.png","type":"image","width":1500}],"smoosh":[{"alt":"チャビー スティック インテンス モイスチャライジング リップ カラーバーム","height":1200,"position":0,"src":"/media/export/cms/products/1200x1500/swatches_v3/37_ns_ng.png","type":"image","width":1500}],"xl":null},"out_of_stock_threshold":null,"perlgem":{"SKU_BASE_ID":45959},"preorder_date":null,"prices":[{"currency":"JPY","exclude_tax":{"original_price":2700,"original_price_formatted":"¥2,700","price":2700,"price_formatted":"¥2,700","price_per_unit":null,"price_per_unit_formatted":""},"include_tax":{"original_price":2970,"original_price_formatted":"¥2,970","price":2970,"price_formatted":"¥2,970","price_per_unit":null,"price_per_unit_formatted":""},"is_discounted":false}],"purchase_limit":null,"replenishment":{"message":"Never run low on your favourites. Sign up for Auto-Ship. Learn more >"},"reviews":{"average_rating":null,"number_of_questions":null,"number_of_reviews":null},"set_components":null,"shade_groups":null,"shades":[{"description":"優雅なバラを思わせる落ち着きのあるピンク","hex_val":"#831344","image":{"height":null,"src":"","width":null},"name":"06 ルーミエスト ローズ","smoosh_design":{"group_id":null,"name":"37::none::none"}}],"sizes":[{"key":1,"value":"3 g"}],"skin":{"tone":null,"type":null,"type_description":null},"sku_badge":null,"sku_badge_image":null,"sku_display_order":5,"sku_id":"7THM06","sku_promo_messaging":null,"sku_type":"SE","sku_url":null,"tags":{"total":8,"items":[{"id":"27171","key":"day4flashsale","value":"Day4FlashSale"},{"id":"1602","key":"セットギフト","value":"セット&ギフト"},{"id":"1575","key":"ベストセラー","value":"ベストセラー"},{"id":"1605","key":"リップスティック","value":"リップスティック"},{"id":"27174","key":"day7flashsale","value":"Day7FlashSale"},{"id":"1603","key":"リップグロス","value":"リップグロス"},{"id":"27172","key":"day5flashsale","value":"Day5FlashSale"},{"id":"22833","key":"3500円税抜以下のおすすめ製品","value":"3500円(税抜)以下のおすすめ製品"}]},"texture":null,"undertone":null,"unit_of_measure":null,"unit_size":null,"unit_size_formatted":null,"upc":"020714602086","vto":{"is_color_experience":null,"is_foundation_experience":null}},{"color_family":[{"key":"violet-color","value":"violet_color"}],"coverage_options":null,"cross_sell":null,"display_status":7,"finish":[{"key":"satin-finish","value":"satin_finish"}],"finish_options":[{"key":"satin-finish","value":"satin_finish"}],"fragrances":[{"family":null,"key":null,"value":null}],"iln_listing":"ヒマシ油・トリ（カプリル酸／カプリン酸）グリセリル・野菜油・キャンデリラロウ・ミツロウ・オゾケライト・シア脂・水添野菜油・ホホバ種子油・トコフェロール・マンゴー種子脂・メドウフォーム油・水添オリーブ油・ヒマワリ種子油・シアバターノキエキス　＋／－　酸化チタン・硫酸Ｂａ・マイカ・赤２０２・酸化鉄・タルク・黄４・赤２２６・赤２３０（１）・カルミン・オキシ塩化ビスマス・赤２０１・赤２２７・赤１０４（１）・青１・黄５・水酸化Ａｌ<JILN5853>","iln_version_number":"JILN5853","inventory_status":"Active","is_active":true,"is_coming_soon":null,"is_default_sku":false,"is_discountable":true,"is_displayable":null,"is_engravable":null,"is_fragrance":null,"is_giftable":null,"is_giftwrap":false,"is_inactive":null,"is_multi_shaded":null,"is_out_of_stock":null,"is_preorder":false,"is_preorderable":null,"is_promotional":null,"is_replenishable":false,"is_search_suppressed":null,"is_searchable":true,"is_shaded":null,"is_sized":null,"is_sold_out":null,"is_under_weight_hazmat":false,"is_vto_enabled":null,"life_of_product":"Basic Reorder","material_code":"7THM070001","media":{"large":[{"alt":"チャビー スティック インテンス モイスチャライジング リップ カラーバーム","height":1200,"position":1,"src":"/media/export/cms/products/1200x1500/cl_sku_7THM07_1200x1500_0.png","type":"image","width":1500}],"medium":[{"alt":"チャビー スティック インテンス モイスチャライジング リップ カラーバーム","height":600,"position":2,"src":"/media/export/cms/products/600x750/cl_sku_7THM07_600x750_0.png","type":"image","width":750}],"model":null,"poster":null,"small":[{"alt":"チャビー スティック インテンス モイスチャライジング リップ カラーバーム","height":1200,"position":3,"src":"/media/export/cms/products/1200x1500/cl_sku_7THM07_1200x1500_0.png","type":"image","width":1500}],"smoosh":[{"alt":"チャビー スティック インテンス モイスチャライジング リップ カラーバーム","height":1200,"position":0,"src":"/media/export/cms/products/1200x1500/swatches_v3/37_ns_ng.png","type":"image","width":1500}],"xl":null},"out_of_stock_threshold":null,"perlgem":{"SKU_BASE_ID":45960},"preorder_date":null,"prices":[{"currency":"JPY","exclude_tax":{"original_price":2700,"original_price_formatted":"¥2,700","price":2700,"price_formatted":"¥2,700","price_per_unit":null,"price_per_unit_formatted":""},"include_tax":{"original_price":2970,"original_price_formatted":"¥2,970","price":2970,"price_formatted":"¥2,970","price_per_unit":null,"price_per_unit_formatted":""},"is_discounted":false}],"purchase_limit":null,"replenishment":{"message":"Never run low on your favourites. Sign up for Auto-Ship. Learn more >"},"reviews":{"average_rating":null,"number_of_questions":null,"number_of_reviews":null},"set_components":null,"shade_groups":null,"shades":[{"description":"大人の深みあるミックスベリーバイオレット","hex_val":"#76303e","image":{"height":null,"src":"","width":null},"name":"07 ブローデスト ベリー","smoosh_design":{"group_id":null,"name":"37::none::none"}}],"sizes":[{"key":1,"value":"3 g"}],"skin":{"tone":null,"type":null,"type_description":null},"sku_badge":null,"sku_badge_image":null,"sku_display_order":6,"sku_id":"7THM07","sku_promo_messaging":null,"sku_type":"SE","sku_url":null,"tags":{"total":8,"items":[{"id":"27171","key":"day4flashsale","value":"Day4FlashSale"},{"id":"1602","key":"セットギフト","value":"セット&ギフト"},{"id":"1575","key":"ベストセラー","value":"ベストセラー"},{"id":"1605","key":"リップスティック","value":"リップスティック"},{"id":"27174","key":"day7flashsale","value":"Day7FlashSale"},{"id":"1603","key":"リップグロス","value":"リップグロス"},{"id":"27172","key":"day5flashsale","value":"Day5FlashSale"},{"id":"22833","key":"3500円税抜以下のおすすめ製品","value":"3500円(税抜)以下のおすすめ製品"}]},"texture":null,"undertone":null,"unit_of_measure":null,"unit_size":null,"unit_size_formatted":null,"upc":"020714602093","vto":{"is_color_experience":null,"is_foundation_experience":null}},{"color_family":[{"key":"violet-color","value":"violet_color"}],"coverage_options":null,"cross_sell":null,"display_status":7,"finish":[{"key":"satin-finish","value":"satin_finish"}],"finish_options":[{"key":"satin-finish","value":"satin_finish"}],"fragrances":[{"family":null,"key":null,"value":null}],"iln_listing":"ヒマシ油・トリ（カプリル酸／カプリン酸）グリセリル・野菜油・キャンデリラロウ・ミツロウ・オゾケライト・シア脂・水添野菜油・ホホバ種子油・トコフェロール・マンゴー種子脂・メドウフォーム油・水添オリーブ油・ヒマワリ種子油・シアバターノキエキス　＋／－　酸化チタン・硫酸Ｂａ・マイカ・赤２０２・酸化鉄・タルク・黄４・赤２２６・赤２３０（１）・カルミン・オキシ塩化ビスマス・赤２０１・赤２２７・赤１０４（１）・青１・黄５・水酸化Ａｌ<JILN5853>","iln_version_number":"JILN5853","inventory_status":"Active","is_active":true,"is_coming_soon":null,"is_default_sku":false,"is_discountable":true,"is_displayable":null,"is_engravable":null,"is_fragrance":null,"is_giftable":null,"is_giftwrap":false,"is_inactive":null,"is_multi_shaded":null,"is_out_of_stock":null,"is_preorder":false,"is_preorderable":null,"is_promotional":null,"is_replenishable":false,"is_search_suppressed":null,"is_searchable":true,"is_shaded":null,"is_sized":null,"is_sold_out":null,"is_under_weight_hazmat":false,"is_vto_enabled":null,"life_of_product":"Basic Reorder","material_code":"7THM080001","media":{"large":[{"alt":"チャビー スティック インテンス モイスチャライジング リップ カラーバーム","height":1200,"position":1,"src":"/media/export/cms/products/1200x1500/cl_sku_7THM08_1200x1500_0.png","type":"image","width":1500}],"medium":[{"alt":"チャビー スティック インテンス モイスチャライジング リップ カラーバーム","height":600,"position":2,"src":"/media/export/cms/products/600x750/cl_sku_7THM08_600x750_0.png","type":"image","width":750}],"model":null,"poster":null,"small":[{"alt":"チャビー スティック インテンス モイスチャライジング リップ カラーバーム","height":1200,"position":3,"src":"/media/export/cms/products/1200x1500/cl_sku_7THM08_1200x1500_0.png","type":"image","width":1500}],"smoosh":[{"alt":"チャビー スティック インテンス モイスチャライジング リップ カラーバーム","height":1200,"position":0,"src":"/media/export/cms/products/1200x1500/swatches_v3/37_ns_ng.png","type":"image","width":1500}],"xl":null},"out_of_stock_threshold":null,"perlgem":{"SKU_BASE_ID":45961},"preorder_date":null,"prices":[{"currency":"JPY","exclude_tax":{"original_price":2700,"original_price_formatted":"¥2,700","price":2700,"price_formatted":"¥2,700","price_per_unit":null,"price_per_unit_formatted":""},"include_tax":{"original_price":2970,"original_price_formatted":"¥2,970","price":2970,"price_formatted":"¥2,970","price_per_unit":null,"price_per_unit_formatted":""},"is_discounted":false}],"purchase_limit":null,"replenishment":{"message":"Never run low on your favourites. Sign up for Auto-Ship. Learn more >"},"reviews":{"average_rating":null,"number_of_questions":null,"number_of_reviews":null},"set_components":null,"shade_groups":null,"shades":[{"description":"グレープそのままの輝くバイオレット","hex_val":"#771835","image":{"height":null,"src":"","width":null},"name":"08 グランデスト グレープ","smoosh_design":{"group_id":null,"name":"37::none::none"}}],"sizes":[{"key":1,"value":"3 g"}],"skin":{"tone":null,"type":null,"type_description":null},"sku_badge":null,"sku_badge_image":null,"sku_display_order":7,"sku_id":"7THM08","sku_promo_messaging":null,"sku_type":"SE","sku_url":null,"tags":{"total":7,"items":[{"id":"27171","key":"day4flashsale","value":"Day4FlashSale"},{"id":"1602","key":"セットギフト","value":"セット&ギフト"},{"id":"1575","key":"ベストセラー","value":"ベストセラー"},{"id":"1605","key":"リップスティック","value":"リップスティック"},{"id":"1603","key":"リップグロス","value":"リップグロス"},{"id":"27172","key":"day5flashsale","value":"Day5FlashSale"},{"id":"22833","key":"3500円税抜以下のおすすめ製品","value":"3500円(税抜)以下のおすすめ製品"}]},"texture":null,"undertone":null,"unit_of_measure":null,"unit_size":null,"unit_size_formatted":null,"upc":"020714602109","vto":{"is_color_experience":null,"is_foundation_experience":null}}]},"sub_display_name":"チャビー スティック インテンス モイスチャライジング リップ カラーバーム","sub_header":null,"tags":{"total":9,"items":[{"id":"27171","key":"day4flashsale","parent_tag_id":"1590","product_display_order":46,"value":"Day4FlashSale"},{"id":"1602","key":"セットギフト","parent_tag_id":"1600","product_display_order":167,"value":"セット&ギフト"},{"id":"1575","key":"ベストセラー","parent_tag_id":null,"product_display_order":77,"value":"ベストセラー"},{"id":"1605","key":"リップスティック","parent_tag_id":"1592","product_display_order":33,"value":"リップスティック"},{"id":"25565","key":"justarrivednew","parent_tag_id":null,"product_display_order":0,"value":"justarrivednew"},{"id":"27174","key":"day7flashsale","parent_tag_id":"1590","product_display_order":0,"value":"Day7FlashSale"},{"id":"1603","key":"リップグロス","parent_tag_id":"1592","product_display_order":11,"value":"リップグロス"},{"id":"27172","key":"day5flashsale","parent_tag_id":"1590","product_display_order":0,"value":"Day5FlashSale"},{"id":"22833","key":"3500円税抜以下のおすすめ製品","parent_tag_id":"1000020","product_display_order":16,"value":"3500円(税抜)以下のおすすめ製品"}]},"usage":[{"content":"<br>","label":"PRODUCT USAGE","type":"product_usage"},{"content":null,"label":"HOW DOES IT WORK","type":"how_does_it_work"},{"content":null,"label":"WHO IT IS FOR","type":"who_it_is_for"},{"content":null,"label":"GREAT TO KNOW","type":"great_to_know"},{"content":null,"label":"WHAT_IT_DOES","type":"what_it_does"},{"content":null,"label":"WHAT_IT_IS","type":"what_it_is"}],"objectID":"24146"},{"benefit":{"statement":null,"benefits":null},"brand":null,"collection":null,"coverage":null,"cross_sell":[{"sku_id":"7AY301","sort_key":1},{"sku_id":"6LKH01","sort_key":2},{"sku_id":"7WCP01","sort_key":3},{"sku_id":"7F1C01","sort_key":4},{"sku_id":"7AY301","sort_key":5},{"sku_id":"68NT01","sort_key":6}],"default_category":{"id":"1687","key":"乾燥"},"description":"角質層の奥深くまで水分を補給し、モイスチャーバリアを保ち外的刺激から肌を守るクリーミーな保湿マスクです。夜間に失われがちな潤いを補給し、次の日まで逃がしません。肌に潤いを与え、快適な状態にします。翌朝はふっくらとなめらかで、輝くような肌へ。<BR>すべてのスキンタイプに。<BR>","display_mode":null,"display_name":"モイスチャー サージ オーバーナイト マスク","display_status":7,"finish":null,"form":null,"formula_type":null,"fragrance_family":null,"indexable_keywords":[{"value":"マスク"},{"value":"潤い"},{"value":"モイスチャ―サージ"},{"value":"オーバーナイト"},{"value":"モイスチャ―サージオーバーナイトマスク"},{"value":"モイスチャ―"},{"value":"乾燥"},{"value":"潤い"}],"is_hazmat":false,"is_product_coming_soon":null,"is_product_displayable":true,"is_product_searchable":true,"is_product_shoppable":true,"is_product_sold_out":null,"is_product_temporarily_out_of_stock":null,"is_search_suppressed":null,"key_ingredient":null,"media":{"large":null,"medium":null,"poster":null,"small":null,"videos":[{"position":null,"poster":{"height":null,"src":null,"width":null},"provider":null,"src":null},{"position":null,"poster":{"height":null,"src":null,"width":null},"provider":null,"src":null},{"position":null,"poster":{"height":null,"src":null,"width":null},"provider":null,"src":null}],"xl":null},"meta":{"description":null,"keywords":null},"parent_category":[{"id":"1687","value":"乾燥"},{"id":"1667","value":"スキンケア"}],"product_badge":null,"product_id":"24569","product_title_tag":null,"product_type":"Other","product_url":"/product/1687/24569/-/moisture-surge-overnight-mask","reviews":{"average_rating":null,"number_of_questions":null,"number_of_reviews":null},"shade_groups":null,"short_description":"角質層の奥深くまで水分を補給し、モイスチャーバリアを保ち外的刺激から肌を守るクリーミーな保湿マスクです。夜間に失われがちな潤いを補給し、次の日まで逃がしません。肌に潤いを与え、快適な状態にします。翌朝はふっくらとなめらかで、輝くような肌へ。<BR>すべてのスキンタイプに。<BR>","skin":null,"skin_goal":null,"skus":{"total":1,"items":[{"color_family":null,"coverage_options":null,"cross_sell":null,"display_status":7,"finish":null,"finish_options":null,"fragrances":[{"family":null,"key":null,"value":null}],"iln_listing":"水・グリセリン・セタノール・ポリメタクリル酸グリセリル・ジメチコン・シア脂・エチルヘキサン酸セチル・ＰＥＧ－８・グリセレス－２６・スクロース・ステアリン酸ソルビタン・トレハロース・ステアリン酸ＰＥＧ－１００・ＰＥＧ－７５・マンゴー種子脂・セテアリルアルコール・カギイバラノリエキス・ザクロステロールズ・パンテノール・酢酸トコフェロール・アストロカリウムムルムル脂・シマテングサエキス・ソルビトール・カルボマー・オリザノール・ビサボロール・カプリリルグリコール・カフェイン・オリーブ果汁・水酸化Ｋ・ＢＧ・ＥＤＴＡ－２Ｎａ・パンテチン・ヒアルロン酸Ｎａ・ヘキシレングリコール・コムギフスマエキス・ヒアルロン酸・デキストリン・オキナワモズクエキス・赤５０４・黄４・アロエベラ葉水・トコフェロール・フェノキシエタノール<JILN5772>","iln_version_number":"JILN5772","inventory_status":"Active","is_active":true,"is_coming_soon":null,"is_default_sku":false,"is_discountable":true,"is_displayable":null,"is_engravable":null,"is_fragrance":null,"is_giftable":null,"is_giftwrap":false,"is_inactive":null,"is_multi_shaded":null,"is_out_of_stock":null,"is_preorder":false,"is_preorderable":null,"is_promotional":null,"is_replenishable":false,"is_search_suppressed":null,"is_searchable":true,"is_shaded":null,"is_sized":null,"is_sold_out":null,"is_under_weight_hazmat":false,"is_vto_enabled":null,"life_of_product":"Basic Reorder","material_code":"7NR5010000","media":{"large":[{"alt":"モイスチャー サージ オーバーナイト マスク","height":1200,"position":0,"src":"/media/export/cms/products/1200x1500/cl_sku_7NR501_1200x1500_0.png","type":"image","width":1500}],"medium":[{"alt":"モイスチャー サージ オーバーナイト マスク","height":600,"position":1,"src":"/media/export/cms/products/600x750/cl_sku_7NR501_600x750_0.png","type":"image","width":750}],"model":null,"poster":null,"small":[{"alt":"モイスチャー サージ オーバーナイト マスク","height":1200,"position":2,"src":"/media/export/cms/products/1200x1500/cl_sku_7NR501_1200x1500_0.png","type":"image","width":1500}],"smoosh":null,"xl":null},"out_of_stock_threshold":null,"perlgem":{"SKU_BASE_ID":46492},"preorder_date":null,"prices":[{"currency":"JPY","exclude_tax":{"original_price":5200,"original_price_formatted":"¥5,200","price":5200,"price_formatted":"¥5,200","price_per_unit":null,"price_per_unit_formatted":""},"include_tax":{"original_price":5720,"original_price_formatted":"¥5,720","price":5720,"price_formatted":"¥5,720","price_per_unit":null,"price_per_unit_formatted":""},"is_discounted":false}],"purchase_limit":null,"replenishment":{"message":"Recommended Auto-Ship cycle: 8 weeks  Learn more >"},"reviews":{"average_rating":null,"number_of_questions":null,"number_of_reviews":null},"set_components":null,"shade_groups":null,"shades":null,"sizes":[{"key":1,"value":"100mL"}],"skin":{"tone":null,"type":[{"key":"very-dry-skintype","value":"very_dry_skintype"},{"key":"dry-skintype","value":"dry_skintype"},{"key":"combination-skintype","value":"combination_skintype"},{"key":"oily-skintype","value":"oily_skintype"},{"key":"normal-skintype","value":"normal_skintype"}],"type_description":null},"sku_badge":null,"sku_badge_image":null,"sku_display_order":0,"sku_id":"7NR501","sku_promo_messaging":null,"sku_type":"SE","sku_url":null,"tags":{"total":12,"items":[{"id":"13563","key":"skin-care","value":"Skin Care"},{"id":"14706","key":"スペシャルケア","value":"スペシャルケア"},{"id":"1689","key":"乾燥","value":"乾燥"},{"id":"27174","key":"day7flashsale","value":"Day7FlashSale"},{"id":"13561","key":"holiday-2014","value":"Holiday 2014"},{"id":"15036","key":"マスク","value":"マスク"},{"id":"1667","key":"スキンケア","value":"スキンケア"},{"id":"27169","key":"day2flashsale","value":"Day2FlashSale"},{"id":"13304","key":"スペシャルケア","value":"スペシャルケア"},{"id":"1687","key":"乾燥","value":"乾燥"},{"id":"27172","key":"day5flashsale","value":"Day5FlashSale"},{"id":"16422","key":"セットギフト","value":"セット＆ギフト"}]},"texture":null,"undertone":null,"unit_of_measure":null,"unit_size":null,"unit_size_formatted":null,"upc":"020714576219","vto":{"is_color_experience":null,"is_foundation_experience":null}}]},"sub_display_name":"モイスチャー サージ オーバーナイト マスク","sub_header":null,"tags":{"total":12,"items":[{"id":"13563","key":"skin-care","parent_tag_id":"13561","product_display_order":0,"value":"Skin Care"},{"id":"14706","key":"スペシャルケア","parent_tag_id":"1667","product_display_order":6,"value":"スペシャルケア"},{"id":"1689","key":"乾燥","parent_tag_id":"1667","product_display_order":0,"value":"乾燥"},{"id":"27174","key":"day7flashsale","parent_tag_id":"1590","product_display_order":0,"value":"Day7FlashSale"},{"id":"13561","key":"holiday-2014","parent_tag_id":null,"product_display_order":0,"value":"Holiday 2014"},{"id":"15036","key":"マスク","parent_tag_id":"1667","product_display_order":4,"value":"マスク"},{"id":"1667","key":"スキンケア","parent_tag_id":null,"product_display_order":127,"value":"スキンケア"},{"id":"27169","key":"day2flashsale","parent_tag_id":"1590","product_display_order":0,"value":"Day2FlashSale"},{"id":"13304","key":"スペシャルケア","parent_tag_id":"1667","product_display_order":38,"value":"スペシャルケア"},{"id":"1687","key":"乾燥","parent_tag_id":"1667","product_display_order":9,"value":"乾燥"},{"id":"27172","key":"day5flashsale","parent_tag_id":"1590","product_display_order":92,"value":"Day5FlashSale"},{"id":"16422","key":"セットギフト","parent_tag_id":"1585","product_display_order":135,"value":"セット＆ギフト"}]},"usage":[{"content":"夜、スキンケアの最後にお使いください。目のまわりを避けて、顔全体にたっぷりと均一に伸ばし、優しくなじませてください。拭き取りや、洗い流しの必要はありません。","label":"PRODUCT USAGE","type":"product_usage"},{"content":null,"label":"HOW DOES IT WORK","type":"how_does_it_work"},{"content":null,"label":"WHO IT IS FOR","type":"who_it_is_for"},{"content":null,"label":"GREAT TO KNOW","type":"great_to_know"},{"content":null,"label":"WHAT_IT_DOES","type":"what_it_does"},{"content":null,"label":"WHAT_IT_IS","type":"what_it_is"}],"objectID":"24569"},{"benefit":{"statement":null,"benefits":null},"brand":null,"collection":null,"coverage":null,"cross_sell":[{"sku_id":"ZGTY64","sort_key":1},{"sku_id":"6CY401","sort_key":2},{"sku_id":"KN0X01","sort_key":3}],"default_category":{"id":"13305","key":"メーク下地uvケア"},"description":"<P>シミも肌あれも防ぐ、ベージュの薬用クリームUVベース。<br>毛穴(ポア)レスな”均一美肌”*へ。</P><P>SPF40 /PA +++の優れた紫外線カット力で、日焼けによるシミ・ソバカスを防ぎ、<br>車の排気ガス等の空気中の微粒子汚れなどにさらされた素肌を守る、日焼け止め兼メーク下地。</P><P>肌あれを防ぎながら、気になる毛穴をカバーする、ベージュのクリームタイプ。<br>肌を快適に保ちながら、メークのりと持ちを良くします。</P><P><small>＊ キメの整った美しい肌</small></P>","display_mode":null,"display_name":"イーブン ベター シティー ブロック ポリュテクション 40  N [医薬部外品]","display_status":7,"finish":null,"form":null,"formula_type":null,"fragrance_family":null,"indexable_keywords":[{"value":"シティー ブロック"},{"value":" Even"},{"value":"Even Better"},{"value":"イーブン ベター"},{"value":"イーブン"}],"is_hazmat":false,"is_product_coming_soon":null,"is_product_displayable":true,"is_product_searchable":true,"is_product_shoppable":true,"is_product_sold_out":null,"is_product_temporarily_out_of_stock":null,"is_search_suppressed":null,"key_ingredient":null,"media":{"large":null,"medium":null,"poster":null,"small":null,"videos":[{"position":null,"poster":{"height":null,"src":null,"width":null},"provider":"YouTube","src":null},{"position":null,"poster":{"height":null,"src":null,"width":null},"provider":"YouTube","src":null},{"position":null,"poster":{"height":null,"src":null,"width":null},"provider":"YouTube","src":null}],"xl":null},"meta":{"description":null,"keywords":null},"parent_category":[{"id":"13305","value":"メーク下地・UVケア"},{"id":"1667","value":"スキンケア"}],"product_badge":null,"product_id":"26304","product_title_tag":null,"product_type":"Other","product_url":"/product/13305/26304/uv/--40-n/even-better-city-block-anti-pollution-spf-40","reviews":{"average_rating":null,"number_of_questions":null,"number_of_reviews":null},"shade_groups":null,"short_description":"シミも肌あれも防ぐ、ベージュの薬用クリームUVベース。","skin":null,"skin_goal":null,"skus":{"total":1,"items":[{"color_family":null,"coverage_options":null,"cross_sell":null,"display_status":7,"finish":null,"finish_options":null,"fragrances":[{"family":null,"key":null,"value":null}],"iln_listing":"カモミラＥＴ*、グリチルリチン酸ジカリウム*、酢酸トコフェロール*、精製水、パラメトキシケイ皮酸２－エチルヘキシル、１，３－ブチレングリコール、酸化亜鉛、酸化チタン、安息香酸アルキル（Ｃ１２～１５）、セタノール、サリチル酸２－エチルヘキシル、ポリオキシエチレンラウリルエーテル（４Ｅ．Ｏ．）、酵母エキス（２）、水素添加大豆リン脂質、ポリエチレンワックス、モノステアリン酸ポリエチレングリコール、黄酸化鉄、Ｎ－アセチルグルコサミン、低酸価ミツロウ、ビニルピロリドン・ヘキサデセン共重合体、イソステアリン酸、アクリルアミド・アクリルジメチルタウリン酸ナトリウム共重合体／イソヘキサデカン／ポリソルベート　８０、ポリヒドロキシステアリン酸、１，２－オクタンジオール、キサンタンガム、スクワラン、無水カフェイン、ジカプリン酸プロピレングリコール、メチルハイドロジェンポリシロキサン、藍藻抽出物分散液、リン酸Ｌ－アスコルビルマグネシウム、ジブチルヒドロキシトルエン、ナイロン末、合成ゼオライト、ヒマワリ油粕、パンテチン液、ベンガラ、ヘキシレングリコール、ローズマリーエキス、ゲンチアナエキス、エデト酸塩、黒酸化鉄、カミツレ末、コメヌカエキス、オオムギエキス、サンゴ草抽出液、キューカンバーエキス（１）、塩化カルシウム水和物、イザヨイバラエキス、チンピエキス、海藻エキス（５）、エデト酸、トコフェロール、フェノキシエタノール、ソルビン酸塩<QDILN000199>　*は有効成分　無印はその他の成分","iln_version_number":null,"inventory_status":"Active","is_active":true,"is_coming_soon":null,"is_default_sku":false,"is_discountable":true,"is_displayable":null,"is_engravable":null,"is_fragrance":null,"is_giftable":null,"is_giftwrap":false,"is_inactive":null,"is_multi_shaded":null,"is_out_of_stock":null,"is_preorder":false,"is_preorderable":null,"is_promotional":null,"is_replenishable":false,"is_search_suppressed":null,"is_searchable":true,"is_shaded":null,"is_sized":null,"is_sold_out":null,"is_under_weight_hazmat":false,"is_vto_enabled":null,"life_of_product":"Basic Reorder","material_code":"Z0HJ010000","media":{"large":[{"alt":"イーブン ベター シティー ブロック ポリュテクション 40  N [医薬部外品]","height":1200,"position":0,"src":"/media/export/cms/products/1200x1500/cl_sku_Z0HJ01_1200x1500_0.png","type":"image","width":1500}],"medium":[{"alt":"イーブン ベター シティー ブロック ポリュテクション 40  N [医薬部外品]","height":600,"position":1,"src":"/media/export/cms/products/600x750/cl_sku_Z0HJ01_600x750_0.png","type":"image","width":750}],"model":null,"poster":null,"small":[{"alt":"イーブン ベター シティー ブロック ポリュテクション 40  N [医薬部外品]","height":1200,"position":2,"src":"/media/export/cms/products/1200x1500/cl_sku_Z0HJ01_1200x1500_0.png","type":"image","width":1500}],"smoosh":null,"xl":null},"out_of_stock_threshold":null,"perlgem":{"SKU_BASE_ID":49056},"preorder_date":null,"prices":[{"currency":"JPY","exclude_tax":{"original_price":5200,"original_price_formatted":"¥5,200","price":5200,"price_formatted":"¥5,200","price_per_unit":null,"price_per_unit_formatted":""},"include_tax":{"original_price":5720,"original_price_formatted":"¥5,720","price":5720,"price_formatted":"¥5,720","price_per_unit":null,"price_per_unit_formatted":""},"is_discounted":false}],"purchase_limit":null,"replenishment":{"message":null},"reviews":{"average_rating":null,"number_of_questions":null,"number_of_reviews":null},"set_components":null,"shade_groups":null,"shades":null,"sizes":[{"key":1,"value":"30mL"}],"skin":{"tone":null,"type":null,"type_description":null},"sku_badge":null,"sku_badge_image":null,"sku_display_order":0,"sku_id":"Z0HJ01","sku_promo_messaging":null,"sku_type":"SE","sku_url":null,"tags":{"total":13,"items":[{"id":"12437","key":"プロテクション","value":"プロテクション"},{"id":"1693","key":"シミソバカス","value":"シミ・ソバカス"},{"id":"17726","key":"base-makeup","value":"Base Makeup"},{"id":"1575","key":"ベストセラー","value":"ベストセラー"},{"id":"20525","key":"shop-the-movie-02","value":"Shop the Movie 02"},{"id":"11265","key":"メーク下地uvベース","value":"メーク下地・UVベース"},{"id":"12537","key":"メークアップ-ベストセラー","value":"メークアップ ベストセラー"},{"id":"22382","key":"ベースメーク","value":"ベースメーク"},{"id":"20524","key":"shop-the-movie-01","value":"Shop the Movie 01"},{"id":"1667","key":"スキンケア","value":"スキンケア"},{"id":"16907","key":"even-better-makeup","value":"Even Better Makeup"},{"id":"1661","key":"サンケア","value":"サンケア"},{"id":"13305","key":"メーク下地uvケア","value":"メーク下地・UVケア"}]},"texture":null,"undertone":null,"unit_of_measure":null,"unit_size":null,"unit_size_formatted":null,"upc":"020714638245","vto":{"is_color_experience":null,"is_foundation_experience":null}}]},"sub_display_name":"イーブン ベター シティー ブロック ポリュテクション 40  N [医薬部外品]","sub_header":null,"tags":{"total":13,"items":[{"id":"12437","key":"プロテクション","parent_tag_id":"1693","product_display_order":0,"value":"プロテクション"},{"id":"1693","key":"シミソバカス","parent_tag_id":"1667","product_display_order":8,"value":"シミ・ソバカス"},{"id":"17726","key":"base-makeup","parent_tag_id":"1592","product_display_order":16,"value":"Base Makeup"},{"id":"1575","key":"ベストセラー","parent_tag_id":null,"product_display_order":6,"value":"ベストセラー"},{"id":"20525","key":"shop-the-movie-02","parent_tag_id":"1000020","product_display_order":3,"value":"Shop the Movie 02"},{"id":"11265","key":"メーク下地uvベース","parent_tag_id":"1592","product_display_order":0,"value":"メーク下地・UVベース"},{"id":"12537","key":"メークアップ-ベストセラー","parent_tag_id":"1592","product_display_order":2,"value":"メークアップ ベストセラー"},{"id":"22382","key":"ベースメーク","parent_tag_id":"1000020","product_display_order":0,"value":"ベースメーク"},{"id":"20524","key":"shop-the-movie-01","parent_tag_id":"1000020","product_display_order":1,"value":"Shop the Movie 01"},{"id":"1667","key":"スキンケア","parent_tag_id":null,"product_display_order":0,"value":"スキンケア"},{"id":"16907","key":"even-better-makeup","parent_tag_id":"1592","product_display_order":4,"value":"Even Better Makeup"},{"id":"1661","key":"サンケア","parent_tag_id":"1659","product_display_order":6,"value":"サンケア"},{"id":"13305","key":"メーク下地uvケア","parent_tag_id":"1667","product_display_order":1,"value":"メーク下地・UVケア"}]},"usage":[{"content":"適量を、目のまわりを避けて、顔全体に均一になじませます。","label":"PRODUCT USAGE","type":"product_usage"},{"content":null,"label":"HOW DOES IT WORK","type":"how_does_it_work"},{"content":null,"label":"WHO IT IS FOR","type":"who_it_is_for"},{"content":null,"label":"GREAT TO KNOW","type":"great_to_know"},{"content":"SPF40 /PA +++の優れた紫外線カット力で、日焼けによるシミ・ソバカスを防ぎ、車の排気ガス等の空気中の微粒子汚れなどにさらされた素肌を守る、日焼け止め兼メーク下地。","label":"WHAT_IT_DOES","type":"what_it_does"},{"content":"シミも肌あれも防ぐ、ベージュの薬用クリームUVベース。","label":"WHAT_IT_IS","type":"what_it_is"}],"objectID":"26304"},{"benefit":{"statement":null,"benefits":null},"brand":null,"collection":[{"key":"dramatically-dif-collection","value":"dramatically_dif_collection"}],"coverage":null,"cross_sell":[{"sku_id":null,"sort_key":1},{"sku_id":null,"sort_key":2},{"sku_id":"62A401","sort_key":3},{"sku_id":"6KKA01","sort_key":4},{"sku_id":"7F1C01","sort_key":5},{"sku_id":"6EM601","sort_key":6}],"default_category":{"id":"13301","key":"乳液クリーム"},"description":"クリニークの3ステップ スキンケア システムのステップ3：潤す。<br>潤いを与える事で肌のバリア機能をサポートするモイスチャライザー。やわらかく、なめらかで輝きのある肌に。 なめらかで伸びがよく、肌に素早くなじみます。<br><br>スキンケアシステムの秘密<br>クリニークの3ステップ スキンケアは、皮膚科学の理論に基づいたシンプルでカスタム フィットしたスキンケア。<br>フェーシャルソープで「洗う」、クラリファイングローションで古い角質を「除く」、ドラマティカリー ディファレントシリーズのモイスチャライジング ローション <br>プラス、オイルフリー処方のモイスチャライジングジェル、またはべたつきのないハイドレーティング ジェリーのいずれかで「潤す」。<br><br>皮膚科学の理論をもとに、あなたにぴったりのクリニーク スキンケアを見つけてください。<br>クリニーク クリーン フィロソフィー<br><br>パラベンフリー<br>フタル酸エステル不使用　<br>無香料<br>肌が喜ぶスキンケア","display_mode":null,"display_name":"ドラマティカリー ディファレント モイスチャライジング ローション プラス","display_status":7,"finish":null,"form":[{"key":"lotion-form","value":"lotion_form"}],"formula_type":null,"fragrance_family":null,"indexable_keywords":[{"value":"ドラマティカリー"},{"value":" DDML"},{"value":" 3step"},{"value":" dramatically"},{"value":" dramatically different"},{"value":" 黄色"},{"value":" 乳液"},{"value":" DDML"},{"value":" DDML＋"}],"is_hazmat":false,"is_product_coming_soon":null,"is_product_displayable":true,"is_product_searchable":true,"is_product_shoppable":true,"is_product_sold_out":null,"is_product_temporarily_out_of_stock":null,"is_search_suppressed":null,"key_ingredient":null,"media":{"large":[{"alt":"ドラマティカリー ディファレント モイスチャライジング ローション プラス","height":1200,"position":0,"src":"/media/export/cms/products/1200x1500/cl_prod_26651_1200x1500_0.png","type":"image","width":1500},{"alt":"ドラマティカリー ディファレント モイスチャライジング ローション プラス","height":1200,"position":1,"src":"/media/export/cms/products/1200x1500/cl_prod_26651_1200x1500_1.png","type":"image","width":1500}],"medium":null,"poster":null,"small":[{"alt":"ドラマティカリー ディファレント モイスチャライジング ローション プラス","height":1200,"position":2,"src":"/media/export/cms/products/1200x1500/cl_prod_26651_1200x1500_0.png","type":"image","width":1500},{"alt":"ドラマティカリー ディファレント モイスチャライジング ローション プラス","height":1200,"position":3,"src":"/media/export/cms/products/1200x1500/cl_prod_26651_1200x1500_1.png","type":"image","width":1500}],"videos":[{"position":null,"poster":{"height":null,"src":null,"width":null},"provider":"YouTube","src":null},{"position":null,"poster":{"height":null,"src":null,"width":null},"provider":"YouTube","src":null},{"position":null,"poster":{"height":null,"src":null,"width":null},"provider":"YouTube","src":null}],"xl":null},"meta":{"description":null,"keywords":"dramatically, DDML, 3-step, dry, sensitive, age, lines, sensitive, hypoallergenic, dramatically, dramatically different, lotion, moisturizer, moisturizing, yellow, face cream, yellow cream, moisture"},"parent_category":[{"id":"13301","value":"乳液・クリーム"},{"id":"1667","value":"スキンケア"}],"product_badge":null,"product_id":"26651","product_title_tag":null,"product_type":"Sized","product_url":"/product/13301/26651/-/dramatically-different-moisturizing-lotion","reviews":{"average_rating":null,"number_of_questions":null,"number_of_reviews":null},"shade_groups":null,"short_description":"潤いを与える事で肌のバリア機能をサポートするモイスチャライザー。やわらかく、なめらかで輝きのある肌に。 なめらかで伸びがよく、肌に素早くなじみます。","skin":{"concern":[{"key":"dry-concern","value":"dry_concern"}]},"skin_goal":null,"skus":{"total":1,"items":[{"color_family":null,"coverage_options":null,"cross_sell":null,"display_status":7,"finish":null,"finish_options":null,"fragrances":[{"family":null,"key":null,"value":null}],"iln_listing":"水・ミネラルオイル・グリセリン・ワセリン・ステアリン酸・ステアリン酸グリセリル・ゴマ油・尿素・ＴＥＡ・コレステロール・ペンチレングリコール・ジカプリン酸ＰＧ・ヒマワリ油粕・ＥＤＴＡ－３Ｎａ・ＢＧ・ヒアルロン酸Ｎａ・オオムギエキス・キュウリ果実エキス・黄４・黄５・赤２２７・フェノキシエタノール<JILN5939>","iln_version_number":"JILN5939","inventory_status":"Active","is_active":true,"is_coming_soon":null,"is_default_sku":true,"is_discountable":true,"is_displayable":null,"is_engravable":null,"is_fragrance":null,"is_giftable":null,"is_giftwrap":false,"is_inactive":null,"is_multi_shaded":null,"is_out_of_stock":null,"is_preorder":false,"is_preorderable":null,"is_promotional":null,"is_replenishable":false,"is_search_suppressed":null,"is_searchable":true,"is_shaded":null,"is_sized":null,"is_sold_out":null,"is_under_weight_hazmat":false,"is_vto_enabled":null,"life_of_product":"Basic Reorder","material_code":"7T5R010000","media":{"large":[{"alt":"ドラマティカリー ディファレント モイスチャライジング ローション プラス","height":1200,"position":0,"src":"/media/export/cms/products/1200x1500/cl_sku_7T5R01_1200x1500_0.png","type":"image","width":1500}],"medium":[{"alt":"ドラマティカリー ディファレント モイスチャライジング ローション プラス","height":600,"position":1,"src":"/media/export/cms/products/600x750/cl_sku_7T5R01_600x750_0.png","type":"image","width":750},{"alt":"ドラマティカリー ディファレント モイスチャライジング ローション プラス","height":600,"position":2,"src":"/media/export/cms/products/600x750/cl_sku_7T5R01_600x750_1.png","type":"image","width":750}],"model":null,"poster":null,"small":[{"alt":"ドラマティカリー ディファレント モイスチャライジング ローション プラス","height":1200,"position":3,"src":"/media/export/cms/products/1200x1500/cl_sku_7T5R01_1200x1500_0.png","type":"image","width":1500}],"smoosh":null,"xl":null},"out_of_stock_threshold":null,"perlgem":{"SKU_BASE_ID":49584},"preorder_date":null,"prices":[{"currency":"JPY","exclude_tax":{"original_price":6500,"original_price_formatted":"¥6,500","price":6500,"price_formatted":"¥6,500","price_per_unit":null,"price_per_unit_formatted":""},"include_tax":{"original_price":7150,"original_price_formatted":"¥7,150","price":7150,"price_formatted":"¥7,150","price_per_unit":null,"price_per_unit_formatted":""},"is_discounted":false}],"purchase_limit":null,"replenishment":{"message":"Recommended Auto-Ship cycle: 12 weeks  Learn more >"},"reviews":{"average_rating":null,"number_of_questions":null,"number_of_reviews":null},"set_components":null,"shade_groups":null,"shades":null,"sizes":[{"key":1,"value":"125mL(ポンプ)"}],"skin":{"tone":null,"type":[{"key":"dry-skintype","value":"dry_skintype"},{"key":"combination-skintype","value":"combination_skintype"}],"type_description":null},"sku_badge":null,"sku_badge_image":null,"sku_display_order":0,"sku_id":"7T5R01","sku_promo_messaging":null,"sku_type":"SE","sku_url":null,"tags":{"total":16,"items":[{"id":"22835","key":"breastcancercampaign","value":"BreastCancerCampaign"},{"id":"25565","key":"justarrivednew","value":"justarrivednew"},{"id":"13563","key":"skin-care","value":"Skin Care"},{"id":"16422","key":"セットギフト","value":"セット＆ギフト"},{"id":"1574","key":"ステップ３潤す","value":"ステップ３：潤す"},{"id":"12793","key":"タイプ２乾燥混合","value":"タイプ２：乾燥～混合"},{"id":"19570","key":"おすすめ製品","value":"おすすめ製品"},{"id":"13561","key":"holiday-2014","value":"Holiday 2014"},{"id":"18068","key":"価格別5000円","value":"価格別5000円"},{"id":"1575","key":"ベストセラー","value":"ベストセラー"},{"id":"1687","key":"乾燥","value":"乾燥"},{"id":"15513","key":"recommendedforstudents","value":"RecommendedforStudents"},{"id":"13301","key":"乳液クリーム","value":"乳液・クリーム"},{"id":"11731","key":"nail-enamel","value":"nail enamel"},{"id":"19886","key":"キャンペーン対象製品","value":"キャンペーン対象製品"},{"id":"14715","key":"mothers-day-gift-sets","value":"Mother's Day Gift Sets"}]},"texture":null,"undertone":null,"unit_of_measure":"ml","unit_size":null,"unit_size_formatted":null,"upc":"020714598907","vto":{"is_color_experience":null,"is_foundation_experience":null}}]},"sub_display_name":"ドラマティカリー ディファレント モイスチャライジング ローション プラス","sub_header":null,"tags":{"total":19,"items":[{"id":"22835","key":"breastcancercampaign","parent_tag_id":"1000020","product_display_order":5,"value":"BreastCancerCampaign"},{"id":"25565","key":"justarrivednew","parent_tag_id":null,"product_display_order":0,"value":"justarrivednew"},{"id":"13563","key":"skin-care","parent_tag_id":"13561","product_display_order":11,"value":"Skin Care"},{"id":"12792","key":"タイプ１乾燥","parent_tag_id":"1570","product_display_order":10,"value":"タイプ１：乾燥"},{"id":"16422","key":"セットギフト","parent_tag_id":"1585","product_display_order":131,"value":"セット＆ギフト"},{"id":"1574","key":"ステップ３潤す","parent_tag_id":"1570","product_display_order":22,"value":"ステップ３：潤す"},{"id":"13659","key":"トライアルサイズ","parent_tag_id":"1667","product_display_order":45,"value":"トライアルサイズ"},{"id":"1570","key":"３ステップ","parent_tag_id":null,"product_display_order":20,"value":"３ステップ"},{"id":"12793","key":"タイプ２乾燥混合","parent_tag_id":"1570","product_display_order":9,"value":"タイプ２：乾燥～混合"},{"id":"19570","key":"おすすめ製品","parent_tag_id":"1000020","product_display_order":91,"value":"おすすめ製品"},{"id":"13561","key":"holiday-2014","parent_tag_id":null,"product_display_order":63,"value":"Holiday 2014"},{"id":"18068","key":"価格別5000円","parent_tag_id":"1000020","product_display_order":7,"value":"価格別5000円"},{"id":"1575","key":"ベストセラー","parent_tag_id":null,"product_display_order":42,"value":"ベストセラー"},{"id":"1687","key":"乾燥","parent_tag_id":"1667","product_display_order":5,"value":"乾燥"},{"id":"15513","key":"recommendedforstudents","parent_tag_id":"4323","product_display_order":0,"value":"RecommendedforStudents"},{"id":"13301","key":"乳液クリーム","parent_tag_id":"1667","product_display_order":12,"value":"乳液・クリーム"},{"id":"11731","key":"nail-enamel","parent_tag_id":"1592","product_display_order":0,"value":"nail enamel"},{"id":"19886","key":"キャンペーン対象製品","parent_tag_id":"1000020","product_display_order":1,"value":"キャンペーン対象製品"},{"id":"14715","key":"mothers-day-gift-sets","parent_tag_id":"4323","product_display_order":0,"value":"Mother's Day Gift Sets"}]},"usage":[{"content":"1日2回、ソープ・ローションの後に、適量を顔全体と首、または乾燥する部分にご使用ください。","label":"PRODUCT USAGE","type":"product_usage"},{"content":null,"label":"HOW DOES IT WORK","type":"how_does_it_work"},{"content":"スキンタイプ2用(乾燥～混合肌)","label":"WHO IT IS FOR","type":"who_it_is_for"},{"content":"クリニークの3ステップ スキンケアは、皮膚科学の理論に基づいたシンプルでカスタム フィットしたスキンケア。<br>フェーシャルソープで「洗う」、クラリファイングローションで古い角質を「除く」、ドラマティカリー ディファレントシリーズのモイスチャライジング ローション プラス、オイルフリー処方のモイスチャライジングジェル、またはべたつきのないハイドレーティング ジェリーのいずれかで「潤す」。<br><br>皮膚科学の理論をもとに、あなたにぴったりのクリニーク スキンケアを見つけてください。","label":"GREAT TO KNOW","type":"great_to_know"},{"content":"クリニークの3ステップ スキンケア システムのステップ3：潤す。<br>潤いを与える事で肌のバリア機能をサポートするモイスチャライザー。やわらかく、なめらかで輝きのある肌に。 なめらかで伸びがよく、肌に素早くなじみます。","label":"WHAT_IT_DOES","type":"what_it_does"},{"content":"潤いを与える事で肌のバリア機能をサポートするモイスチャライザー。","label":"WHAT_IT_IS","type":"what_it_is"}],"objectID":"26651"},{"benefit":{"statement":null,"benefits":null},"brand":null,"collection":null,"coverage":null,"cross_sell":[{"sku_id":"75X301","sort_key":1},{"sku_id":"60MK01","sort_key":2},{"sku_id":"7NYF01","sort_key":3},{"sku_id":"6AJX01","sort_key":4},{"sku_id":"6MNY64","sort_key":5},{"sku_id":"75X303","sort_key":6}],"default_category":{"id":"1598","key":"アイシャドウ"},"description":"シルキーでなめらかな質感のパウダー アイ シャドウ。ひと塗りで、しっかり発色。ぴったりフィット。長時間よれにくいロングラスティング フォーミュラ。全3色。<br><br>シングルコレクションはカラーだけではなく、質感もお好みや用途に合わせてお選び頂けます。<br>ソフト マット・・・肌なじみの良い質感<br>ソフト シマー・・・さりげないパール感<br>スーパー シマー・・・きらびやかな輝き","display_mode":null,"display_name":"オール アバウト シャドウ","display_status":7,"finish":null,"form":null,"formula_type":null,"fragrance_family":null,"indexable_keywords":[{"value":"eye shadow"},{"value":" colour"},{"value":"アイシャドウ"},{"value":"メーク"},{"value":"カラー"},{"value":"パウダー"},{"value":"メークアップ"},{"value":"アイメーク"}],"is_hazmat":false,"is_product_coming_soon":null,"is_product_displayable":true,"is_product_searchable":true,"is_product_shoppable":true,"is_product_sold_out":null,"is_product_temporarily_out_of_stock":null,"is_search_suppressed":null,"key_ingredient":null,"media":{"large":null,"medium":null,"poster":null,"small":null,"videos":[{"position":null,"poster":{"height":null,"src":null,"width":null},"provider":null,"src":null},{"position":null,"poster":{"height":null,"src":null,"width":null},"provider":null,"src":null},{"position":null,"poster":{"height":null,"src":null,"width":null},"provider":null,"src":null}],"xl":null},"meta":{"description":null,"keywords":"eye shadow, colour, sombra,eye shadow, colour,アイシャドウ,メーク,カラー,パウダー,メークアップ,アイメーク"},"parent_category":[{"id":"1598","value":"アイシャドウ"},{"id":"1592","value":"メーク"}],"product_badge":null,"product_id":"27031","product_title_tag":null,"product_type":"Shaded","product_url":"/product/1598/27031/all-about-shadow-singles","reviews":{"average_rating":null,"number_of_questions":null,"number_of_reviews":null},"shade_groups":null,"short_description":"シルキーでなめらかな質感のパウダー アイ シャドウ。ひと塗りで、しっかり発色。ぴったりフィット。長時間よれにくいロングラスティング フォーミュラ。全3色。<br><br>シングルコレクションはカラーだけではなく、質感もお好みや用途に合わせてお選び頂けます。<br>ソフト マット・・・肌なじみの良い質感<br>ソフト シマー・・・さりげないパール感<br>スーパー シマー・・・きらびやかな輝き","skin":null,"skin_goal":null,"skus":{"total":2,"items":[{"color_family":null,"coverage_options":null,"cross_sell":null,"display_status":7,"finish":null,"finish_options":null,"fragrances":[{"family":null,"key":null,"value":null}],"iln_listing":"ステアリン酸亜鉛・ステアロイルオキシステアリン酸オクチルドデシル・ジメチコン・ナイロン－１２・窒化ホウ素・カプリリルグリコール・酢酸トコフェロール・トリメチルシロキシケイ酸・ポリテトラフルオロエチレン・ヘキシレングリコール・メチコン・アストロカリウムムルムル脂・カフェイン・フェノキシエタノール　＋／－　マイカ・タルク・酸化チタン・酸化鉄・アルミナ・オキシ塩化ビスマス・グンジョウ・カルミン・シリカ・合成金雲母・コンジョウ・黄４・酸化クロム・青１・酸化スズ・水酸化クロム・マンガンバイオレット<JILN006026>","iln_version_number":"JILN006026","inventory_status":"Active","is_active":true,"is_coming_soon":null,"is_default_sku":false,"is_discountable":true,"is_displayable":null,"is_engravable":null,"is_fragrance":null,"is_giftable":null,"is_giftwrap":false,"is_inactive":null,"is_multi_shaded":null,"is_out_of_stock":null,"is_preorder":false,"is_preorderable":null,"is_promotional":null,"is_replenishable":false,"is_search_suppressed":null,"is_searchable":true,"is_shaded":null,"is_sized":null,"is_sold_out":null,"is_under_weight_hazmat":false,"is_vto_enabled":null,"life_of_product":"Basic Reorder","material_code":"7PWH1A0000","media":{"large":[{"alt":"オール アバウト シャドウ","height":1200,"position":1,"src":"/media/export/cms/products/1200x1500/cl_sku_7PWH1A_1200x1500_0.png","type":"image","width":1500}],"medium":[{"alt":"オール アバウト シャドウ","height":600,"position":2,"src":"/media/export/cms/products/600x750/cl_sku_7PWH1A_600x750_0.png","type":"image","width":750}],"model":null,"poster":null,"small":[{"alt":"オール アバウト シャドウ","height":1200,"position":3,"src":"/media/export/cms/products/1200x1500/cl_sku_7PWH1A_1200x1500_0.png","type":"image","width":1500}],"smoosh":[{"alt":"オール アバウト シャドウ","height":1200,"position":0,"src":"/media/export/cms/products/1200x1500/swatches_v3/32_ns_ng.png","type":"image","width":1500}],"xl":null},"out_of_stock_threshold":null,"perlgem":{"SKU_BASE_ID":49865},"preorder_date":null,"prices":[{"currency":"JPY","exclude_tax":{"original_price":2600,"original_price_formatted":"¥2,600","price":2600,"price_formatted":"¥2,600","price_per_unit":null,"price_per_unit_formatted":""},"include_tax":{"original_price":2860,"original_price_formatted":"¥2,860","price":2860,"price_formatted":"¥2,860","price_per_unit":null,"price_per_unit_formatted":""},"is_discounted":false}],"purchase_limit":null,"replenishment":{"message":"Never run low on your favourites. Sign up for Auto-Ship. Learn more >"},"reviews":{"average_rating":null,"number_of_questions":null,"number_of_reviews":null},"set_components":null,"shade_groups":null,"shades":[{"description":"ホワイト パール　（ソフト シマー）","hex_val":"#f8f5f3","image":{"height":null,"src":"","width":null},"name":"1A シュガー ケーン","smoosh_design":{"group_id":null,"name":"32::none::none"}}],"sizes":[{"key":1,"value":null}],"skin":{"tone":null,"type":null,"type_description":null},"sku_badge":null,"sku_badge_image":null,"sku_display_order":2,"sku_id":"7PWH1A","sku_promo_messaging":null,"sku_type":"SE","sku_url":null,"tags":{"total":6,"items":[{"id":"1598","key":"アイシャドウ","value":"アイシャドウ"},{"id":"9427","key":"whatsnew","value":"what'snew"},{"id":"27171","key":"day4flashsale","value":"Day4FlashSale"},{"id":"27172","key":"day5flashsale","value":"Day5FlashSale"},{"id":"10589","key":"offers-lp","value":"Offers LP"},{"id":"4323","key":"just-arrived","value":"Just Arrived"}]},"texture":null,"undertone":null,"unit_of_measure":null,"unit_size":null,"unit_size_formatted":null,"upc":"020714620516","vto":{"is_color_experience":null,"is_foundation_experience":null}},{"color_family":null,"coverage_options":null,"cross_sell":null,"display_status":7,"finish":null,"finish_options":null,"fragrances":[{"family":null,"key":null,"value":null}],"iln_listing":"ステアリン酸亜鉛・ステアロイルオキシステアリン酸オクチルドデシル・ジメチコン・ナイロン－１２・窒化ホウ素・カプリリルグリコール・酢酸トコフェロール・トリメチルシロキシケイ酸・ポリテトラフルオロエチレン・ヘキシレングリコール・メチコン・アストロカリウムムルムル脂・カフェイン・フェノキシエタノール　＋／－　マイカ・タルク・酸化チタン・酸化鉄・アルミナ・オキシ塩化ビスマス・グンジョウ・カルミン・シリカ・合成金雲母・コンジョウ・黄４・酸化クロム・青１・酸化スズ・水酸化クロム・マンガンバイオレット<JILN6026>","iln_version_number":"JILN6026","inventory_status":"Active","is_active":true,"is_coming_soon":null,"is_default_sku":false,"is_discountable":true,"is_displayable":null,"is_engravable":null,"is_fragrance":null,"is_giftable":null,"is_giftwrap":false,"is_inactive":null,"is_multi_shaded":null,"is_out_of_stock":null,"is_preorder":false,"is_preorderable":null,"is_promotional":null,"is_replenishable":false,"is_search_suppressed":null,"is_searchable":true,"is_shaded":null,"is_sized":null,"is_sold_out":null,"is_under_weight_hazmat":false,"is_vto_enabled":null,"life_of_product":"Basic Reorder","material_code":"7PWJ240002","media":{"large":[{"alt":"オール アバウト シャドウ","height":1200,"position":1,"src":"/media/export/cms/products/1200x1500/cl_sku_7PWJ24_1200x1500_0.png","type":"image","width":1500}],"medium":[{"alt":"オール アバウト シャドウ","height":600,"position":2,"src":"/media/export/cms/products/600x750/cl_sku_7PWJ24_600x750_0.png","type":"image","width":750}],"model":null,"poster":null,"small":[{"alt":"オール アバウト シャドウ","height":1200,"position":3,"src":"/media/export/cms/products/1200x1500/cl_sku_7PWJ24_1200x1500_0.png","type":"image","width":1500}],"smoosh":[{"alt":"オール アバウト シャドウ","height":1200,"position":0,"src":"/media/export/cms/products/1200x1500/swatches_v3/32_ns_ng.png","type":"image","width":1500}],"xl":null},"out_of_stock_threshold":null,"perlgem":{"SKU_BASE_ID":49882},"preorder_date":null,"prices":[{"currency":"JPY","exclude_tax":{"original_price":2600,"original_price_formatted":"¥2,600","price":2600,"price_formatted":"¥2,600","price_per_unit":null,"price_per_unit_formatted":""},"include_tax":{"original_price":2860,"original_price_formatted":"¥2,860","price":2860,"price_formatted":"¥2,860","price_per_unit":null,"price_per_unit_formatted":""},"is_discounted":false}],"purchase_limit":null,"replenishment":{"message":"Never run low on your favourites. Sign up for Auto-Ship. Learn more >"},"reviews":{"average_rating":null,"number_of_questions":null,"number_of_reviews":null},"set_components":null,"shade_groups":null,"shades":[{"description":"ソフトピンクパール　（スーパー シマー）","hex_val":"#f2c5da","image":{"height":null,"src":"","width":null},"name":"24 エンジェル アイ","smoosh_design":{"group_id":null,"name":"32::none::none"}}],"sizes":[{"key":1,"value":null}],"skin":{"tone":null,"type":null,"type_description":null},"sku_badge":null,"sku_badge_image":null,"sku_display_order":5,"sku_id":"7PWJ24","sku_promo_messaging":null,"sku_type":"SE","sku_url":null,"tags":{"total":7,"items":[{"id":"1598","key":"アイシャドウ","value":"アイシャドウ"},{"id":"9427","key":"whatsnew","value":"what'snew"},{"id":"27171","key":"day4flashsale","value":"Day4FlashSale"},{"id":"27172","key":"day5flashsale","value":"Day5FlashSale"},{"id":"10589","key":"offers-lp","value":"Offers LP"},{"id":"4323","key":"just-arrived","value":"Just Arrived"},{"id":"27174","key":"day7flashsale","value":"Day7FlashSale"}]},"texture":null,"undertone":null,"unit_of_measure":null,"unit_size":null,"unit_size_formatted":null,"upc":"020714623104","vto":{"is_color_experience":null,"is_foundation_experience":null}}]},"sub_display_name":"オール アバウト シャドウ","sub_header":null,"tags":{"total":9,"items":[{"id":"1590","key":"last-chance","parent_tag_id":null,"product_display_order":57,"value":"Last Chance"},{"id":"1598","key":"アイシャドウ","parent_tag_id":"1592","product_display_order":5,"value":"アイシャドウ"},{"id":"9427","key":"whatsnew","parent_tag_id":"9420","product_display_order":0,"value":"what'snew"},{"id":"27171","key":"day4flashsale","parent_tag_id":"1590","product_display_order":49,"value":"Day4FlashSale"},{"id":"19288","key":"スペシャルセール","parent_tag_id":"1590","product_display_order":0,"value":"スペシャルセール"},{"id":"27172","key":"day5flashsale","parent_tag_id":"1590","product_display_order":0,"value":"Day5FlashSale"},{"id":"10589","key":"offers-lp","parent_tag_id":null,"product_display_order":5,"value":"Offers LP"},{"id":"4323","key":"just-arrived","parent_tag_id":null,"product_display_order":37,"value":"Just Arrived"},{"id":"27174","key":"day7flashsale","parent_tag_id":"1590","product_display_order":0,"value":"Day7FlashSale"}]},"usage":[{"content":"適量を付属のアイシャドウチップまたは、アイシャドウブラシに取って、目もとにつけます。<br><br>","label":"PRODUCT USAGE","type":"product_usage"},{"content":null,"label":"HOW DOES IT WORK","type":"how_does_it_work"},{"content":null,"label":"WHO IT IS FOR","type":"who_it_is_for"},{"content":null,"label":"GREAT TO KNOW","type":"great_to_know"},{"content":null,"label":"WHAT_IT_DOES","type":"what_it_does"},{"content":null,"label":"WHAT_IT_IS","type":"what_it_is"}],"objectID":"27031"},{"benefit":{"statement":null,"benefits":null},"brand":null,"collection":null,"coverage":null,"cross_sell":[{"sku_id":"60MK01","sort_key":1},{"sku_id":"75X301","sort_key":2},{"sku_id":"6MNY64","sort_key":3},{"sku_id":"6FP201","sort_key":4},{"sku_id":"6AJX01","sort_key":5},{"sku_id":"7NYF01","sort_key":6}],"default_category":{"id":"1598","key":"アイシャドウ"},"description":"シルキーでなめらかな質感のパウダー アイ シャドウ。ひと塗りで、しっかり発色。ぴったりフィット。長時間よれにくいロングラスティング フォーミュラ。<br><br>ハイセンスで絶妙な組み合わせの2色入りアイ シャドウ パレット。ベースカラーと、ディープカラーのコンビネーションが、印象的で美しいグラデーションをつくります。全9タイプ。","display_mode":null,"display_name":"オール アバウト シャドウ　デュオ","display_status":7,"finish":null,"form":null,"formula_type":null,"fragrance_family":null,"indexable_keywords":[{"value":"eye shadow"},{"value":" colour"},{"value":"アイカラー"},{"value":"アイシャドウ"},{"value":"パウダー"},{"value":"メーク"},{"value":"メークアップ"}],"is_hazmat":false,"is_product_coming_soon":null,"is_product_displayable":true,"is_product_searchable":true,"is_product_shoppable":true,"is_product_sold_out":null,"is_product_temporarily_out_of_stock":null,"is_search_suppressed":null,"key_ingredient":null,"media":{"large":null,"medium":null,"poster":null,"small":null,"videos":[{"position":null,"poster":{"height":null,"src":null,"width":null},"provider":null,"src":null},{"position":null,"poster":{"height":null,"src":null,"width":null},"provider":null,"src":null},{"position":null,"poster":{"height":null,"src":null,"width":null},"provider":null,"src":null}],"xl":null},"meta":{"description":null,"keywords":"eye shadow, colour,アイカラー,アイシャドウ,パウダー,メーク,メークアップ"},"parent_category":[{"id":"1598","value":"アイシャドウ"},{"id":"1592","value":"メーク"}],"product_badge":null,"product_id":"27032","product_title_tag":null,"product_type":"Shaded","product_url":"/product/1598/27032/-/all-about-shadow-duos","reviews":{"average_rating":null,"number_of_questions":null,"number_of_reviews":null},"shade_groups":null,"short_description":"シルキーでなめらかな質感のパウダー アイ シャドウ。ひと塗りで、しっかり発色。ぴったりフィット。長時間よれにくいロングラスティング フォーミュラ。<br><br>ハイセンスで絶妙な組み合わせの2色入りアイ シャドウ パレット。ベースカラーと、ディープカラーのコンビネーションが、印象的で美しいグラデーションをつくります。全9タイプ。","skin":null,"skin_goal":null,"skus":{"total":6,"items":[{"color_family":null,"coverage_options":null,"cross_sell":null,"display_status":7,"finish":null,"finish_options":null,"fragrances":[{"family":null,"key":null,"value":null}],"iln_listing":null,"iln_version_number":null,"inventory_status":"Active","is_active":true,"is_coming_soon":null,"is_default_sku":false,"is_discountable":true,"is_displayable":null,"is_engravable":null,"is_fragrance":null,"is_giftable":null,"is_giftwrap":false,"is_inactive":null,"is_multi_shaded":null,"is_out_of_stock":null,"is_preorder":false,"is_preorderable":null,"is_promotional":null,"is_replenishable":false,"is_search_suppressed":null,"is_searchable":true,"is_shaded":null,"is_sized":null,"is_sold_out":null,"is_under_weight_hazmat":false,"is_vto_enabled":null,"life_of_product":"Basic Reorder","material_code":"7PWK010000","media":{"large":[{"alt":"オール アバウト シャドウ　デュオ","height":1200,"position":1,"src":"/media/export/cms/products/1200x1500/cl_sku_7PWK01_1200x1500_0.png","type":"image","width":1500}],"medium":[{"alt":"オール アバウト シャドウ　デュオ","height":600,"position":2,"src":"/media/export/cms/products/600x750/cl_sku_7PWK01_600x750_0.png","type":"image","width":750}],"model":null,"poster":null,"small":[{"alt":"オール アバウト シャドウ　デュオ","height":1200,"position":3,"src":"/media/export/cms/products/1200x1500/cl_sku_7PWK01_1200x1500_0.png","type":"image","width":1500}],"smoosh":[{"alt":"オール アバウト シャドウ　デュオ","height":1200,"position":0,"src":"/media/export/cms/products/1200x1500/swatches_v3/32_ns_ng.png","type":"image","width":1500}],"xl":null},"out_of_stock_threshold":null,"perlgem":{"SKU_BASE_ID":49889},"preorder_date":null,"prices":[{"currency":"JPY","exclude_tax":{"original_price":3300,"original_price_formatted":"¥3,300","price":3300,"price_formatted":"¥3,300","price_per_unit":null,"price_per_unit_formatted":""},"include_tax":{"original_price":3630,"original_price_formatted":"¥3,630","price":3630,"price_formatted":"¥3,630","price_per_unit":null,"price_per_unit_formatted":""},"is_discounted":false}],"purchase_limit":null,"replenishment":{"message":"Never run low on your favourites. Sign up for Auto-Ship. Learn more >"},"reviews":{"average_rating":null,"number_of_questions":null,"number_of_reviews":null},"set_components":null,"shade_groups":null,"shades":[{"description":"ベージュ&ディープ ブラウン","hex_val":"#c09371","image":{"height":null,"src":"","width":null},"name":"01 ライク ミンク","smoosh_design":{"group_id":null,"name":"32::none::none"}}],"sizes":[{"key":1,"value":null}],"skin":{"tone":null,"type":null,"type_description":null},"sku_badge":null,"sku_badge_image":null,"sku_display_order":0,"sku_id":"7PWK01","sku_promo_messaging":null,"sku_type":"SE","sku_url":null,"tags":{"total":12,"items":[{"id":"9427","key":"whatsnew","value":"what'snew"},{"id":"10589","key":"offers-lp","value":"Offers LP"},{"id":"4323","key":"just-arrived","value":"Just Arrived"},{"id":"12537","key":"メークアップ-ベストセラー","value":"メークアップ ベストセラー"},{"id":"20850","key":"shop-the-movie-03","value":"Shop the Movie 03"},{"id":"27172","key":"day5flashsale","value":"Day5FlashSale"},{"id":"27171","key":"day4flashsale","value":"Day4FlashSale"},{"id":"13770","key":"gwp","value":"GWP"},{"id":"1598","key":"アイシャドウ","value":"アイシャドウ"},{"id":"27174","key":"day7flashsale","value":"Day7FlashSale"},{"id":"1575","key":"ベストセラー","value":"ベストセラー"},{"id":"13701","key":"online-exclusives","value":"Online Exclusives"}]},"texture":null,"undertone":null,"unit_of_measure":null,"unit_size":null,"unit_size_formatted":null,"upc":"020714586904","vto":{"is_color_experience":null,"is_foundation_experience":null}},{"color_family":null,"coverage_options":null,"cross_sell":null,"display_status":7,"finish":null,"finish_options":null,"fragrances":[{"family":null,"key":null,"value":null}],"iln_listing":null,"iln_version_number":null,"inventory_status":"Active","is_active":true,"is_coming_soon":null,"is_default_sku":false,"is_discountable":true,"is_displayable":null,"is_engravable":null,"is_fragrance":null,"is_giftable":null,"is_giftwrap":false,"is_inactive":null,"is_multi_shaded":null,"is_out_of_stock":null,"is_preorder":false,"is_preorderable":null,"is_promotional":null,"is_replenishable":false,"is_search_suppressed":null,"is_searchable":true,"is_shaded":null,"is_sized":null,"is_sold_out":null,"is_under_weight_hazmat":false,"is_vto_enabled":null,"life_of_product":"Basic Reorder","material_code":"7PWK100000","media":{"large":[{"alt":"オール アバウト シャドウ　デュオ","height":1200,"position":2,"src":"/media/export/cms/products/1200x1500/cl_sku_7PWK10_1200x1500_0.png","type":"image","width":1500}],"medium":[{"alt":"オール アバウト シャドウ　デュオ","height":600,"position":3,"src":"/media/export/cms/products/600x750/cl_sku_7PWK10_600x750_0.png","type":"image","width":750}],"model":null,"poster":null,"small":[{"alt":"オール アバウト シャドウ　デュオ","height":1200,"position":4,"src":"/media/export/cms/products/1200x1500/cl_sku_7PWK10_1200x1500_0.png","type":"image","width":1500}],"smoosh":[{"alt":"オール アバウト シャドウ　デュオ","height":1200,"position":0,"src":"/media/export/cms/products/1200x1500/swatches_v3/duo_25_ns_ng_t.png","type":"image","width":1500},{"alt":"オール アバウト シャドウ　デュオ","height":1200,"position":1,"src":"/media/export/cms/products/1200x1500/swatches_v3/duo_25_ns_ng_b.png","type":"image","width":1500}],"xl":null},"out_of_stock_threshold":null,"perlgem":{"SKU_BASE_ID":50622},"preorder_date":null,"prices":[{"currency":"JPY","exclude_tax":{"original_price":3300,"original_price_formatted":"¥3,300","price":3300,"price_formatted":"¥3,300","price_per_unit":null,"price_per_unit_formatted":""},"include_tax":{"original_price":3630,"original_price_formatted":"¥3,630","price":3630,"price_formatted":"¥3,630","price_per_unit":null,"price_per_unit_formatted":""},"is_discounted":false}],"purchase_limit":null,"replenishment":{"message":null},"reviews":{"average_rating":null,"number_of_questions":null,"number_of_reviews":null},"set_components":null,"shade_groups":null,"shades":[{"description":"イエローグリーン&オリーブグリーン","hex_val":"#d9dabb","image":{"height":null,"src":"","width":null},"name":"10 ミックス グリーン","smoosh_design":{"group_id":null,"name":"25::none::none"}}],"sizes":[{"key":1,"value":null}],"skin":{"tone":null,"type":null,"type_description":null},"sku_badge":null,"sku_badge_image":null,"sku_display_order":2,"sku_id":"7PWK10","sku_promo_messaging":null,"sku_type":"SE","sku_url":null,"tags":{"total":1,"items":[{"id":"1598","key":"アイシャドウ","value":"アイシャドウ"}]},"texture":null,"undertone":null,"unit_of_measure":null,"unit_size":1,"unit_size_formatted":null,"upc":"020714586997","vto":{"is_color_experience":null,"is_foundation_experience":null}},{"color_family":null,"coverage_options":null,"cross_sell":null,"display_status":7,"finish":null,"finish_options":null,"fragrances":[{"family":null,"key":null,"value":null}],"iln_listing":null,"iln_version_number":null,"inventory_status":"Active","is_active":true,"is_coming_soon":null,"is_default_sku":false,"is_discountable":true,"is_displayable":null,"is_engravable":null,"is_fragrance":null,"is_giftable":null,"is_giftwrap":false,"is_inactive":null,"is_multi_shaded":null,"is_out_of_stock":null,"is_preorder":false,"is_preorderable":null,"is_promotional":null,"is_replenishable":false,"is_search_suppressed":null,"is_searchable":true,"is_shaded":null,"is_sized":null,"is_sold_out":null,"is_under_weight_hazmat":false,"is_vto_enabled":null,"life_of_product":"Basic Reorder","material_code":"7PWK110001","media":{"large":[{"alt":"オール アバウト シャドウ　デュオ","height":1200,"position":1,"src":"/media/export/cms/products/1200x1500/cl_sku_7PWK11_1200x1500_0.png","type":"image","width":1500}],"medium":[{"alt":"オール アバウト シャドウ　デュオ","height":600,"position":2,"src":"/media/export/cms/products/600x750/cl_sku_7PWK11_600x750_0.png","type":"image","width":750}],"model":null,"poster":null,"small":[{"alt":"オール アバウト シャドウ　デュオ","height":1200,"position":3,"src":"/media/export/cms/products/1200x1500/cl_sku_7PWK11_1200x1500_0.png","type":"image","width":1500}],"smoosh":[{"alt":"オール アバウト シャドウ　デュオ","height":1200,"position":0,"src":"/media/export/cms/products/1200x1500/swatches_v3/32_ns_ng.png","type":"image","width":1500}],"xl":null},"out_of_stock_threshold":null,"perlgem":{"SKU_BASE_ID":49897},"preorder_date":null,"prices":[{"currency":"JPY","exclude_tax":{"original_price":3300,"original_price_formatted":"¥3,300","price":3300,"price_formatted":"¥3,300","price_per_unit":null,"price_per_unit_formatted":""},"include_tax":{"original_price":3630,"original_price_formatted":"¥3,630","price":3630,"price_formatted":"¥3,630","price_per_unit":null,"price_per_unit_formatted":""},"is_discounted":false}],"purchase_limit":null,"replenishment":{"message":"Never run low on your favourites. Sign up for Auto-Ship. Learn more >"},"reviews":{"average_rating":null,"number_of_questions":null,"number_of_reviews":null},"set_components":null,"shade_groups":null,"shades":[{"description":"フロストグレー&モスグリーンパール","hex_val":"#bfb9a7","image":{"height":null,"src":"","width":null},"name":"11 ナイトキャップ","smoosh_design":{"group_id":null,"name":"32::none::none"}}],"sizes":[{"key":1,"value":null}],"skin":{"tone":null,"type":null,"type_description":null},"sku_badge":null,"sku_badge_image":null,"sku_display_order":3,"sku_id":"7PWK11","sku_promo_messaging":null,"sku_type":"SE","sku_url":null,"tags":{"total":11,"items":[{"id":"9427","key":"whatsnew","value":"what'snew"},{"id":"10589","key":"offers-lp","value":"Offers LP"},{"id":"4323","key":"just-arrived","value":"Just Arrived"},{"id":"12537","key":"メークアップ-ベストセラー","value":"メークアップ ベストセラー"},{"id":"27172","key":"day5flashsale","value":"Day5FlashSale"},{"id":"27171","key":"day4flashsale","value":"Day4FlashSale"},{"id":"13770","key":"gwp","value":"GWP"},{"id":"1598","key":"アイシャドウ","value":"アイシャドウ"},{"id":"27174","key":"day7flashsale","value":"Day7FlashSale"},{"id":"1575","key":"ベストセラー","value":"ベストセラー"},{"id":"13701","key":"online-exclusives","value":"Online Exclusives"}]},"texture":null,"undertone":null,"unit_of_measure":null,"unit_size":null,"unit_size_formatted":null,"upc":"020714587000","vto":{"is_color_experience":null,"is_foundation_experience":null}},{"color_family":null,"coverage_options":null,"cross_sell":null,"display_status":7,"finish":null,"finish_options":null,"fragrances":[{"family":null,"key":null,"value":null}],"iln_listing":null,"iln_version_number":null,"inventory_status":"Active","is_active":true,"is_coming_soon":null,"is_default_sku":false,"is_discountable":true,"is_displayable":null,"is_engravable":null,"is_fragrance":null,"is_giftable":null,"is_giftwrap":false,"is_inactive":null,"is_multi_shaded":null,"is_out_of_stock":null,"is_preorder":false,"is_preorderable":null,"is_promotional":null,"is_replenishable":false,"is_search_suppressed":null,"is_searchable":true,"is_shaded":null,"is_sized":null,"is_sold_out":null,"is_under_weight_hazmat":false,"is_vto_enabled":null,"life_of_product":"Basic Reorder","material_code":"7PWK140000","media":{"large":[{"alt":"オール アバウト シャドウ　デュオ","height":1200,"position":1,"src":"/media/export/cms/products/1200x1500/cl_sku_7PWK14_1200x1500_0.png","type":"image","width":1500}],"medium":[{"alt":"オール アバウト シャドウ　デュオ","height":600,"position":2,"src":"/media/export/cms/products/600x750/cl_sku_7PWK14_600x750_0.png","type":"image","width":750}],"model":null,"poster":null,"small":[{"alt":"オール アバウト シャドウ　デュオ","height":1200,"position":3,"src":"/media/export/cms/products/1200x1500/cl_sku_7PWK14_1200x1500_0.png","type":"image","width":1500}],"smoosh":[{"alt":"オール アバウト シャドウ　デュオ","height":1200,"position":0,"src":"/media/export/cms/products/1200x1500/swatches_v3/32_ns_ng.png","type":"image","width":1500}],"xl":null},"out_of_stock_threshold":null,"perlgem":{"SKU_BASE_ID":49898},"preorder_date":null,"prices":[{"currency":"JPY","exclude_tax":{"original_price":3300,"original_price_formatted":"¥3,300","price":3300,"price_formatted":"¥3,300","price_per_unit":null,"price_per_unit_formatted":""},"include_tax":{"original_price":3630,"original_price_formatted":"¥3,630","price":3630,"price_formatted":"¥3,630","price_per_unit":null,"price_per_unit_formatted":""},"is_discounted":false}],"purchase_limit":null,"replenishment":{"message":"Never run low on your favourites. Sign up for Auto-Ship. Learn more >"},"reviews":{"average_rating":null,"number_of_questions":null,"number_of_reviews":null},"set_components":null,"shade_groups":null,"shades":[{"description":"ピンクゴールドパール&ブラウン","hex_val":"#dba8ad","image":{"height":null,"src":"","width":null},"name":"14 ストロベリー ファッジ","smoosh_design":{"group_id":null,"name":"32::none::none"}}],"sizes":[{"key":1,"value":null}],"skin":{"tone":null,"type":null,"type_description":null},"sku_badge":null,"sku_badge_image":null,"sku_display_order":6,"sku_id":"7PWK14","sku_promo_messaging":null,"sku_type":"SE","sku_url":null,"tags":{"total":11,"items":[{"id":"9427","key":"whatsnew","value":"what'snew"},{"id":"10589","key":"offers-lp","value":"Offers LP"},{"id":"4323","key":"just-arrived","value":"Just Arrived"},{"id":"12537","key":"メークアップ-ベストセラー","value":"メークアップ ベストセラー"},{"id":"27172","key":"day5flashsale","value":"Day5FlashSale"},{"id":"27171","key":"day4flashsale","value":"Day4FlashSale"},{"id":"13770","key":"gwp","value":"GWP"},{"id":"1598","key":"アイシャドウ","value":"アイシャドウ"},{"id":"27174","key":"day7flashsale","value":"Day7FlashSale"},{"id":"1575","key":"ベストセラー","value":"ベストセラー"},{"id":"13701","key":"online-exclusives","value":"Online Exclusives"}]},"texture":null,"undertone":null,"unit_of_measure":null,"unit_size":null,"unit_size_formatted":null,"upc":"020714587031","vto":{"is_color_experience":null,"is_foundation_experience":null}},{"color_family":null,"coverage_options":null,"cross_sell":null,"display_status":7,"finish":null,"finish_options":null,"fragrances":[{"family":null,"key":null,"value":null}],"iln_listing":null,"iln_version_number":null,"inventory_status":"Active","is_active":true,"is_coming_soon":null,"is_default_sku":false,"is_discountable":true,"is_displayable":null,"is_engravable":null,"is_fragrance":null,"is_giftable":null,"is_giftwrap":false,"is_inactive":null,"is_multi_shaded":null,"is_out_of_stock":null,"is_preorder":false,"is_preorderable":null,"is_promotional":null,"is_replenishable":false,"is_search_suppressed":null,"is_searchable":true,"is_shaded":null,"is_sized":null,"is_sold_out":null,"is_under_weight_hazmat":false,"is_vto_enabled":null,"life_of_product":"Basic Reorder","material_code":"7PWK150000","media":{"large":[{"alt":"オール アバウト シャドウ　デュオ","height":1200,"position":1,"src":"/media/export/cms/products/1200x1500/cl_sku_7PWK15_1200x1500_0.png","type":"image","width":1500}],"medium":[{"alt":"オール アバウト シャドウ　デュオ","height":600,"position":2,"src":"/media/export/cms/products/600x750/cl_sku_7PWK15_600x750_0.png","type":"image","width":750}],"model":null,"poster":null,"small":[{"alt":"オール アバウト シャドウ　デュオ","height":1200,"position":3,"src":"/media/export/cms/products/1200x1500/cl_sku_7PWK15_1200x1500_0.png","type":"image","width":1500}],"smoosh":[{"alt":"オール アバウト シャドウ　デュオ","height":1200,"position":0,"src":"/media/export/cms/products/1200x1500/swatches_v3/32_ns_ng.png","type":"image","width":1500}],"xl":null},"out_of_stock_threshold":null,"perlgem":{"SKU_BASE_ID":49899},"preorder_date":null,"prices":[{"currency":"JPY","exclude_tax":{"original_price":3300,"original_price_formatted":"¥3,300","price":3300,"price_formatted":"¥3,300","price_per_unit":null,"price_per_unit_formatted":""},"include_tax":{"original_price":3630,"original_price_formatted":"¥3,630","price":3630,"price_formatted":"¥3,630","price_per_unit":null,"price_per_unit_formatted":""},"is_discounted":false}],"purchase_limit":null,"replenishment":{"message":"Never run low on your favourites. Sign up for Auto-Ship. Learn more >"},"reviews":{"average_rating":null,"number_of_questions":null,"number_of_reviews":null},"set_components":null,"shade_groups":null,"shades":[{"description":"ベイビーピンク&パープルブラウン","hex_val":"#e3cacb","image":{"height":null,"src":"","width":null},"name":"15 アップタウン ダウンタウン","smoosh_design":{"group_id":null,"name":"32::none::none"}}],"sizes":[{"key":1,"value":null}],"skin":{"tone":null,"type":null,"type_description":null},"sku_badge":null,"sku_badge_image":null,"sku_display_order":7,"sku_id":"7PWK15","sku_promo_messaging":null,"sku_type":"SE","sku_url":null,"tags":{"total":11,"items":[{"id":"9427","key":"whatsnew","value":"what'snew"},{"id":"10589","key":"offers-lp","value":"Offers LP"},{"id":"4323","key":"just-arrived","value":"Just Arrived"},{"id":"12537","key":"メークアップ-ベストセラー","value":"メークアップ ベストセラー"},{"id":"27172","key":"day5flashsale","value":"Day5FlashSale"},{"id":"27171","key":"day4flashsale","value":"Day4FlashSale"},{"id":"13770","key":"gwp","value":"GWP"},{"id":"1598","key":"アイシャドウ","value":"アイシャドウ"},{"id":"27174","key":"day7flashsale","value":"Day7FlashSale"},{"id":"1575","key":"ベストセラー","value":"ベストセラー"},{"id":"13701","key":"online-exclusives","value":"Online Exclusives"}]},"texture":null,"undertone":null,"unit_of_measure":null,"unit_size":null,"unit_size_formatted":null,"upc":"020714587048","vto":{"is_color_experience":null,"is_foundation_experience":null}},{"color_family":null,"coverage_options":null,"cross_sell":null,"display_status":7,"finish":null,"finish_options":null,"fragrances":[{"family":null,"key":null,"value":null}],"iln_listing":null,"iln_version_number":null,"inventory_status":"Active","is_active":true,"is_coming_soon":null,"is_default_sku":false,"is_discountable":true,"is_displayable":null,"is_engravable":null,"is_fragrance":null,"is_giftable":null,"is_giftwrap":false,"is_inactive":null,"is_multi_shaded":null,"is_out_of_stock":null,"is_preorder":false,"is_preorderable":null,"is_promotional":null,"is_replenishable":false,"is_search_suppressed":null,"is_searchable":true,"is_shaded":null,"is_sized":null,"is_sold_out":null,"is_under_weight_hazmat":false,"is_vto_enabled":null,"life_of_product":"Basic Reorder","material_code":"7PWK200000","media":{"large":[{"alt":"オール アバウト シャドウ　デュオ","height":1200,"position":1,"src":"/media/export/cms/products/1200x1500/cl_sku_7PWK20_1200x1500_0.png","type":"image","width":1500}],"medium":[{"alt":"オール アバウト シャドウ　デュオ","height":600,"position":2,"src":"/media/export/cms/products/600x750/cl_sku_7PWK20_600x750_0.png","type":"image","width":750}],"model":null,"poster":null,"small":[{"alt":"オール アバウト シャドウ　デュオ","height":1200,"position":3,"src":"/media/export/cms/products/1200x1500/cl_sku_7PWK20_1200x1500_0.png","type":"image","width":1500}],"smoosh":[{"alt":"オール アバウト シャドウ　デュオ","height":1200,"position":0,"src":"/media/export/cms/products/1200x1500/swatches_v3/32_ns_ng.png","type":"image","width":1500}],"xl":null},"out_of_stock_threshold":null,"perlgem":{"SKU_BASE_ID":49904},"preorder_date":null,"prices":[{"currency":"JPY","exclude_tax":{"original_price":3300,"original_price_formatted":"¥3,300","price":3300,"price_formatted":"¥3,300","price_per_unit":null,"price_per_unit_formatted":""},"include_tax":{"original_price":3630,"original_price_formatted":"¥3,630","price":3630,"price_formatted":"¥3,630","price_per_unit":null,"price_per_unit_formatted":""},"is_discounted":false}],"purchase_limit":null,"replenishment":{"message":"Never run low on your favourites. Sign up for Auto-Ship. Learn more >"},"reviews":{"average_rating":null,"number_of_questions":null,"number_of_reviews":null},"set_components":null,"shade_groups":null,"shades":[{"description":"ペールコーラル&ディープパープル","hex_val":"#f2d5db","image":{"height":null,"src":"","width":null},"name":"20 ジャミン","smoosh_design":{"group_id":null,"name":"32::none::none"}}],"sizes":[{"key":1,"value":null}],"skin":{"tone":null,"type":null,"type_description":null},"sku_badge":null,"sku_badge_image":null,"sku_display_order":8,"sku_id":"7PWK20","sku_promo_messaging":null,"sku_type":"SE","sku_url":null,"tags":{"total":11,"items":[{"id":"9427","key":"whatsnew","value":"what'snew"},{"id":"10589","key":"offers-lp","value":"Offers LP"},{"id":"4323","key":"just-arrived","value":"Just Arrived"},{"id":"12537","key":"メークアップ-ベストセラー","value":"メークアップ ベストセラー"},{"id":"27172","key":"day5flashsale","value":"Day5FlashSale"},{"id":"27171","key":"day4flashsale","value":"Day4FlashSale"},{"id":"13770","key":"gwp","value":"GWP"},{"id":"1598","key":"アイシャドウ","value":"アイシャドウ"},{"id":"27174","key":"day7flashsale","value":"Day7FlashSale"},{"id":"1575","key":"ベストセラー","value":"ベストセラー"},{"id":"13701","key":"online-exclusives","value":"Online Exclusives"}]},"texture":null,"undertone":null,"unit_of_measure":null,"unit_size":null,"unit_size_formatted":null,"upc":"020714587093","vto":{"is_color_experience":null,"is_foundation_experience":null}}]},"sub_display_name":"オール アバウト シャドウ　デュオ","sub_header":null,"tags":{"total":12,"items":[{"id":"9427","key":"whatsnew","parent_tag_id":"9420","product_display_order":0,"value":"what'snew"},{"id":"10589","key":"offers-lp","parent_tag_id":null,"product_display_order":3,"value":"Offers LP"},{"id":"4323","key":"just-arrived","parent_tag_id":null,"product_display_order":39,"value":"Just Arrived"},{"id":"12537","key":"メークアップ-ベストセラー","parent_tag_id":"1592","product_display_order":27,"value":"メークアップ ベストセラー"},{"id":"20850","key":"shop-the-movie-03","parent_tag_id":"1000020","product_display_order":3,"value":"Shop the Movie 03"},{"id":"27172","key":"day5flashsale","parent_tag_id":"1590","product_display_order":0,"value":"Day5FlashSale"},{"id":"27171","key":"day4flashsale","parent_tag_id":"1590","product_display_order":50,"value":"Day4FlashSale"},{"id":"13770","key":"gwp","parent_tag_id":null,"product_display_order":0,"value":"GWP"},{"id":"1598","key":"アイシャドウ","parent_tag_id":"1592","product_display_order":6,"value":"アイシャドウ"},{"id":"27174","key":"day7flashsale","parent_tag_id":"1590","product_display_order":0,"value":"Day7FlashSale"},{"id":"1575","key":"ベストセラー","parent_tag_id":null,"product_display_order":61,"value":"ベストセラー"},{"id":"13701","key":"online-exclusives","parent_tag_id":"9420","product_display_order":0,"value":"Online Exclusives"}]},"usage":[{"content":"適量を付属のアイ シャドウ チップにとって、目もとにつけます。薄いベースカラーをつけてから、濃い引き締めカラーをつけます。<br>","label":"PRODUCT USAGE","type":"product_usage"},{"content":null,"label":"HOW DOES IT WORK","type":"how_does_it_work"},{"content":null,"label":"WHO IT IS FOR","type":"who_it_is_for"},{"content":null,"label":"GREAT TO KNOW","type":"great_to_know"},{"content":null,"label":"WHAT_IT_DOES","type":"what_it_does"},{"content":null,"label":"WHAT_IT_IS","type":"what_it_is"}],"objectID":"27032"},{"benefit":{"statement":null,"benefits":null},"brand":null,"collection":null,"coverage":null,"cross_sell":[{"sku_id":"60MK01","sort_key":1},{"sku_id":"75X301","sort_key":2},{"sku_id":"6LG901","sort_key":3},{"sku_id":"6FP201","sort_key":4},{"sku_id":"6AJX01","sort_key":5},{"sku_id":"7NYF01","sort_key":6}],"default_category":{"id":"1598","key":"アイシャドウ"},"description":"シルキーでなめらかな質感のパウダー アイ シャドウ。ひと塗りで、しっかり発色。ぴったりフィット。長時間よれにくいロングラスティング フォーミュラ。全6タイプ。","display_mode":null,"display_name":"オール アバウト シャドウ クワッド","display_status":7,"finish":null,"form":null,"formula_type":null,"fragrance_family":null,"indexable_keywords":[{"value":"eyeshadow"},{"value":"eye shadow"},{"value":"アイシャドウ"},{"value":"アイカラー"},{"value":"アイシャドー"},{"value":"アイメーク"},{"value":"パウダー"},{"value":"メークアップ"}],"is_hazmat":false,"is_product_coming_soon":null,"is_product_displayable":true,"is_product_searchable":true,"is_product_shoppable":true,"is_product_sold_out":null,"is_product_temporarily_out_of_stock":null,"is_search_suppressed":null,"key_ingredient":null,"media":{"large":null,"medium":null,"poster":null,"small":null,"videos":[{"position":null,"poster":{"height":null,"src":null,"width":null},"provider":null,"src":null},{"position":null,"poster":{"height":null,"src":null,"width":null},"provider":null,"src":null},{"position":null,"poster":{"height":null,"src":null,"width":null},"provider":null,"src":null}],"xl":null},"meta":{"description":null,"keywords":"eyeshadow, eye shadow,アイシャドウ、アイカラー、アイシャドー、アイメーク,メーク,パウダー"},"parent_category":[{"id":"1598","value":"アイシャドウ"},{"id":"1592","value":"メーク"}],"product_badge":null,"product_id":"27033","product_title_tag":null,"product_type":"Shaded","product_url":"/product/1598/27033/-/all-about-shadow-quads","reviews":{"average_rating":null,"number_of_questions":null,"number_of_reviews":null},"shade_groups":null,"short_description":"シルキーでなめらかな質感のパウダー アイ シャドウ。ひと塗りで、しっかり発色。ぴったりフィット。長時間よれにくいロングラスティング フォーミュラ。全6タイプ。","skin":null,"skin_goal":null,"skus":{"total":5,"items":[{"color_family":null,"coverage_options":null,"cross_sell":null,"display_status":7,"finish":null,"finish_options":null,"fragrances":[{"family":null,"key":null,"value":null}],"iln_listing":null,"iln_version_number":null,"inventory_status":"Active","is_active":true,"is_coming_soon":null,"is_default_sku":false,"is_discountable":true,"is_displayable":null,"is_engravable":null,"is_fragrance":null,"is_giftable":null,"is_giftwrap":false,"is_inactive":null,"is_multi_shaded":null,"is_out_of_stock":null,"is_preorder":false,"is_preorderable":null,"is_promotional":null,"is_replenishable":false,"is_search_suppressed":null,"is_searchable":true,"is_shaded":null,"is_sized":null,"is_sold_out":null,"is_under_weight_hazmat":false,"is_vto_enabled":null,"life_of_product":"Basic Reorder","material_code":"7PWL030000","media":{"large":[{"alt":"オール アバウト シャドウ クワッド","height":1200,"position":4,"src":"/media/export/cms/products/1200x1500/cl_sku_7PWL03_1200x1500_0.png","type":"image","width":1500}],"medium":[{"alt":"オール アバウト シャドウ クワッド","height":600,"position":5,"src":"/media/export/cms/products/600x750/cl_sku_7PWL03_600x750_0.png","type":"image","width":750}],"model":null,"poster":null,"small":[{"alt":"オール アバウト シャドウ クワッド","height":1200,"position":6,"src":"/media/export/cms/products/1200x1500/cl_sku_7PWL03_1200x1500_0.png","type":"image","width":1500}],"smoosh":[{"alt":"オール アバウト シャドウ クワッド","height":1200,"position":0,"src":"/media/export/cms/products/1200x1500/swatches_v3/quad_65_ns_ng_tl.png","type":"image","width":1500},{"alt":"オール アバウト シャドウ クワッド","height":1200,"position":1,"src":"/media/export/cms/products/1200x1500/swatches_v3/quad_65_ns_ng_tr.png","type":"image","width":1500},{"alt":"オール アバウト シャドウ クワッド","height":1200,"position":2,"src":"/media/export/cms/products/1200x1500/swatches_v3/quad_65_ns_ng_br.png","type":"image","width":1500},{"alt":"オール アバウト シャドウ クワッド","height":1200,"position":3,"src":"/media/export/cms/products/1200x1500/swatches_v3/quad_65_ns_ng_bl.png","type":"image","width":1500}],"xl":null},"out_of_stock_threshold":null,"perlgem":{"SKU_BASE_ID":49908},"preorder_date":null,"prices":[{"currency":"JPY","exclude_tax":{"original_price":4800,"original_price_formatted":"¥4,800","price":4800,"price_formatted":"¥4,800","price_per_unit":null,"price_per_unit_formatted":""},"include_tax":{"original_price":5280,"original_price_formatted":"¥5,280","price":5280,"price_formatted":"¥5,280","price_per_unit":null,"price_per_unit_formatted":""},"is_discounted":false}],"purchase_limit":null,"replenishment":{"message":"Never run low on your favourites. Sign up for Auto-Ship. Learn more >"},"reviews":{"average_rating":null,"number_of_questions":null,"number_of_reviews":null},"set_components":null,"shade_groups":null,"shades":[{"description":"ベージュからブラウンへのバリエーション","hex_val":"#f3d4ca","image":{"height":null,"src":"","width":null},"name":"03 モーニング ジャバ","smoosh_design":{"group_id":null,"name":"65::none::none"}}],"sizes":[{"key":1,"value":null}],"skin":{"tone":null,"type":null,"type_description":null},"sku_badge":null,"sku_badge_image":null,"sku_display_order":0,"sku_id":"7PWL03","sku_promo_messaging":null,"sku_type":"SE","sku_url":null,"tags":{"total":11,"items":[{"id":"10589","key":"offers-lp","value":"Offers LP"},{"id":"25565","key":"justarrivednew","value":"justarrivednew"},{"id":"1602","key":"セットギフト","value":"セット&ギフト"},{"id":"12537","key":"メークアップ-ベストセラー","value":"メークアップ ベストセラー"},{"id":"4323","key":"just-arrived","value":"Just Arrived"},{"id":"9427","key":"whatsnew","value":"what'snew"},{"id":"13701","key":"online-exclusives","value":"Online Exclusives"},{"id":"20524","key":"shop-the-movie-01","value":"Shop the Movie 01"},{"id":"1598","key":"アイシャドウ","value":"アイシャドウ"},{"id":"16422","key":"セットギフト","value":"セット＆ギフト"},{"id":"9424","key":"discovery-box","value":"Discovery Box"}]},"texture":null,"undertone":null,"unit_of_measure":null,"unit_size":null,"unit_size_formatted":null,"upc":"020714587321","vto":{"is_color_experience":null,"is_foundation_experience":null}},{"color_family":null,"coverage_options":null,"cross_sell":null,"display_status":7,"finish":null,"finish_options":null,"fragrances":[{"family":null,"key":null,"value":null}],"iln_listing":null,"iln_version_number":null,"inventory_status":"Active","is_active":true,"is_coming_soon":null,"is_default_sku":false,"is_discountable":true,"is_displayable":null,"is_engravable":null,"is_fragrance":null,"is_giftable":null,"is_giftwrap":false,"is_inactive":null,"is_multi_shaded":null,"is_out_of_stock":null,"is_preorder":false,"is_preorderable":null,"is_promotional":null,"is_replenishable":false,"is_search_suppressed":null,"is_searchable":true,"is_shaded":null,"is_sized":null,"is_sold_out":null,"is_under_weight_hazmat":false,"is_vto_enabled":null,"life_of_product":"Basic Reorder","material_code":"7PWL050000","media":{"large":[{"alt":"オール アバウト シャドウ クワッド","height":1200,"position":4,"src":"/media/export/cms/products/1200x1500/cl_sku_7PWL05_1200x1500_0.png","type":"image","width":1500}],"medium":[{"alt":"オール アバウト シャドウ クワッド","height":600,"position":5,"src":"/media/export/cms/products/600x750/cl_sku_7PWL05_600x750_0.png","type":"image","width":750}],"model":null,"poster":null,"small":[{"alt":"オール アバウト シャドウ クワッド","height":1200,"position":6,"src":"/media/export/cms/products/1200x1500/cl_sku_7PWL05_1200x1500_0.png","type":"image","width":1500}],"smoosh":[{"alt":"オール アバウト シャドウ クワッド","height":1200,"position":0,"src":"/media/export/cms/products/1200x1500/swatches_v3/quad_65_ns_ng_tl.png","type":"image","width":1500},{"alt":"オール アバウト シャドウ クワッド","height":1200,"position":1,"src":"/media/export/cms/products/1200x1500/swatches_v3/quad_65_ns_ng_tr.png","type":"image","width":1500},{"alt":"オール アバウト シャドウ クワッド","height":1200,"position":2,"src":"/media/export/cms/products/1200x1500/swatches_v3/quad_65_ns_ng_br.png","type":"image","width":1500},{"alt":"オール アバウト シャドウ クワッド","height":1200,"position":3,"src":"/media/export/cms/products/1200x1500/swatches_v3/quad_65_ns_ng_bl.png","type":"image","width":1500}],"xl":null},"out_of_stock_threshold":null,"perlgem":{"SKU_BASE_ID":49909},"preorder_date":null,"prices":[{"currency":"JPY","exclude_tax":{"original_price":4800,"original_price_formatted":"¥4,800","price":4800,"price_formatted":"¥4,800","price_per_unit":null,"price_per_unit_formatted":""},"include_tax":{"original_price":5280,"original_price_formatted":"¥5,280","price":5280,"price_formatted":"¥5,280","price_per_unit":null,"price_per_unit_formatted":""},"is_discounted":false}],"purchase_limit":null,"replenishment":{"message":"Never run low on your favourites. Sign up for Auto-Ship. Learn more >"},"reviews":{"average_rating":null,"number_of_questions":null,"number_of_reviews":null},"set_components":null,"shade_groups":null,"shades":[{"description":"アースカラーのバリエーション","hex_val":"#f7f2cd","image":{"height":null,"src":"","width":null},"name":"05 オン サファリ","smoosh_design":{"group_id":null,"name":"65::none::none"}}],"sizes":[{"key":1,"value":null}],"skin":{"tone":null,"type":null,"type_description":null},"sku_badge":null,"sku_badge_image":null,"sku_display_order":1,"sku_id":"7PWL05","sku_promo_messaging":null,"sku_type":"SE","sku_url":null,"tags":{"total":10,"items":[{"id":"10589","key":"offers-lp","value":"Offers LP"},{"id":"1602","key":"セットギフト","value":"セット&ギフト"},{"id":"12537","key":"メークアップ-ベストセラー","value":"メークアップ ベストセラー"},{"id":"4323","key":"just-arrived","value":"Just Arrived"},{"id":"9427","key":"whatsnew","value":"what'snew"},{"id":"13701","key":"online-exclusives","value":"Online Exclusives"},{"id":"20524","key":"shop-the-movie-01","value":"Shop the Movie 01"},{"id":"1598","key":"アイシャドウ","value":"アイシャドウ"},{"id":"16422","key":"セットギフト","value":"セット＆ギフト"},{"id":"9424","key":"discovery-box","value":"Discovery Box"}]},"texture":null,"undertone":null,"unit_of_measure":null,"unit_size":null,"unit_size_formatted":null,"upc":"020714587345","vto":{"is_color_experience":null,"is_foundation_experience":null}},{"color_family":null,"coverage_options":null,"cross_sell":null,"display_status":7,"finish":null,"finish_options":null,"fragrances":[{"family":null,"key":null,"value":null}],"iln_listing":null,"iln_version_number":null,"inventory_status":"Active","is_active":true,"is_coming_soon":null,"is_default_sku":false,"is_discountable":true,"is_displayable":null,"is_engravable":null,"is_fragrance":null,"is_giftable":null,"is_giftwrap":false,"is_inactive":null,"is_multi_shaded":null,"is_out_of_stock":null,"is_preorder":false,"is_preorderable":null,"is_promotional":null,"is_replenishable":false,"is_search_suppressed":null,"is_searchable":true,"is_shaded":null,"is_sized":null,"is_sold_out":null,"is_under_weight_hazmat":false,"is_vto_enabled":null,"life_of_product":"Basic Reorder","material_code":"7PWL060000","media":{"large":[{"alt":"オール アバウト シャドウ クワッド","height":1200,"position":4,"src":"/media/export/cms/products/1200x1500/cl_sku_7PWL06_1200x1500_0.png","type":"image","width":1500}],"medium":[{"alt":"オール アバウト シャドウ クワッド","height":600,"position":5,"src":"/media/export/cms/products/600x750/cl_sku_7PWL06_600x750_0.png","type":"image","width":750}],"model":null,"poster":null,"small":[{"alt":"オール アバウト シャドウ クワッド","height":1200,"position":6,"src":"/media/export/cms/products/1200x1500/cl_sku_7PWL06_1200x1500_0.png","type":"image","width":1500}],"smoosh":[{"alt":"オール アバウト シャドウ クワッド","height":1200,"position":0,"src":"/media/export/cms/products/1200x1500/swatches_v3/quad_65_ns_ng_tl.png","type":"image","width":1500},{"alt":"オール アバウト シャドウ クワッド","height":1200,"position":1,"src":"/media/export/cms/products/1200x1500/swatches_v3/quad_65_ns_ng_tr.png","type":"image","width":1500},{"alt":"オール アバウト シャドウ クワッド","height":1200,"position":2,"src":"/media/export/cms/products/1200x1500/swatches_v3/quad_65_ns_ng_br.png","type":"image","width":1500},{"alt":"オール アバウト シャドウ クワッド","height":1200,"position":3,"src":"/media/export/cms/products/1200x1500/swatches_v3/quad_65_ns_ng_bl.png","type":"image","width":1500}],"xl":null},"out_of_stock_threshold":null,"perlgem":{"SKU_BASE_ID":49910},"preorder_date":null,"prices":[{"currency":"JPY","exclude_tax":{"original_price":4800,"original_price_formatted":"¥4,800","price":4800,"price_formatted":"¥4,800","price_per_unit":null,"price_per_unit_formatted":""},"include_tax":{"original_price":5280,"original_price_formatted":"¥5,280","price":5280,"price_formatted":"¥5,280","price_per_unit":null,"price_per_unit_formatted":""},"is_discounted":false}],"purchase_limit":null,"replenishment":{"message":"Never run low on your favourites. Sign up for Auto-Ship. Learn more >"},"reviews":{"average_rating":null,"number_of_questions":null,"number_of_reviews":null},"set_components":null,"shade_groups":null,"shades":[{"description":"ホワイトピンクからチョコレートのバリエーション","hex_val":"#e1cdcc","image":{"height":null,"src":"","width":null},"name":"06 ピンク チョコレート","smoosh_design":{"group_id":null,"name":"65::none::none"}}],"sizes":[{"key":1,"value":null}],"skin":{"tone":null,"type":null,"type_description":null},"sku_badge":null,"sku_badge_image":null,"sku_display_order":2,"sku_id":"7PWL06","sku_promo_messaging":null,"sku_type":"SE","sku_url":null,"tags":{"total":10,"items":[{"id":"10589","key":"offers-lp","value":"Offers LP"},{"id":"25565","key":"justarrivednew","value":"justarrivednew"},{"id":"1602","key":"セットギフト","value":"セット&ギフト"},{"id":"4323","key":"just-arrived","value":"Just Arrived"},{"id":"9427","key":"whatsnew","value":"what'snew"},{"id":"13701","key":"online-exclusives","value":"Online Exclusives"},{"id":"20524","key":"shop-the-movie-01","value":"Shop the Movie 01"},{"id":"1598","key":"アイシャドウ","value":"アイシャドウ"},{"id":"16422","key":"セットギフト","value":"セット＆ギフト"},{"id":"9424","key":"discovery-box","value":"Discovery Box"}]},"texture":null,"undertone":null,"unit_of_measure":null,"unit_size":null,"unit_size_formatted":null,"upc":"020714587352","vto":{"is_color_experience":null,"is_foundation_experience":null}},{"color_family":null,"coverage_options":null,"cross_sell":null,"display_status":7,"finish":null,"finish_options":null,"fragrances":[{"family":null,"key":null,"value":null}],"iln_listing":null,"iln_version_number":null,"inventory_status":"Active","is_active":true,"is_coming_soon":null,"is_default_sku":false,"is_discountable":true,"is_displayable":null,"is_engravable":null,"is_fragrance":null,"is_giftable":null,"is_giftwrap":false,"is_inactive":null,"is_multi_shaded":null,"is_out_of_stock":null,"is_preorder":false,"is_preorderable":null,"is_promotional":null,"is_replenishable":false,"is_search_suppressed":null,"is_searchable":true,"is_shaded":null,"is_sized":null,"is_sold_out":null,"is_under_weight_hazmat":false,"is_vto_enabled":null,"life_of_product":"Basic Reorder","material_code":"7PWL100000","media":{"large":[{"alt":"オール アバウト シャドウ クワッド","height":1200,"position":4,"src":"/media/export/cms/products/1200x1500/cl_sku_7PWL10_1200x1500_0.png","type":"image","width":1500}],"medium":[{"alt":"オール アバウト シャドウ クワッド","height":600,"position":5,"src":"/media/export/cms/products/600x750/cl_sku_7PWL10_600x750_0.png","type":"image","width":750}],"model":null,"poster":null,"small":[{"alt":"オール アバウト シャドウ クワッド","height":1200,"position":6,"src":"/media/export/cms/products/1200x1500/cl_sku_7PWL10_1200x1500_0.png","type":"image","width":1500}],"smoosh":[{"alt":"オール アバウト シャドウ クワッド","height":1200,"position":0,"src":"/media/export/cms/products/1200x1500/swatches_v3/quad_65_ns_ng_tl.png","type":"image","width":1500},{"alt":"オール アバウト シャドウ クワッド","height":1200,"position":1,"src":"/media/export/cms/products/1200x1500/swatches_v3/quad_65_ns_ng_tr.png","type":"image","width":1500},{"alt":"オール アバウト シャドウ クワッド","height":1200,"position":2,"src":"/media/export/cms/products/1200x1500/swatches_v3/quad_65_ns_ng_br.png","type":"image","width":1500},{"alt":"オール アバウト シャドウ クワッド","height":1200,"position":3,"src":"/media/export/cms/products/1200x1500/swatches_v3/quad_65_ns_ng_bl.png","type":"image","width":1500}],"xl":null},"out_of_stock_threshold":null,"perlgem":{"SKU_BASE_ID":49914},"preorder_date":null,"prices":[{"currency":"JPY","exclude_tax":{"original_price":4800,"original_price_formatted":"¥4,800","price":4800,"price_formatted":"¥4,800","price_per_unit":null,"price_per_unit_formatted":""},"include_tax":{"original_price":5280,"original_price_formatted":"¥5,280","price":5280,"price_formatted":"¥5,280","price_per_unit":null,"price_per_unit_formatted":""},"is_discounted":false}],"purchase_limit":null,"replenishment":{"message":"Never run low on your favourites. Sign up for Auto-Ship. Learn more >"},"reviews":{"average_rating":null,"number_of_questions":null,"number_of_reviews":null},"set_components":null,"shade_groups":null,"shades":[{"description":"パープルのバリエーション","hex_val":"#f4dfdd","image":{"height":null,"src":"","width":null},"name":"10 ゴーイング ステディー","smoosh_design":{"group_id":null,"name":"65::none::none"}}],"sizes":[{"key":1,"value":null}],"skin":{"tone":null,"type":null,"type_description":null},"sku_badge":null,"sku_badge_image":null,"sku_display_order":5,"sku_id":"7PWL10","sku_promo_messaging":null,"sku_type":"SE","sku_url":null,"tags":{"total":11,"items":[{"id":"10589","key":"offers-lp","value":"Offers LP"},{"id":"13561","key":"holiday-2014","value":"Holiday 2014"},{"id":"1602","key":"セットギフト","value":"セット&ギフト"},{"id":"12537","key":"メークアップ-ベストセラー","value":"メークアップ ベストセラー"},{"id":"4323","key":"just-arrived","value":"Just Arrived"},{"id":"9427","key":"whatsnew","value":"what'snew"},{"id":"13701","key":"online-exclusives","value":"Online Exclusives"},{"id":"20524","key":"shop-the-movie-01","value":"Shop the Movie 01"},{"id":"1598","key":"アイシャドウ","value":"アイシャドウ"},{"id":"16422","key":"セットギフト","value":"セット＆ギフト"},{"id":"9424","key":"discovery-box","value":"Discovery Box"}]},"texture":null,"undertone":null,"unit_of_measure":null,"unit_size":null,"unit_size_formatted":null,"upc":"020714587390","vto":{"is_color_experience":null,"is_foundation_experience":null}},{"color_family":null,"coverage_options":null,"cross_sell":null,"display_status":7,"finish":null,"finish_options":null,"fragrances":[{"family":null,"key":null,"value":null}],"iln_listing":null,"iln_version_number":null,"inventory_status":"Active","is_active":true,"is_coming_soon":null,"is_default_sku":false,"is_discountable":true,"is_displayable":null,"is_engravable":null,"is_fragrance":null,"is_giftable":null,"is_giftwrap":false,"is_inactive":null,"is_multi_shaded":null,"is_out_of_stock":null,"is_preorder":false,"is_preorderable":null,"is_promotional":null,"is_replenishable":false,"is_search_suppressed":null,"is_searchable":true,"is_shaded":null,"is_sized":null,"is_sold_out":null,"is_under_weight_hazmat":false,"is_vto_enabled":null,"life_of_product":"Basic Reorder","material_code":"7PWL110000","media":{"large":[{"alt":"オール アバウト シャドウ クワッド","height":1200,"position":4,"src":"/media/export/cms/products/1200x1500/cl_sku_7PWL11_1200x1500_0.png","type":"image","width":1500}],"medium":[{"alt":"オール アバウト シャドウ クワッド","height":600,"position":5,"src":"/media/export/cms/products/600x750/cl_sku_7PWL11_600x750_0.png","type":"image","width":750}],"model":null,"poster":null,"small":[{"alt":"オール アバウト シャドウ クワッド","height":1200,"position":6,"src":"/media/export/cms/products/1200x1500/cl_sku_7PWL11_1200x1500_0.png","type":"image","width":1500}],"smoosh":[{"alt":"オール アバウト シャドウ クワッド","height":1200,"position":0,"src":"/media/export/cms/products/1200x1500/swatches_v3/quad_65_ns_ng_tl.png","type":"image","width":1500},{"alt":"オール アバウト シャドウ クワッド","height":1200,"position":1,"src":"/media/export/cms/products/1200x1500/swatches_v3/quad_65_ns_ng_tr.png","type":"image","width":1500},{"alt":"オール アバウト シャドウ クワッド","height":1200,"position":2,"src":"/media/export/cms/products/1200x1500/swatches_v3/quad_65_ns_ng_br.png","type":"image","width":1500},{"alt":"オール アバウト シャドウ クワッド","height":1200,"position":3,"src":"/media/export/cms/products/1200x1500/swatches_v3/quad_65_ns_ng_bl.png","type":"image","width":1500}],"xl":null},"out_of_stock_threshold":null,"perlgem":{"SKU_BASE_ID":49915},"preorder_date":null,"prices":[{"currency":"JPY","exclude_tax":{"original_price":4800,"original_price_formatted":"¥4,800","price":4800,"price_formatted":"¥4,800","price_per_unit":null,"price_per_unit_formatted":""},"include_tax":{"original_price":5280,"original_price_formatted":"¥5,280","price":5280,"price_formatted":"¥5,280","price_per_unit":null,"price_per_unit_formatted":""},"is_discounted":false}],"purchase_limit":null,"replenishment":{"message":"Never run low on your favourites. Sign up for Auto-Ship. Learn more >"},"reviews":{"average_rating":null,"number_of_questions":null,"number_of_reviews":null},"set_components":null,"shade_groups":null,"shades":[{"description":"ネイビーブルーのバリエーション","hex_val":"#e4e7eb","image":{"height":null,"src":"","width":null},"name":"11 ギャラクシー","smoosh_design":{"group_id":null,"name":"65::none::none"}}],"sizes":[{"key":1,"value":null}],"skin":{"tone":null,"type":null,"type_description":null},"sku_badge":null,"sku_badge_image":null,"sku_display_order":6,"sku_id":"7PWL11","sku_promo_messaging":null,"sku_type":"SE","sku_url":null,"tags":{"total":10,"items":[{"id":"10589","key":"offers-lp","value":"Offers LP"},{"id":"1602","key":"セットギフト","value":"セット&ギフト"},{"id":"12537","key":"メークアップ-ベストセラー","value":"メークアップ ベストセラー"},{"id":"4323","key":"just-arrived","value":"Just Arrived"},{"id":"9427","key":"whatsnew","value":"what'snew"},{"id":"13701","key":"online-exclusives","value":"Online Exclusives"},{"id":"20524","key":"shop-the-movie-01","value":"Shop the Movie 01"},{"id":"1598","key":"アイシャドウ","value":"アイシャドウ"},{"id":"16422","key":"セットギフト","value":"セット＆ギフト"},{"id":"9424","key":"discovery-box","value":"Discovery Box"}]},"texture":null,"undertone":null,"unit_of_measure":null,"unit_size":null,"unit_size_formatted":null,"upc":"020714587406","vto":{"is_color_experience":null,"is_foundation_experience":null}}]},"sub_display_name":"オール アバウト シャドウ クワッド","sub_header":null,"tags":{"total":12,"items":[{"id":"10589","key":"offers-lp","parent_tag_id":null,"product_display_order":4,"value":"Offers LP"},{"id":"25565","key":"justarrivednew","parent_tag_id":null,"product_display_order":2,"value":"justarrivednew"},{"id":"13561","key":"holiday-2014","parent_tag_id":null,"product_display_order":0,"value":"Holiday 2014"},{"id":"1602","key":"セットギフト","parent_tag_id":"1600","product_display_order":100,"value":"セット&ギフト"},{"id":"12537","key":"メークアップ-ベストセラー","parent_tag_id":"1592","product_display_order":13,"value":"メークアップ ベストセラー"},{"id":"4323","key":"just-arrived","parent_tag_id":null,"product_display_order":41,"value":"Just Arrived"},{"id":"9427","key":"whatsnew","parent_tag_id":"9420","product_display_order":0,"value":"what'snew"},{"id":"13701","key":"online-exclusives","parent_tag_id":"9420","product_display_order":4,"value":"Online Exclusives"},{"id":"20524","key":"shop-the-movie-01","parent_tag_id":"1000020","product_display_order":3,"value":"Shop the Movie 01"},{"id":"1598","key":"アイシャドウ","parent_tag_id":"1592","product_display_order":7,"value":"アイシャドウ"},{"id":"16422","key":"セットギフト","parent_tag_id":"1585","product_display_order":130,"value":"セット＆ギフト"},{"id":"9424","key":"discovery-box","parent_tag_id":"9420","product_display_order":0,"value":"Discovery Box"}]},"usage":[{"content":"適量を付属のアイ シャドウ チップまたは、アイ シャドウ ブラシに取って、目もとにつけます。","label":"PRODUCT USAGE","type":"product_usage"},{"content":null,"label":"HOW DOES IT WORK","type":"how_does_it_work"},{"content":null,"label":"WHO IT IS FOR","type":"who_it_is_for"},{"content":null,"label":"GREAT TO KNOW","type":"great_to_know"},{"content":null,"label":"WHAT_IT_DOES","type":"what_it_does"},{"content":null,"label":"WHAT_IT_IS","type":"what_it_is"}],"objectID":"27033"},{"benefit":{"statement":null,"benefits":null},"brand":null,"collection":null,"coverage":null,"cross_sell":[{"sku_id":"6AJX01","sort_key":1},{"sku_id":"6MNY64","sort_key":2},{"sku_id":"7WF864","sort_key":3},{"sku_id":"7PWK05","sort_key":4},{"sku_id":"7PWL11","sort_key":5},{"sku_id":"7PWL06","sort_key":6}],"default_category":{"id":"1598","key":"アイシャドウ"},"description":"まぶたの肌色を均一にし、アイシャドウの発色と色持ちを良くする下地。「オール アバウト シャドウ」アイ カラーを長持ちさせる下地です。単体で使用すれば、ナチュラルで整った印象に。敏感肌の方やコンタクトレンズ装用者の方にもご使用いただけます。敏感な目元も考えてつくられています。全2色。","display_mode":null,"display_name":"オール アバウト シャドウ プライマー フォー アイ　","display_status":7,"finish":null,"form":null,"formula_type":null,"fragrance_family":null,"indexable_keywords":[{"value":"eye shadow"},{"value":" primer"}],"is_hazmat":true,"is_product_coming_soon":null,"is_product_displayable":true,"is_product_searchable":true,"is_product_shoppable":true,"is_product_sold_out":null,"is_product_temporarily_out_of_stock":null,"is_search_suppressed":null,"key_ingredient":null,"media":{"large":null,"medium":null,"poster":null,"small":null,"videos":[{"position":null,"poster":{"height":null,"src":null,"width":null},"provider":null,"src":null},{"position":null,"poster":{"height":null,"src":null,"width":null},"provider":null,"src":null},{"position":null,"poster":{"height":null,"src":null,"width":null},"provider":null,"src":null}],"xl":null},"meta":{"description":null,"keywords":"eye shadow, primer, sombra"},"parent_category":[{"id":"1598","value":"アイシャドウ"},{"id":"1592","value":"メーク"}],"product_badge":null,"product_id":"27035","product_title_tag":null,"product_type":"Shaded","product_url":"/product/1598/27035/--/new-all-about-shadow-primer-for-eyes","reviews":{"average_rating":null,"number_of_questions":null,"number_of_reviews":null},"shade_groups":null,"short_description":"アイ シャドウの色持ちをよくします。アイ カラーの仕上がりをキープするフォーミュラ。","skin":null,"skin_goal":null,"skus":{"total":1,"items":[{"color_family":null,"coverage_options":null,"cross_sell":null,"display_status":7,"finish":null,"finish_options":null,"fragrances":[{"family":null,"key":null,"value":null}],"iln_listing":"トリシロキサン・イソドデカン・トリ（ベヘン酸／イソステアリン酸／エイコサン二酸）グリセリル・ジメチコン・メタクリル酸メチルクロスポリマー・（アクリレーツ／メタクリル酸ポリトリメチルシロキシ）コポリマー・合成ワックス・クエン酸トリエチル・ポリメタクリル酸メチル・ジメチコンクロスポリマー－３・ジメチコンクロスポリマー・エチルヘキシルグリセリン・(アクリル酸Ｎa／アクリロイルジメチルタウリンＮa)コポリマー・水・イソヘキサデカン・トコフェロール・フェノキシエタノール　＋／－　マイカ・酸化チタン・酸化鉄・マンガンバイオレット・黄４・酸化クロム・水酸化クロム・コンジョウ・カルミン・青１・グンジョウ<JILN6042>","iln_version_number":"JILN6042","inventory_status":"Active","is_active":true,"is_coming_soon":null,"is_default_sku":false,"is_discountable":true,"is_displayable":null,"is_engravable":null,"is_fragrance":null,"is_giftable":null,"is_giftwrap":false,"is_inactive":null,"is_multi_shaded":null,"is_out_of_stock":null,"is_preorder":false,"is_preorderable":null,"is_promotional":null,"is_replenishable":false,"is_search_suppressed":null,"is_searchable":true,"is_shaded":null,"is_sized":null,"is_sold_out":null,"is_under_weight_hazmat":null,"is_vto_enabled":null,"life_of_product":"Basic Reorder","material_code":"7W5C010001","media":{"large":[{"alt":"オール アバウト シャドウ プライマー フォー アイ　","height":1200,"position":1,"src":"/media/export/cms/products/1200x1500/cl_sku_7W5C01_1200x1500_0.png","type":"image","width":1500}],"medium":[{"alt":"オール アバウト シャドウ プライマー フォー アイ　","height":600,"position":2,"src":"/media/export/cms/products/600x750/cl_sku_7W5C01_600x750_0.png","type":"image","width":750}],"model":null,"poster":null,"small":[{"alt":"オール アバウト シャドウ プライマー フォー アイ　","height":1200,"position":3,"src":"/media/export/cms/products/1200x1500/cl_sku_7W5C01_1200x1500_0.png","type":"image","width":1500}],"smoosh":[{"alt":"オール アバウト シャドウ プライマー フォー アイ　","height":1200,"position":0,"src":"/media/export/cms/products/1200x1500/swatches_v3/09_ns_ng.png","type":"image","width":1500}],"xl":null},"out_of_stock_threshold":null,"perlgem":{"SKU_BASE_ID":50359},"preorder_date":null,"prices":[{"currency":"JPY","exclude_tax":{"original_price":3200,"original_price_formatted":"¥3,200","price":3200,"price_formatted":"¥3,200","price_per_unit":null,"price_per_unit_formatted":""},"include_tax":{"original_price":3520,"original_price_formatted":"¥3,520","price":3520,"price_formatted":"¥3,520","price_per_unit":null,"price_per_unit_formatted":""},"is_discounted":false}],"purchase_limit":null,"replenishment":{"message":"Never run low on your favourites. Sign up for Auto-Ship. Learn more >"},"reviews":{"average_rating":null,"number_of_questions":null,"number_of_reviews":null},"set_components":null,"shade_groups":null,"shades":[{"description":"標準～明るめの肌色に","hex_val":"#decdaf","image":{"height":null,"src":"","width":null},"name":"01 ベリー フェア","smoosh_design":{"group_id":null,"name":"09::none::none"}}],"sizes":[{"key":1,"value":"4.7g"}],"skin":{"tone":null,"type":null,"type_description":null},"sku_badge":null,"sku_badge_image":null,"sku_display_order":0,"sku_id":"7W5C01","sku_promo_messaging":null,"sku_type":"SE","sku_url":null,"tags":{"total":6,"items":[{"id":"11265","key":"メーク下地uvベース","value":"メーク下地・UVベース"},{"id":"9427","key":"whatsnew","value":"what'snew"},{"id":"10589","key":"offers-lp","value":"Offers LP"},{"id":"4323","key":"just-arrived","value":"Just Arrived"},{"id":"1598","key":"アイシャドウ","value":"アイシャドウ"},{"id":"9424","key":"discovery-box","value":"Discovery Box"}]},"texture":null,"undertone":null,"unit_of_measure":null,"unit_size":null,"unit_size_formatted":null,"upc":"020714608330","vto":{"is_color_experience":null,"is_foundation_experience":null}}]},"sub_display_name":"オール アバウト シャドウ プライマー フォー アイ　","sub_header":null,"tags":{"total":5,"items":[{"id":"9427","key":"whatsnew","parent_tag_id":"9420","product_display_order":0,"value":"what'snew"},{"id":"10589","key":"offers-lp","parent_tag_id":null,"product_display_order":6,"value":"Offers LP"},{"id":"4323","key":"just-arrived","parent_tag_id":null,"product_display_order":31,"value":"Just Arrived"},{"id":"1598","key":"アイシャドウ","parent_tag_id":"1592","product_display_order":8,"value":"アイシャドウ"},{"id":"9424","key":"discovery-box","parent_tag_id":"9420","product_display_order":0,"value":"Discovery Box"}]},"usage":[{"content":"<UL><LI>肌本来の色に合うカラーをお選びください。</LI><LI>アプリケーターにとり、アイラインから眉骨までまぶた全体を覆うように塗布します。</LI><LI>指先でなじませ、なめらかで均一なベースを作ります。</LI><LI>その後、お好みに応じて<A href=\"/product/1598/27031/Makeup/Eye-Shadows/All-About-Shadow-Single\">「オール アバウト シャドウ」アイ カラーを</A>お使いください。</LI></UL><UL></UL>","label":"PRODUCT USAGE","type":"product_usage"},{"content":null,"label":"HOW DOES IT WORK","type":"how_does_it_work"},{"content":null,"label":"WHO IT IS FOR","type":"who_it_is_for"},{"content":null,"label":"GREAT TO KNOW","type":"great_to_know"},{"content":null,"label":"WHAT_IT_DOES","type":"what_it_does"},{"content":null,"label":"WHAT_IT_IS","type":"what_it_is"}],"objectID":"27035"},{"benefit":{"statement":null,"benefits":null},"brand":null,"collection":null,"coverage":null,"cross_sell":[{"sku_id":"7WL801","sort_key":1},{"sku_id":"6TCR01","sort_key":2},{"sku_id":"7KXN01","sort_key":3},{"sku_id":"65EM01","sort_key":4},{"sku_id":"Z21901","sort_key":5},{"sku_id":"7ELF01","sort_key":6}],"default_category":{"id":"1619","key":"セットギフト"},"description":"リキッドタイプの洗顔ソープ。肌に必要な潤いを奪うことなく、汗や皮脂の汚れをすばやく落とします。洗い上がりはつっぱり感もなく、柔らかな肌に。スキンタイプ １、２　(乾燥～混合肌用)<BR>","display_mode":null,"display_name":"フェース ウォッシュ","display_status":7,"finish":null,"form":null,"formula_type":null,"fragrance_family":null,"indexable_keywords":[{"value":"3-step"},{"value":" cleanse"},{"value":" ウォッシュ"},{"value":"フェース"},{"value":"リキッド"}],"is_hazmat":false,"is_product_coming_soon":null,"is_product_displayable":true,"is_product_searchable":true,"is_product_shoppable":true,"is_product_sold_out":null,"is_product_temporarily_out_of_stock":null,"is_search_suppressed":null,"key_ingredient":null,"media":{"large":null,"medium":null,"poster":null,"small":null,"videos":[{"position":null,"poster":{"height":null,"src":null,"width":null},"provider":"YouTube","src":null},{"position":null,"poster":{"height":null,"src":null,"width":null},"provider":"YouTube","src":null},{"position":null,"poster":{"height":null,"src":null,"width":null},"provider":"YouTube","src":null}],"xl":null},"meta":{"description":null,"keywords":"3-step, cleanse, ssfm, skin supplies for men"},"parent_category":[{"id":"1619","value":"セット＆ギフト"},{"id":"1618","value":"メンズセット＆ギフト"},{"id":"1609","value":"メンズ"}],"product_badge":null,"product_id":"29404","product_title_tag":null,"product_type":"Other","product_url":"/product/1619/29404/clinique-for-men-face-wash","reviews":{"average_rating":null,"number_of_questions":null,"number_of_reviews":null},"shade_groups":null,"short_description":"リキッドタイプの洗顔ソープ。<br>スキンタイプ １、２　(乾燥～混合肌用)","skin":null,"skin_goal":null,"skus":{"total":1,"items":[{"color_family":null,"coverage_options":null,"cross_sell":null,"display_status":7,"finish":null,"finish_options":null,"fragrances":[{"family":null,"key":null,"value":null}],"iln_listing":"水・コカミドプロピルヒドロキシスルタイン・ココイルサルコシンＮａ・ラウレス硫酸Ｎａ・ラウラミドプロピルベタイン・塩化Ｎａ・ココイルグルタミン酸ＴＥＡ・アジピン酸ジＰＰＧ－２ミレス－１０・アロエベラ液汁・ジオレイン酸ＰＥＧ－１２０メチルグルコース・スクロース・コハク酸ＰＥＧ－８ジメチコンセチルトリエチルモニウム・カプリリルグリコール・ラウレス－２・硫酸Ｎａ・ＥＤＴＡ－２Ｎａ・ヘキシレングリコール・ポリクオタニウムー７・ＢＧ・ローマカミツレ花油・ヒアルロン酸Ｎａ・酢酸トコフェロール・ヤシ油アルキルＰＧジモニウムクロリドリン酸Ｎａ・フェノキシエタノール<JILN004937>","iln_version_number":"JILN004937","inventory_status":"Active","is_active":true,"is_coming_soon":null,"is_default_sku":false,"is_discountable":true,"is_displayable":null,"is_engravable":null,"is_fragrance":null,"is_giftable":null,"is_giftwrap":false,"is_inactive":null,"is_multi_shaded":null,"is_out_of_stock":null,"is_preorder":false,"is_preorderable":null,"is_promotional":null,"is_replenishable":false,"is_search_suppressed":null,"is_searchable":true,"is_shaded":null,"is_sized":null,"is_sold_out":null,"is_under_weight_hazmat":false,"is_vto_enabled":null,"life_of_product":"Basic Reorder","material_code":"Z4KH010001","media":{"large":[{"alt":"フェース ウォッシュ","height":1200,"position":0,"src":"/media/export/cms/products/1200x1500/cl_sku_Z4KH01_1200x1500_0.png","type":"image","width":1500}],"medium":[{"alt":"フェース ウォッシュ","height":600,"position":1,"src":"/media/export/cms/products/600x750/cl_sku_Z4KH01_600x750_0.png","type":"image","width":750}],"model":null,"poster":null,"small":[{"alt":"フェース ウォッシュ","height":1200,"position":2,"src":"/media/export/cms/products/1200x1500/cl_sku_Z4KH01_1200x1500_0.png","type":"image","width":1500}],"smoosh":null,"xl":null},"out_of_stock_threshold":null,"perlgem":{"SKU_BASE_ID":53502},"preorder_date":null,"prices":[{"currency":"JPY","exclude_tax":{"original_price":3500,"original_price_formatted":"¥3,500","price":3500,"price_formatted":"¥3,500","price_per_unit":null,"price_per_unit_formatted":""},"include_tax":{"original_price":3850,"original_price_formatted":"¥3,850","price":3850,"price_formatted":"¥3,850","price_per_unit":null,"price_per_unit_formatted":""},"is_discounted":false}],"purchase_limit":null,"replenishment":{"message":"Recommended Auto-Ship cycle: 8 weeks  Learn more >"},"reviews":{"average_rating":null,"number_of_questions":null,"number_of_reviews":null},"set_components":null,"shade_groups":null,"shades":null,"sizes":[{"key":1,"value":"200mL"}],"skin":{"tone":null,"type":null,"type_description":null},"sku_badge":null,"sku_badge_image":null,"sku_display_order":0,"sku_id":"Z4KH01","sku_promo_messaging":null,"sku_type":"SE","sku_url":null,"tags":{"total":13,"items":[{"id":"1624","key":"洗顔シェービング","value":"洗顔・シェービング"},{"id":"27174","key":"day7flashsale","value":"Day7FlashSale"},{"id":"27168","key":"day1flashsale","value":"Day1FlashSale"},{"id":"12824","key":"grooming","value":"Grooming"},{"id":"1612","key":"除く","value":"除く"},{"id":"12950","key":"mens-bestsellers","value":"Men's Bestsellers"},{"id":"1626","key":"moisturize-protect","value":"Moisturize & Protect"},{"id":"17696","key":"gifts-for-him","value":"Gifts for him"},{"id":"1625","key":"スキンケア","value":"スキンケア"},{"id":"14599","key":"メンズ乾燥普通肌","value":"メンズ：乾燥～普通肌"},{"id":"27172","key":"day5flashsale","value":"Day5FlashSale"},{"id":"1613","key":"メンズ３ステップ","value":"メンズ３ステップ"},{"id":"1619","key":"セットギフト","value":"セット＆ギフト"}]},"texture":null,"undertone":null,"unit_of_measure":null,"unit_size":null,"unit_size_formatted":null,"upc":"020714672072","vto":{"is_color_experience":null,"is_foundation_experience":null}}]},"sub_display_name":"フェース ウォッシュ","sub_header":null,"tags":{"total":13,"items":[{"id":"1624","key":"洗顔シェービング","parent_tag_id":"1623","product_display_order":1,"value":"洗顔・シェービング"},{"id":"27174","key":"day7flashsale","parent_tag_id":"1590","product_display_order":0,"value":"Day7FlashSale"},{"id":"27168","key":"day1flashsale","parent_tag_id":"1590","product_display_order":0,"value":"Day1FlashSale"},{"id":"12824","key":"grooming","parent_tag_id":"1625","product_display_order":0,"value":"Grooming"},{"id":"1612","key":"除く","parent_tag_id":"1610","product_display_order":0,"value":"除く"},{"id":"12950","key":"mens-bestsellers","parent_tag_id":"1609","product_display_order":0,"value":"Men's Bestsellers"},{"id":"1626","key":"moisturize-protect","parent_tag_id":"1625","product_display_order":0,"value":"Moisturize & Protect"},{"id":"17696","key":"gifts-for-him","parent_tag_id":"1000020","product_display_order":8,"value":"Gifts for him"},{"id":"1625","key":"スキンケア","parent_tag_id":"1609","product_display_order":14,"value":"スキンケア"},{"id":"14599","key":"メンズ乾燥普通肌","parent_tag_id":"1570","product_display_order":0,"value":"メンズ：乾燥～普通肌"},{"id":"27172","key":"day5flashsale","parent_tag_id":"1590","product_display_order":164,"value":"Day5FlashSale"},{"id":"1613","key":"メンズ３ステップ","parent_tag_id":"1610","product_display_order":2,"value":"メンズ３ステップ"},{"id":"1619","key":"セットギフト","parent_tag_id":"1618","product_display_order":4,"value":"セット＆ギフト"}]},"usage":[{"content":"１日２回、手のひらでソープをよく泡立て、顔全体に軽くなじませます。その後、ぬるま湯でよくすすぎます。タオルで軽く押さえるように拭いてください。","label":"PRODUCT USAGE","type":"product_usage"},{"content":null,"label":"HOW DOES IT WORK","type":"how_does_it_work"},{"content":"スキンタイプ1用(乾燥肌)<br>スキンタイプ2用(乾燥～混合肌)","label":"WHO IT IS FOR","type":"who_it_is_for"},{"content":null,"label":"GREAT TO KNOW","type":"great_to_know"},{"content":null,"label":"WHAT_IT_DOES","type":"what_it_does"},{"content":null,"label":"WHAT_IT_IS","type":"what_it_is"}],"objectID":"29404"},{"benefit":{"statement":null,"benefits":null},"brand":null,"collection":null,"coverage":null,"cross_sell":[{"sku_id":"6TCR01","sort_key":1},{"sku_id":"7KXN01","sort_key":2},{"sku_id":"7ELF01","sort_key":3},{"sku_id":"Z3W901","sort_key":4},{"sku_id":null,"sort_key":5},{"sku_id":"Z21901","sort_key":6}],"default_category":{"id":"1625","key":"スキンケア"},"description":"乾燥によるくすみに潤いを与え、若々しい印象の肌へ","display_mode":null,"display_name":"AG モイスチャライザー","display_status":7,"finish":null,"form":null,"formula_type":null,"fragrance_family":null,"indexable_keywords":null,"is_hazmat":false,"is_product_coming_soon":null,"is_product_displayable":true,"is_product_searchable":true,"is_product_shoppable":true,"is_product_sold_out":null,"is_product_temporarily_out_of_stock":null,"is_search_suppressed":null,"key_ingredient":null,"media":{"large":null,"medium":null,"poster":null,"small":null,"videos":[{"position":null,"poster":{"height":null,"src":null,"width":null},"provider":"YouTube","src":null},{"position":null,"poster":{"height":null,"src":null,"width":null},"provider":"YouTube","src":null},{"position":null,"poster":{"height":null,"src":null,"width":null},"provider":"YouTube","src":null}],"xl":null},"meta":{"description":null,"keywords":"ssfm, skin supplies for men"},"parent_category":[{"id":"1625","value":"スキンケア"},{"id":"1609","value":"メンズ"}],"product_badge":null,"product_id":"29405","product_title_tag":null,"product_type":"Other","product_url":"/product/1625/29405/ag/clinique-for-men-anti-age-moisturizer","reviews":{"average_rating":null,"number_of_questions":null,"number_of_reviews":null},"shade_groups":null,"short_description":"乾燥によるくすみに潤いを与え、若々しい印象の肌へ。 ","skin":null,"skin_goal":null,"skus":{"total":1,"items":[{"color_family":null,"coverage_options":null,"cross_sell":null,"display_status":7,"finish":null,"finish_options":null,"fragrances":[{"family":null,"key":null,"value":null}],"iln_listing":"水・スクワラン・グリセリン・シア脂・ネオペンタン酸イソステアリル・ステアリン酸ＰＥＧ－１００・ＢＧ・セタノール・ジメチコン・ポリエチレン・ワセリン・ステアリン酸グリセリル・スクロース・ポリアクリル酸Ｎａ・ホエイタンパク（牛乳）・ポリテトラフルオロエチレン・アセチルグルコサミン・ジカプリン酸ＰＧ・カプリリルグリコール・ヒマワリ油粕・ツクシメナモミエキス・酢酸トコフェロール・カフェイン・ポリメタクリル酸グリセリル・キサンタンガム・ジメチコンクロスポリマー－３・ＥＤＴＡ－２Ｎａ・ヘキシレングリコール・ヒアルロン酸Ｎａ・ＰＥＧ－８・オオムギエキス・キュウリ果実エキス・アセチルヘキサペプチド－８・パルミトイルオリゴペプチド・フェノキシエタノール・ソルビン酸Ｋ<JILN6134>","iln_version_number":"JILN6134","inventory_status":"Active","is_active":true,"is_coming_soon":null,"is_default_sku":false,"is_discountable":true,"is_displayable":null,"is_engravable":null,"is_fragrance":null,"is_giftable":null,"is_giftwrap":false,"is_inactive":null,"is_multi_shaded":null,"is_out_of_stock":null,"is_preorder":false,"is_preorderable":null,"is_promotional":null,"is_replenishable":false,"is_search_suppressed":null,"is_searchable":true,"is_shaded":null,"is_sized":null,"is_sold_out":null,"is_under_weight_hazmat":false,"is_vto_enabled":null,"life_of_product":"Basic Reorder","material_code":"V12F010000","media":{"large":[{"alt":"AG モイスチャライザー","height":1200,"position":0,"src":"/media/export/cms/products/1200x1500/cl_sku_V12F01_1200x1500_0.png","type":"image","width":1500}],"medium":[{"alt":"AG モイスチャライザー","height":600,"position":1,"src":"/media/export/cms/products/600x750/cl_sku_V12F01_600x750_0.png","type":"image","width":750}],"model":null,"poster":null,"small":[{"alt":"AG モイスチャライザー","height":1200,"position":2,"src":"/media/export/cms/products/1200x1500/cl_sku_V12F01_1200x1500_0.png","type":"image","width":1500}],"smoosh":null,"xl":null},"out_of_stock_threshold":null,"perlgem":{"SKU_BASE_ID":124389},"preorder_date":null,"prices":[{"currency":"JPY","exclude_tax":{"original_price":6000,"original_price_formatted":"¥6,000","price":6000,"price_formatted":"¥6,000","price_per_unit":null,"price_per_unit_formatted":""},"include_tax":{"original_price":6600,"original_price_formatted":"¥6,600","price":6600,"price_formatted":"¥6,600","price_per_unit":null,"price_per_unit_formatted":""},"is_discounted":false}],"purchase_limit":null,"replenishment":{"message":"Recommended Auto-Ship cycle: 6 weeks  Learn more >"},"reviews":{"average_rating":null,"number_of_questions":null,"number_of_reviews":null},"set_components":null,"shade_groups":null,"shades":null,"sizes":[{"key":1,"value":"100ML/3.4FLOZ"}],"skin":{"tone":null,"type":null,"type_description":null},"sku_badge":null,"sku_badge_image":null,"sku_display_order":0,"sku_id":"V12F01","sku_promo_messaging":null,"sku_type":"SE","sku_url":null,"tags":{"total":3,"items":[{"id":"1609","key":"メンズ","value":"メンズ"},{"id":"1625","key":"スキンケア","value":"スキンケア"},{"id":"14605","key":"エイジング","value":"エイジング"}]},"texture":null,"undertone":null,"unit_of_measure":null,"unit_size":null,"unit_size_formatted":null,"upc":"192333099773","vto":{"is_color_experience":null,"is_foundation_experience":null}}]},"sub_display_name":"AG モイスチャライザー","sub_header":null,"tags":{"total":3,"items":[{"id":"1609","key":"メンズ","parent_tag_id":null,"product_display_order":15,"value":"メンズ"},{"id":"1625","key":"スキンケア","parent_tag_id":"1609","product_display_order":25,"value":"スキンケア"},{"id":"14605","key":"エイジング","parent_tag_id":"1609","product_display_order":3,"value":"エイジング"}]},"usage":[{"content":"<ul><li>朝晩のスキンケア時にお使いください。</li><li> 目のまわりは避け、洗顔後の顔や首もとにお使いください。</li></ul>","label":"PRODUCT USAGE","type":"product_usage"},{"content":null,"label":"HOW DOES IT WORK","type":"how_does_it_work"},{"content":null,"label":"WHO IT IS FOR","type":"who_it_is_for"},{"content":null,"label":"GREAT TO KNOW","type":"great_to_know"},{"content":"保湿効果が続き、乾燥によるくすみに潤いを与え、若々しく生き生きとした印象の肌へ。肌に素早くなじみます。","label":"WHAT_IT_DOES","type":"what_it_does"},{"content":null,"label":"WHAT_IT_IS","type":"what_it_is"}],"objectID":"29405"},{"benefit":{"statement":null,"benefits":null},"brand":null,"collection":null,"coverage":null,"cross_sell":[{"sku_id":"6TCR01","sort_key":1},{"sku_id":"7KXN01","sort_key":2},{"sku_id":"67FF01","sort_key":3},{"sku_id":"Z4KJ01","sort_key":4},{"sku_id":"65EN01","sort_key":5},{"sku_id":"Z21901","sort_key":6}],"default_category":{"id":"1619","key":"セットギフト"},"description":"軽いつけ心地のオイルフリーフォーミュラ。潤いを与え、肌表面の潤いバリアをサポートします。","display_mode":null,"display_name":"オイル コントロール モイスチャライザー","display_status":7,"finish":null,"form":null,"formula_type":null,"fragrance_family":null,"indexable_keywords":null,"is_hazmat":false,"is_product_coming_soon":null,"is_product_displayable":true,"is_product_searchable":true,"is_product_shoppable":true,"is_product_sold_out":null,"is_product_temporarily_out_of_stock":null,"is_search_suppressed":null,"key_ingredient":null,"media":{"large":null,"medium":null,"poster":null,"small":null,"videos":[{"position":null,"poster":{"height":null,"src":null,"width":null},"provider":"YouTube","src":null},{"position":null,"poster":{"height":null,"src":null,"width":null},"provider":"YouTube","src":null},{"position":null,"poster":{"height":null,"src":null,"width":null},"provider":"YouTube","src":null}],"xl":null},"meta":{"description":null,"keywords":"ssfm, skin supplies for men"},"parent_category":[{"id":"1619","value":"セット＆ギフト"},{"id":"1618","value":"メンズセット＆ギフト"},{"id":"1609","value":"メンズ"}],"product_badge":null,"product_id":"29406","product_title_tag":null,"product_type":"Other","product_url":"/product/1619/29406/clinique-for-men-oil-control-mattifying-moisturizer","reviews":{"average_rating":null,"number_of_questions":null,"number_of_reviews":null},"shade_groups":null,"short_description":"オイルフリーフォーミュラ。保湿成分が、肌表面の潤いバリアをサポートします。","skin":null,"skin_goal":null,"skus":{"total":1,"items":[{"color_family":null,"coverage_options":null,"cross_sell":null,"display_status":7,"finish":null,"finish_options":null,"fragrances":[{"family":null,"key":null,"value":null}],"iln_listing":"水・イソドデカン・ＢＧ・ポリプロピレン・ジメチコン・ビスＰＥＧ－１８メチルエーテルジメチルシラン・グリセリン・（アクリロイルジメチルタウリンアンモニウム／ＶＰ）コポリマー・シリカ・オレス－１０・トレハロース・カプリリルグリコール・ポリシリコーン－１１・酢酸トコフェロール・トロメタミン・カフェイン・（アクリレーツ／アクリル酸アルキル（Ｃ１０－３０））クロスポリマー・ジカプリン酸ＰＧ・ヒマワリ油粕・ヒアルロン酸Ｎａ・ＥＤＴＡ－２Ｎａ・ヘキシレングリコール・ラウレス－２３・ラウレス－４・乳酸桿菌発酵液・カミツレ油・オオムギエキス・イタドリ根エキス・キュウリ果実エキス・カラフトコンブエキス・黄４・サッカロミセス溶解質エキス・黄５・赤５０４・フェノキシエタノール・ソルビン酸Ｋ<JILN6135>","iln_version_number":"JILN6135","inventory_status":"Active","is_active":true,"is_coming_soon":null,"is_default_sku":false,"is_discountable":true,"is_displayable":null,"is_engravable":null,"is_fragrance":null,"is_giftable":null,"is_giftwrap":false,"is_inactive":null,"is_multi_shaded":null,"is_out_of_stock":null,"is_preorder":false,"is_preorderable":null,"is_promotional":null,"is_replenishable":false,"is_search_suppressed":null,"is_searchable":true,"is_shaded":null,"is_sized":null,"is_sold_out":null,"is_under_weight_hazmat":false,"is_vto_enabled":null,"life_of_product":"Basic Reorder","material_code":"Z218010001","media":{"large":[{"alt":"オイル コントロール モイスチャライザー","height":1200,"position":0,"src":"/media/export/cms/products/1200x1500/cl_sku_Z21801_1200x1500_0.png","type":"image","width":1500}],"medium":[{"alt":"オイル コントロール モイスチャライザー","height":600,"position":1,"src":"/media/export/cms/products/600x750/cl_sku_Z21801_600x750_0.png","type":"image","width":750}],"model":null,"poster":null,"small":[{"alt":"オイル コントロール モイスチャライザー","height":1200,"position":2,"src":"/media/export/cms/products/1200x1500/cl_sku_Z21801_1200x1500_0.png","type":"image","width":1500}],"smoosh":null,"xl":null},"out_of_stock_threshold":null,"perlgem":{"SKU_BASE_ID":53504},"preorder_date":null,"prices":[{"currency":"JPY","exclude_tax":{"original_price":5000,"original_price_formatted":"¥5,000","price":5000,"price_formatted":"¥5,000","price_per_unit":null,"price_per_unit_formatted":""},"include_tax":{"original_price":5500,"original_price_formatted":"¥5,500","price":5500,"price_formatted":"¥5,500","price_per_unit":null,"price_per_unit_formatted":""},"is_discounted":false}],"purchase_limit":null,"replenishment":{"message":"Recommended Auto-Ship cycle: 6 weeks  Learn more >"},"reviews":{"average_rating":null,"number_of_questions":null,"number_of_reviews":null},"set_components":null,"shade_groups":null,"shades":null,"sizes":[{"key":1,"value":"100mL"}],"skin":{"tone":null,"type":null,"type_description":null},"sku_badge":null,"sku_badge_image":null,"sku_display_order":1,"sku_id":"Z21801","sku_promo_messaging":null,"sku_type":"SE","sku_url":null,"tags":{"total":8,"items":[{"id":"1625","key":"スキンケア","value":"スキンケア"},{"id":"14600","key":"メンズ脂性肌","value":"メンズ：脂性肌"},{"id":"1575","key":"ベストセラー","value":"ベストセラー"},{"id":"14602","key":"オイルコントロール","value":"オイルコントロール"},{"id":"1619","key":"セットギフト","value":"セット＆ギフト"},{"id":"1613","key":"メンズ３ステップ","value":"メンズ３ステップ"},{"id":"1614","key":"moisturize","value":"Moisturize"},{"id":"1687","key":"乾燥","value":"乾燥"}]},"texture":null,"undertone":null,"unit_of_measure":null,"unit_size":null,"unit_size_formatted":null,"upc":"020714649555","vto":{"is_color_experience":null,"is_foundation_experience":null}}]},"sub_display_name":"オイル コントロール モイスチャライザー","sub_header":null,"tags":{"total":8,"items":[{"id":"1625","key":"スキンケア","parent_tag_id":"1609","product_display_order":24,"value":"スキンケア"},{"id":"14600","key":"メンズ脂性肌","parent_tag_id":"1570","product_display_order":0,"value":"メンズ：脂性肌"},{"id":"1575","key":"ベストセラー","parent_tag_id":null,"product_display_order":79,"value":"ベストセラー"},{"id":"14602","key":"オイルコントロール","parent_tag_id":"1609","product_display_order":0,"value":"オイルコントロール"},{"id":"1619","key":"セットギフト","parent_tag_id":"1618","product_display_order":9,"value":"セット＆ギフト"},{"id":"1613","key":"メンズ３ステップ","parent_tag_id":"1610","product_display_order":11,"value":"メンズ３ステップ"},{"id":"1614","key":"moisturize","parent_tag_id":"1610","product_display_order":0,"value":"Moisturize"},{"id":"1687","key":"乾燥","parent_tag_id":"1667","product_display_order":104,"value":"乾燥"}]},"usage":[{"content":"<ul><li>朝晩のスキンケア時にお使いください。</li><li> 適量を、顔全体と首、必要な箇所になじませます。</li></ul>","label":"PRODUCT USAGE","type":"product_usage"},{"content":null,"label":"HOW DOES IT WORK","type":"how_does_it_work"},{"content":null,"label":"WHO IT IS FOR","type":"who_it_is_for"},{"content":null,"label":"GREAT TO KNOW","type":"great_to_know"},{"content":null,"label":"WHAT_IT_DOES","type":"what_it_does"},{"content":null,"label":"WHAT_IT_IS","type":"what_it_is"}],"objectID":"29406"},{"benefit":{"statement":null,"benefits":null},"brand":null,"collection":null,"coverage":null,"cross_sell":[{"sku_id":"Z21801","sort_key":1},{"sku_id":"67F901","sort_key":2},{"sku_id":null,"sort_key":3},{"sku_id":"65EN01","sort_key":4},{"sku_id":"Z21801","sort_key":5},{"sku_id":null,"sort_key":6}],"default_category":{"id":"1619","key":"セットギフト"},"description":"ノーマルからオイリー肌の方向けの洗顔ソープ。余分な皮脂を取り除きます。つっぱり感や乾燥を防ぎ、フレッシュで爽快な肌へと導きます。快適にシェービングできるよう肌を整えます。<br>6.7 oz.","display_mode":null,"display_name":"オイル コントロール フェース ウォッシュ","display_status":7,"finish":null,"form":null,"formula_type":null,"fragrance_family":null,"indexable_keywords":[{"value":"ssfm"},{"value":" skin supplies for men"},{"value":"クリニーク　フォー メン"}],"is_hazmat":false,"is_product_coming_soon":null,"is_product_displayable":true,"is_product_searchable":true,"is_product_shoppable":true,"is_product_sold_out":null,"is_product_temporarily_out_of_stock":null,"is_search_suppressed":null,"key_ingredient":null,"media":{"large":null,"medium":null,"poster":null,"small":null,"videos":[{"position":null,"poster":{"height":null,"src":null,"width":null},"provider":"YouTube","src":null},{"position":null,"poster":{"height":null,"src":null,"width":null},"provider":"YouTube","src":null},{"position":null,"poster":{"height":null,"src":null,"width":null},"provider":"YouTube","src":null}],"xl":null},"meta":{"description":null,"keywords":"ssfm, skin supplies for men"},"parent_category":[{"id":"1619","value":"セット＆ギフト"},{"id":"1618","value":"メンズセット＆ギフト"},{"id":"1609","value":"メンズ"}],"product_badge":null,"product_id":"29430","product_title_tag":null,"product_type":"Other","product_url":"/product/1619/29430/-/clinique-for-men-oil-control-face-wash","reviews":{"average_rating":null,"number_of_questions":null,"number_of_reviews":null},"shade_groups":null,"short_description":"ノーマルからオイリー肌の方向けの洗顔ソープ。","skin":null,"skin_goal":null,"skus":{"total":1,"items":[{"color_family":null,"coverage_options":null,"cross_sell":null,"display_status":7,"finish":null,"finish_options":null,"fragrances":[{"family":null,"key":null,"value":null}],"iln_listing":"水・ココイルサルコシンＮａ・コカミドプロピルヒドロキシスルタイン・ラウレス硫酸Ｎａ・ラウラミドプロピルベタイン・ココイルグルタミン酸ＴＥＡ・塩化Ｎａ・ＢＧ・アロエベラ液汁・ジオレイン酸ＰＥＧ－１２０メチルグルコース・スクロース・カプリリルグリコール・ラウレス－２・硫酸Ｎａ・メントール・ＥＤＴＡ－２Ｎａ・ヘキシレングリコール・ポリクオタニウムー７・黄５・黄４・黄２０３・フェノキシエタノール・メチルイソチアゾリノン<JILN005663>","iln_version_number":"JILN005663","inventory_status":"Active","is_active":true,"is_coming_soon":null,"is_default_sku":false,"is_discountable":true,"is_displayable":null,"is_engravable":null,"is_fragrance":null,"is_giftable":null,"is_giftwrap":false,"is_inactive":null,"is_multi_shaded":null,"is_out_of_stock":null,"is_preorder":false,"is_preorderable":null,"is_promotional":null,"is_replenishable":false,"is_search_suppressed":null,"is_searchable":true,"is_shaded":null,"is_sized":null,"is_sold_out":null,"is_under_weight_hazmat":false,"is_vto_enabled":null,"life_of_product":"Basic Reorder","material_code":"Z4KJ010000","media":{"large":[{"alt":"オイル コントロール フェース ウォッシュ","height":1200,"position":0,"src":"/media/export/cms/products/1200x1500/cl_sku_Z4KJ01_1200x1500_0.png","type":"image","width":1500}],"medium":[{"alt":"オイル コントロール フェース ウォッシュ","height":600,"position":1,"src":"/media/export/cms/products/600x750/cl_sku_Z4KJ01_600x750_0.png","type":"image","width":750}],"model":null,"poster":null,"small":[{"alt":"オイル コントロール フェース ウォッシュ","height":1200,"position":2,"src":"/media/export/cms/products/1200x1500/cl_sku_Z4KJ01_1200x1500_0.png","type":"image","width":1500}],"smoosh":null,"xl":null},"out_of_stock_threshold":null,"perlgem":{"SKU_BASE_ID":53529},"preorder_date":null,"prices":[{"currency":"JPY","exclude_tax":{"original_price":3500,"original_price_formatted":"¥3,500","price":3500,"price_formatted":"¥3,500","price_per_unit":1750,"price_per_unit_formatted":"¥1,750 / 100ml"},"include_tax":{"original_price":3850,"original_price_formatted":"¥3,850","price":3850,"price_formatted":"¥3,850","price_per_unit":1925,"price_per_unit_formatted":"¥1,925 / 100ml"},"is_discounted":false}],"purchase_limit":null,"replenishment":{"message":"Recommended Auto-Ship cycle: 8 weeks  Learn more >"},"reviews":{"average_rating":null,"number_of_questions":null,"number_of_reviews":null},"set_components":null,"shade_groups":null,"shades":null,"sizes":[{"key":1,"value":"200mL"}],"skin":{"tone":null,"type":null,"type_description":null},"sku_badge":null,"sku_badge_image":null,"sku_display_order":1,"sku_id":"Z4KJ01","sku_promo_messaging":null,"sku_type":"SE","sku_url":null,"tags":{"total":6,"items":[{"id":"1613","key":"メンズ３ステップ","value":"メンズ３ステップ"},{"id":"1624","key":"洗顔シェービング","value":"洗顔・シェービング"},{"id":"1619","key":"セットギフト","value":"セット＆ギフト"},{"id":"1625","key":"スキンケア","value":"スキンケア"},{"id":"1612","key":"除く","value":"除く"},{"id":"14602","key":"オイルコントロール","value":"オイルコントロール"}]},"texture":null,"undertone":null,"unit_of_measure":"ml","unit_size":100,"unit_size_formatted":"100ml","upc":"020714672096","vto":{"is_color_experience":null,"is_foundation_experience":null}}]},"sub_display_name":"オイル コントロール フェース ウォッシュ","sub_header":null,"tags":{"total":6,"items":[{"id":"1613","key":"メンズ３ステップ","parent_tag_id":"1610","product_display_order":3,"value":"メンズ３ステップ"},{"id":"1624","key":"洗顔シェービング","parent_tag_id":"1623","product_display_order":2,"value":"洗顔・シェービング"},{"id":"1619","key":"セットギフト","parent_tag_id":"1618","product_display_order":6,"value":"セット＆ギフト"},{"id":"1625","key":"スキンケア","parent_tag_id":"1609","product_display_order":15,"value":"スキンケア"},{"id":"1612","key":"除く","parent_tag_id":"1610","product_display_order":0,"value":"除く"},{"id":"14602","key":"オイルコントロール","parent_tag_id":"1609","product_display_order":0,"value":"オイルコントロール"}]},"usage":[{"content":"<ul><li>朝晩のスキンケア時にお使いください。</li><li> ぬるま湯を使い、手のひらでソープをよく泡立てます。</li><li> 濡れた肌全体をマッサージして汚れや皮脂を落とし、肌を柔らかくします。</li><li> よくすすぎ、タオルで拭いてください。朝のお手入れ時は、いつも通りにヒゲを剃ります。</li><li> クリニークのメンズ用エクスフォリエーティング トニックやモイスチャライザーと一緒にお使いいただくことをおすすめします。</li></ul>","label":"PRODUCT USAGE","type":"product_usage"},{"content":null,"label":"HOW DOES IT WORK","type":"how_does_it_work"},{"content":null,"label":"WHO IT IS FOR","type":"who_it_is_for"},{"content":null,"label":"GREAT TO KNOW","type":"great_to_know"},{"content":null,"label":"WHAT_IT_DOES","type":"what_it_does"},{"content":null,"label":"WHAT_IT_IS","type":"what_it_is"}],"objectID":"29430"},{"benefit":{"statement":null,"benefits":null},"brand":null,"collection":null,"coverage":null,"cross_sell":[{"sku_id":"Z4KH01","sort_key":1},{"sku_id":"65EM01","sort_key":2},{"sku_id":"7WL801","sort_key":3},{"sku_id":"6FMA01","sort_key":4},{"sku_id":"65EM01","sort_key":5},{"sku_id":"67T101","sort_key":6}],"default_category":{"id":"1619","key":"セットギフト"},"description":"<P>カサつく肌に潤いを与える乳液。乾燥や肌荒れを防ぎ、なめらかで快適な肌を保ちます。</P><P>※「エム ローション」をご使用頂いていた方には本製品のご使用をお薦めいたします。</P>","display_mode":null,"display_name":"モイスチャライジング ローション","display_status":7,"finish":null,"form":null,"formula_type":null,"fragrance_family":null,"indexable_keywords":[{"value":"ssfm"},{"value":" skin supplies for men"},{"value":"クリニーク　フォー メン"}],"is_hazmat":false,"is_product_coming_soon":null,"is_product_displayable":true,"is_product_searchable":true,"is_product_shoppable":true,"is_product_sold_out":null,"is_product_temporarily_out_of_stock":null,"is_search_suppressed":null,"key_ingredient":null,"media":{"large":null,"medium":null,"poster":null,"small":null,"videos":[{"position":null,"poster":{"height":null,"src":null,"width":null},"provider":"YouTube","src":null},{"position":null,"poster":{"height":null,"src":null,"width":null},"provider":"YouTube","src":null},{"position":null,"poster":{"height":null,"src":null,"width":null},"provider":"YouTube","src":null}],"xl":null},"meta":{"description":null,"keywords":"ssfm, skin supplies for men"},"parent_category":[{"id":"1619","value":"セット＆ギフト"},{"id":"1618","value":"メンズセット＆ギフト"},{"id":"1609","value":"メンズ"}],"product_badge":null,"product_id":"29576","product_title_tag":null,"product_type":"Other","product_url":"/product/1619/29576/clinique-for-men-moisturizing-lotion","reviews":{"average_rating":null,"number_of_questions":null,"number_of_reviews":null},"shade_groups":null,"short_description":"カサつく肌に潤いを与える乳液。乾燥や肌荒れを防ぎ、なめらかで快適な肌を保ちます。","skin":null,"skin_goal":null,"skus":{"total":1,"items":[{"color_family":null,"coverage_options":null,"cross_sell":null,"display_status":7,"finish":null,"finish_options":null,"fragrances":[{"family":null,"key":null,"value":null}],"iln_listing":"水・ミネラルオイル・グリセリン・ワセリン・ステアリン酸・ステアリン酸グリセリル・ゴマ油・尿素・ＴＥＡ・コレステロール・ペンチレングリコール・ジカプリン酸ＰＧ・ヒマワリ油粕・ＥＤＴＡ－３Ｎａ・ＢＧ・ヒアルロン酸Ｎａ・オオムギエキス・キュウリ果実エキス・黄４・黄５・赤２２７・フェノキシエタノール<JILN6133>","iln_version_number":"JILN6133","inventory_status":"Active","is_active":true,"is_coming_soon":null,"is_default_sku":false,"is_discountable":true,"is_displayable":null,"is_engravable":null,"is_fragrance":null,"is_giftable":null,"is_giftwrap":false,"is_inactive":null,"is_multi_shaded":null,"is_out_of_stock":null,"is_preorder":false,"is_preorderable":null,"is_promotional":null,"is_replenishable":false,"is_search_suppressed":null,"is_searchable":true,"is_shaded":null,"is_sized":null,"is_sold_out":null,"is_under_weight_hazmat":false,"is_vto_enabled":null,"life_of_product":"Basic Reorder","material_code":"Z219010000","media":{"large":[{"alt":"モイスチャライジング ローション","height":1200,"position":0,"src":"/media/export/cms/products/1200x1500/cl_sku_Z21901_1200x1500_0.png","type":"image","width":1500}],"medium":[{"alt":"モイスチャライジング ローション","height":600,"position":1,"src":"/media/export/cms/products/600x750/cl_sku_Z21901_600x750_0.png","type":"image","width":750}],"model":null,"poster":null,"small":[{"alt":"モイスチャライジング ローション","height":1200,"position":2,"src":"/media/export/cms/products/1200x1500/cl_sku_Z21901_1200x1500_0.png","type":"image","width":1500}],"smoosh":null,"xl":null},"out_of_stock_threshold":null,"perlgem":{"SKU_BASE_ID":53697},"preorder_date":null,"prices":[{"currency":"JPY","exclude_tax":{"original_price":5000,"original_price_formatted":"¥5,000","price":5000,"price_formatted":"¥5,000","price_per_unit":5000,"price_per_unit_formatted":"¥5,000 / 100ml"},"include_tax":{"original_price":5500,"original_price_formatted":"¥5,500","price":5500,"price_formatted":"¥5,500","price_per_unit":5500,"price_per_unit_formatted":"¥5,500 / 100ml"},"is_discounted":false}],"purchase_limit":null,"replenishment":{"message":"Recommended Auto-Ship cycle: 6 weeks  Learn more >"},"reviews":{"average_rating":null,"number_of_questions":null,"number_of_reviews":null},"set_components":null,"shade_groups":null,"shades":null,"sizes":[{"key":1,"value":"100mL"}],"skin":{"tone":null,"type":null,"type_description":null},"sku_badge":null,"sku_badge_image":null,"sku_display_order":1,"sku_id":"Z21901","sku_promo_messaging":null,"sku_type":"SE","sku_url":null,"tags":{"total":7,"items":[{"id":"1613","key":"メンズ３ステップ","value":"メンズ３ステップ"},{"id":"1687","key":"乾燥","value":"乾燥"},{"id":"14599","key":"メンズ乾燥普通肌","value":"メンズ：乾燥～普通肌"},{"id":"1619","key":"セットギフト","value":"セット＆ギフト"},{"id":"12950","key":"mens-bestsellers","value":"Men's Bestsellers"},{"id":"17696","key":"gifts-for-him","value":"Gifts for him"},{"id":"1625","key":"スキンケア","value":"スキンケア"}]},"texture":null,"undertone":null,"unit_of_measure":"ml","unit_size":100,"unit_size_formatted":"100ml","upc":"020714649562","vto":{"is_color_experience":null,"is_foundation_experience":null}}]},"sub_display_name":"モイスチャライジング ローション","sub_header":null,"tags":{"total":7,"items":[{"id":"1613","key":"メンズ３ステップ","parent_tag_id":"1610","product_display_order":7,"value":"メンズ３ステップ"},{"id":"1687","key":"乾燥","parent_tag_id":"1667","product_display_order":93,"value":"乾燥"},{"id":"14599","key":"メンズ乾燥普通肌","parent_tag_id":"1570","product_display_order":0,"value":"メンズ：乾燥～普通肌"},{"id":"1619","key":"セットギフト","parent_tag_id":"1618","product_display_order":10,"value":"セット＆ギフト"},{"id":"12950","key":"mens-bestsellers","parent_tag_id":"1609","product_display_order":0,"value":"Men's Bestsellers"},{"id":"17696","key":"gifts-for-him","parent_tag_id":"1000020","product_display_order":7,"value":"Gifts for him"},{"id":"1625","key":"スキンケア","parent_tag_id":"1609","product_display_order":22,"value":"スキンケア"}]},"usage":[{"content":"朝と夜、適量を、顔全体と首になじませます。","label":"PRODUCT USAGE","type":"product_usage"},{"content":null,"label":"HOW DOES IT WORK","type":"how_does_it_work"},{"content":"スキンタイプ １、２　(乾燥～混合肌用)","label":"WHO IT IS FOR","type":"who_it_is_for"},{"content":null,"label":"GREAT TO KNOW","type":"great_to_know"},{"content":null,"label":"WHAT_IT_DOES","type":"what_it_does"},{"content":null,"label":"WHAT_IT_IS","type":"what_it_is"}],"objectID":"29576"},{"benefit":{"statement":null,"benefits":null},"brand":null,"collection":null,"coverage":null,"cross_sell":[{"sku_id":null,"sort_key":1},{"sku_id":"Z21801","sort_key":2},{"sku_id":"6TCR01","sort_key":3},{"sku_id":null,"sort_key":4},{"sku_id":"67F901","sort_key":5},{"sku_id":"Z21901","sort_key":6}],"default_category":{"id":"1625","key":"スキンケア"},"description":"<P>スムーズな深剃りをサポートする、オイルフリー感触のシェービング ジェル。アロエ成分が肌に潤いを与え、カミソリ負けから肌を守ります。</P><P>※ご使用にあたり、下記にご注意ください。</P><ul><li>湿度が40度以上となるところを避けて保管ください。</li><li>火の中に入れないでください。</li><li>使い切って捨ててください。（窒素使用）</li></ul>","display_mode":null,"display_name":"アロー シェーブ ジェル","display_status":7,"finish":null,"form":null,"formula_type":null,"fragrance_family":null,"indexable_keywords":[{"value":"Clinique for men"},{"value":"skin supplies for men"},{"value":"アロー"},{"value":"シェーブ"},{"value":"ジェル"}],"is_hazmat":true,"is_product_coming_soon":null,"is_product_displayable":true,"is_product_searchable":true,"is_product_shoppable":true,"is_product_sold_out":null,"is_product_temporarily_out_of_stock":null,"is_search_suppressed":null,"key_ingredient":null,"media":{"large":null,"medium":null,"poster":null,"small":null,"videos":[{"position":null,"poster":{"height":null,"src":null,"width":null},"provider":"YouTube","src":null},{"position":null,"poster":{"height":null,"src":null,"width":null},"provider":"YouTube","src":null},{"position":null,"poster":{"height":null,"src":null,"width":null},"provider":"YouTube","src":null}],"xl":null},"meta":{"description":null,"keywords":"ssfm, skin supplies for men"},"parent_category":[{"id":"1625","value":"スキンケア"},{"id":"1609","value":"メンズ"}],"product_badge":null,"product_id":"29582","product_title_tag":null,"product_type":"Other","product_url":"/product/1625/29582/clinique-for-men-aloe-shave-gel","reviews":{"average_rating":null,"number_of_questions":null,"number_of_reviews":null},"shade_groups":null,"short_description":"スムーズな深剃りをサポートする、オイルフリー感触のシェービング ジェル。","skin":null,"skin_goal":null,"skus":{"total":1,"items":[{"color_family":null,"coverage_options":null,"cross_sell":null,"display_status":7,"finish":null,"finish_options":null,"fragrances":[{"family":null,"key":null,"value":null}],"iln_listing":"水・パルミチン酸・ＴＥＡ・アロエベラ液汁・ステアリン酸・ミリスチン酸・イソステアリン酸ＰＧ・ソルビトール・ラウリン酸ＰＥＧ－２０・ヒドロキシエチルセルロース・ＥＤＴＡ－２Ｎａ・ヒドロキシプロピルセルロース・ポリクオタニウムー７・ローマカミツレ花油・ＢＧ・ヒアルロン酸Ｎａ・青１・赤２２７・フェノキシエタノール<JILN005511>","iln_version_number":"JILN005511","inventory_status":"Active","is_active":true,"is_coming_soon":null,"is_default_sku":false,"is_discountable":true,"is_displayable":null,"is_engravable":null,"is_fragrance":null,"is_giftable":null,"is_giftwrap":false,"is_inactive":null,"is_multi_shaded":null,"is_out_of_stock":null,"is_preorder":false,"is_preorderable":null,"is_promotional":null,"is_replenishable":false,"is_search_suppressed":null,"is_searchable":true,"is_shaded":null,"is_sized":null,"is_sold_out":null,"is_under_weight_hazmat":null,"is_vto_enabled":null,"life_of_product":"Basic Reorder","material_code":"Z4RN010000","media":{"large":[{"alt":"アロー シェーブ ジェル","height":1200,"position":0,"src":"/media/export/cms/products/1200x1500/cl_sku_Z4RN01_1200x1500_0.png","type":"image","width":1500}],"medium":[{"alt":"アロー シェーブ ジェル","height":600,"position":1,"src":"/media/export/cms/products/600x750/cl_sku_Z4RN01_600x750_0.png","type":"image","width":750}],"model":null,"poster":null,"small":[{"alt":"アロー シェーブ ジェル","height":1200,"position":2,"src":"/media/export/cms/products/1200x1500/cl_sku_Z4RN01_1200x1500_0.png","type":"image","width":1500}],"smoosh":null,"xl":null},"out_of_stock_threshold":null,"perlgem":{"SKU_BASE_ID":53706},"preorder_date":null,"prices":[{"currency":"JPY","exclude_tax":{"original_price":3000,"original_price_formatted":"¥3,000","price":3000,"price_formatted":"¥3,000","price_per_unit":2400,"price_per_unit_formatted":"¥2,400 / 100ml"},"include_tax":{"original_price":3300,"original_price_formatted":"¥3,300","price":3300,"price_formatted":"¥3,300","price_per_unit":2640,"price_per_unit_formatted":"¥2,640 / 100ml"},"is_discounted":false}],"purchase_limit":null,"replenishment":{"message":"Recommended Auto-Ship cycle: 4 weeks  Learn more >"},"reviews":{"average_rating":null,"number_of_questions":null,"number_of_reviews":null},"set_components":null,"shade_groups":null,"shades":null,"sizes":[{"key":1,"value":"125mL"}],"skin":{"tone":null,"type":null,"type_description":null},"sku_badge":null,"sku_badge_image":null,"sku_display_order":0,"sku_id":"Z4RN01","sku_promo_messaging":null,"sku_type":"SE","sku_url":null,"tags":{"total":4,"items":[{"id":"1625","key":"スキンケア","value":"スキンケア"},{"id":"1624","key":"洗顔シェービング","value":"洗顔・シェービング"},{"id":"1619","key":"セットギフト","value":"セット＆ギフト"},{"id":"1623","key":"シェービング","value":"シェービング"}]},"texture":null,"undertone":null,"unit_of_measure":"ml","unit_size":100,"unit_size_formatted":"100ml","upc":"020714673529","vto":{"is_color_experience":null,"is_foundation_experience":null}}]},"sub_display_name":"アロー シェーブ ジェル","sub_header":null,"tags":{"total":4,"items":[{"id":"1625","key":"スキンケア","parent_tag_id":"1609","product_display_order":18,"value":"スキンケア"},{"id":"1624","key":"洗顔シェービング","parent_tag_id":"1623","product_display_order":7,"value":"洗顔・シェービング"},{"id":"1619","key":"セットギフト","parent_tag_id":"1618","product_display_order":24,"value":"セット＆ギフト"},{"id":"1623","key":"シェービング","parent_tag_id":"1609","product_display_order":2,"value":"シェービング"}]},"usage":[{"content":"洗顔後の濡れた肌に、適量（１プッシュ）を、ヒゲの流れに逆らうように伸ばします（この時、ジェルがムースに変わります）。 ヒゲ剃り後は水またはぬるま湯で洗い流します。","label":"PRODUCT USAGE","type":"product_usage"},{"content":null,"label":"HOW DOES IT WORK","type":"how_does_it_work"},{"content":null,"label":"WHO IT IS FOR","type":"who_it_is_for"},{"content":null,"label":"GREAT TO KNOW","type":"great_to_know"},{"content":"アロエ成分が肌に潤いを与え、カミソリ負けから肌を守ります。","label":"WHAT_IT_DOES","type":"what_it_does"},{"content":"スムーズな深剃りをサポートする、オイルフリー感触のシェービング ジェル。","label":"WHAT_IT_IS","type":"what_it_is"}],"objectID":"29582"},{"benefit":{"statement":null,"benefits":null},"brand":null,"collection":null,"coverage":null,"cross_sell":[{"sku_id":"6CY401","sort_key":1},{"sku_id":"KGN201","sort_key":2},{"sku_id":"KLL704","sort_key":3}],"default_category":{"id":"1593","key":"チーク"},"description":"ピュアな彩り咲き誇る、<br>ポップなチーク カラー。<br><br>ガーベラが型押しされた、クリニーク人気のパウダリー チーク。<br>独自製法のしっとりとしたテクスチャーが、<br>頬にとけこむようにピュアな彩りを添えます。<br>カラフルなガーベラが咲き誇るように、与えたい印象も自由自在に。","display_mode":null,"display_name":"チーク ポップ ","display_status":7,"finish":null,"form":null,"formula_type":null,"fragrance_family":null,"indexable_keywords":[{"value":"チーク"},{"value":" カラー"},{"value":" ポップ"},{"value":" デイジー"},{"value":"ガーベラ"},{"value":"ポップ"},{"value":"花"},{"value":"フィット"}],"is_hazmat":false,"is_product_coming_soon":null,"is_product_displayable":true,"is_product_searchable":true,"is_product_shoppable":true,"is_product_sold_out":null,"is_product_temporarily_out_of_stock":null,"is_search_suppressed":null,"key_ingredient":null,"media":{"large":[{"alt":"チーク ポップ ","height":1200,"position":0,"src":"/media/export/cms/products/1200x1500/cl_prod_29770_1200x1500_0.png","type":"image","width":1500},{"alt":"チーク ポップ ","height":1200,"position":1,"src":"/media/export/cms/products/1200x1500/cl_prod_29770_1200x1500_1.png","type":"image","width":1500}],"medium":null,"poster":null,"small":[{"alt":"チーク ポップ ","height":1200,"position":2,"src":"/media/export/cms/products/1200x1500/cl_prod_29770_1200x1500_0.png","type":"image","width":1500},{"alt":"チーク ポップ ","height":1200,"position":3,"src":"/media/export/cms/products/1200x1500/cl_prod_29770_1200x1500_1.png","type":"image","width":1500}],"videos":[{"position":null,"poster":{"height":null,"src":null,"width":null},"provider":"YouTube","src":null},{"position":null,"poster":{"height":null,"src":null,"width":null},"provider":"YouTube","src":null},{"position":null,"poster":{"height":null,"src":null,"width":null},"provider":"YouTube","src":null}],"xl":null},"meta":{"description":null,"keywords":"blush, color, powder, daisy, チーク,ポップ,ガーベラ,パウダー,鮮やか"},"parent_category":[{"id":"1593","value":"チーク"},{"id":"1592","value":"メーク"}],"product_badge":null,"product_id":"29770","product_title_tag":null,"product_type":"Shaded","product_url":"/product/1593/29770/cheek-pop","reviews":{"average_rating":null,"number_of_questions":null,"number_of_reviews":null},"shade_groups":null,"short_description":"ピュアな彩り咲き誇る、<br>ポップなチーク カラー。","skin":null,"skin_goal":null,"skus":{"total":11,"items":[{"color_family":null,"coverage_options":null,"cross_sell":null,"display_status":7,"finish":null,"finish_options":null,"fragrances":[{"family":null,"key":null,"value":null}],"iln_listing":"（ＨＤＩ／トリメチロールヘキシルラクトン）クロスポリマー・エチルヘキサン酸セテアリル・グリセリン・リン酸２Ｃａ・ポリテトラフルオロエチレン・ジメチコン・スクワラン・ステアリン酸亜鉛・ラウロイルリシン・エチルヘキシルグリセリン・カプリリルグリコール・ポリソルベート８０・１，２－ヘキサンジオール・カラギーナン・テトラ（ジ－ｔ－ブチルヒドロキシヒドロケイヒ酸）ペンタエリスリチル　＋／－　マイカ・酸化チタン・酸化鉄・硫酸Ｂａ・赤２０２・タルク・赤２２６・シリカ・マンガンバイオレット・赤２２８・グンジョウ・赤２０１・黄５・青１・橙２０１・オキシ塩化ビスマス・カルミン・黄４<JILN5723>","iln_version_number":"JILN5723","inventory_status":"Active","is_active":true,"is_coming_soon":null,"is_default_sku":false,"is_discountable":true,"is_displayable":null,"is_engravable":null,"is_fragrance":null,"is_giftable":null,"is_giftwrap":false,"is_inactive":null,"is_multi_shaded":null,"is_out_of_stock":null,"is_preorder":false,"is_preorderable":null,"is_promotional":null,"is_replenishable":false,"is_search_suppressed":null,"is_searchable":true,"is_shaded":null,"is_sized":null,"is_sold_out":null,"is_under_weight_hazmat":false,"is_vto_enabled":null,"life_of_product":"Basic Reorder","material_code":"7THL010000","media":{"large":[{"alt":"チーク ポップ ","height":1200,"position":1,"src":"/media/export/cms/products/1200x1500/cl_sku_7THL01_1200x1500_0.png","type":"image","width":1500}],"medium":[{"alt":"チーク ポップ ","height":600,"position":2,"src":"/media/export/cms/products/600x750/cl_sku_7THL01_600x750_0.png","type":"image","width":750}],"model":null,"poster":null,"small":[{"alt":"チーク ポップ ","height":1200,"position":3,"src":"/media/export/cms/products/1200x1500/cl_sku_7THL01_1200x1500_0.png","type":"image","width":1500}],"smoosh":[{"alt":"チーク ポップ ","height":1200,"position":0,"src":"/media/export/cms/products/1200x1500/swatches_v3/35_ns_ng.png","type":"image","width":1500}],"xl":null},"out_of_stock_threshold":null,"perlgem":{"SKU_BASE_ID":54124},"preorder_date":null,"prices":[{"currency":"JPY","exclude_tax":{"original_price":3300,"original_price_formatted":"¥3,300","price":3300,"price_formatted":"¥3,300","price_per_unit":null,"price_per_unit_formatted":""},"include_tax":{"original_price":3630,"original_price_formatted":"¥3,630","price":3630,"price_formatted":"¥3,630","price_per_unit":null,"price_per_unit_formatted":""},"is_discounted":false}],"purchase_limit":null,"replenishment":{"message":null},"reviews":{"average_rating":null,"number_of_questions":null,"number_of_reviews":null},"set_components":null,"shade_groups":null,"shades":[{"description":"ジンジャーシロップのような大人の甘さのあるジンジャー ブラウン","hex_val":"#ad5753","image":{"height":null,"src":"","width":null},"name":"01  ジンジャー ポップ","smoosh_design":{"group_id":null,"name":"35::none::none"}}],"sizes":[{"key":1,"value":"3.5g"}],"skin":{"tone":null,"type":[{"key":"dry-skintype","value":"dry_skintype"},{"key":"combination-skintype","value":"combination_skintype"},{"key":"oily-skintype","value":"oily_skintype"},{"key":"normal-skintype","value":"normal_skintype"}],"type_description":null},"sku_badge":null,"sku_badge_image":null,"sku_display_order":0,"sku_id":"7THL01","sku_promo_messaging":null,"sku_type":"SE","sku_url":null,"tags":{"total":21,"items":[{"id":"1602","key":"セットギフト","value":"セット&ギフト"},{"id":"25565","key":"justarrivednew","value":"justarrivednew"},{"id":"27172","key":"day5flashsale","value":"Day5FlashSale"},{"id":"10589","key":"offers-lp","value":"Offers LP"},{"id":"1593","key":"チーク","value":"チーク"},{"id":"19570","key":"おすすめ製品","value":"おすすめ製品"},{"id":"17695","key":"gifts-for-her","value":"Gifts for her"},{"id":"4323","key":"just-arrived","value":"Just Arrived"},{"id":"16916","key":"gift-ideas-for-events","value":"Gift Ideas for Events"},{"id":"18067","key":"価格別2200円","value":"価格別2200円"},{"id":"18453","key":"plus1","value":"Plus1"},{"id":"12537","key":"メークアップ-ベストセラー","value":"メークアップ ベストセラー"},{"id":"22833","key":"3500円税抜以下のおすすめ製品","value":"3500円(税抜)以下のおすすめ製品"},{"id":"1575","key":"ベストセラー","value":"ベストセラー"},{"id":"27174","key":"day7flashsale","value":"Day7FlashSale"},{"id":"27171","key":"day4flashsale","value":"Day4FlashSale"},{"id":"13770","key":"gwp","value":"GWP"},{"id":"1592","key":"メーク","value":"メーク"},{"id":"20524","key":"shop-the-movie-01","value":"Shop the Movie 01"},{"id":"22382","key":"ベースメーク","value":"ベースメーク"},{"id":"16760","key":"clinique-pop-series","value":"Clinique Pop Series"}]},"texture":null,"undertone":null,"unit_of_measure":null,"unit_size":1,"unit_size_formatted":null,"upc":"020714601997","vto":{"is_color_experience":null,"is_foundation_experience":null}},{"color_family":null,"coverage_options":null,"cross_sell":null,"display_status":7,"finish":null,"finish_options":null,"fragrances":[{"family":null,"key":null,"value":null}],"iln_listing":"（ＨＤＩ／トリメチロールヘキシルラクトン）クロスポリマー・エチルヘキサン酸セテアリル・グリセリン・リン酸２Ｃａ・ポリテトラフルオロエチレン・ジメチコン・スクワラン・ステアリン酸亜鉛・ラウロイルリシン・エチルヘキシルグリセリン・カプリリルグリコール・ポリソルベート８０・１，２－ヘキサンジオール・カラギーナン・テトラ（ジ－ｔ－ブチルヒドロキシヒドロケイヒ酸）ペンタエリスリチル　＋／－　マイカ・酸化チタン・酸化鉄・硫酸Ｂａ・赤２０２・タルク・赤２２６・シリカ・マンガンバイオレット・赤２２８・グンジョウ・赤２０１・黄５・青１・橙２０１・オキシ塩化ビスマス・カルミン・黄４<JILN5723>","iln_version_number":"JILN5723","inventory_status":"Active","is_active":true,"is_coming_soon":null,"is_default_sku":false,"is_discountable":true,"is_displayable":null,"is_engravable":null,"is_fragrance":null,"is_giftable":null,"is_giftwrap":false,"is_inactive":null,"is_multi_shaded":null,"is_out_of_stock":null,"is_preorder":false,"is_preorderable":null,"is_promotional":null,"is_replenishable":false,"is_search_suppressed":null,"is_searchable":true,"is_shaded":null,"is_sized":null,"is_sold_out":null,"is_under_weight_hazmat":false,"is_vto_enabled":null,"life_of_product":"Basic Reorder","material_code":"7THL020000","media":{"large":[{"alt":"チーク ポップ ","height":1200,"position":1,"src":"/media/export/cms/products/1200x1500/cl_sku_7THL02_1200x1500_0.png","type":"image","width":1500}],"medium":[{"alt":"チーク ポップ ","height":600,"position":2,"src":"/media/export/cms/products/600x750/cl_sku_7THL02_600x750_0.png","type":"image","width":750}],"model":null,"poster":null,"small":[{"alt":"チーク ポップ ","height":1200,"position":3,"src":"/media/export/cms/products/1200x1500/cl_sku_7THL02_1200x1500_0.png","type":"image","width":1500}],"smoosh":[{"alt":"チーク ポップ ","height":1200,"position":0,"src":"/media/export/cms/products/1200x1500/swatches_v3/35_ns_ng.png","type":"image","width":1500}],"xl":null},"out_of_stock_threshold":null,"perlgem":{"SKU_BASE_ID":54125},"preorder_date":null,"prices":[{"currency":"JPY","exclude_tax":{"original_price":3300,"original_price_formatted":"¥3,300","price":3300,"price_formatted":"¥3,300","price_per_unit":null,"price_per_unit_formatted":""},"include_tax":{"original_price":3630,"original_price_formatted":"¥3,630","price":3630,"price_formatted":"¥3,630","price_per_unit":null,"price_per_unit_formatted":""},"is_discounted":false}],"purchase_limit":null,"replenishment":{"message":null},"reviews":{"average_rating":null,"number_of_questions":null,"number_of_reviews":null},"set_components":null,"shade_groups":null,"shades":[{"description":"みずみずしい食べごろの桃を連想させるピーチ ピンク","hex_val":"#cf5d5d","image":{"height":null,"src":"","width":null},"name":"02  ピーチ ポップ","smoosh_design":{"group_id":null,"name":"35::none::none"}}],"sizes":[{"key":1,"value":"3.5g"}],"skin":{"tone":null,"type":[{"key":"dry-skintype","value":"dry_skintype"},{"key":"combination-skintype","value":"combination_skintype"},{"key":"oily-skintype","value":"oily_skintype"},{"key":"normal-skintype","value":"normal_skintype"}],"type_description":null},"sku_badge":null,"sku_badge_image":null,"sku_display_order":1,"sku_id":"7THL02","sku_promo_messaging":null,"sku_type":"SE","sku_url":null,"tags":{"total":21,"items":[{"id":"1602","key":"セットギフト","value":"セット&ギフト"},{"id":"27172","key":"day5flashsale","value":"Day5FlashSale"},{"id":"10589","key":"offers-lp","value":"Offers LP"},{"id":"1593","key":"チーク","value":"チーク"},{"id":"19570","key":"おすすめ製品","value":"おすすめ製品"},{"id":"17695","key":"gifts-for-her","value":"Gifts for her"},{"id":"4323","key":"just-arrived","value":"Just Arrived"},{"id":"16916","key":"gift-ideas-for-events","value":"Gift Ideas for Events"},{"id":"18067","key":"価格別2200円","value":"価格別2200円"},{"id":"18453","key":"plus1","value":"Plus1"},{"id":"12537","key":"メークアップ-ベストセラー","value":"メークアップ ベストセラー"},{"id":"22833","key":"3500円税抜以下のおすすめ製品","value":"3500円(税抜)以下のおすすめ製品"},{"id":"1575","key":"ベストセラー","value":"ベストセラー"},{"id":"27174","key":"day7flashsale","value":"Day7FlashSale"},{"id":"27171","key":"day4flashsale","value":"Day4FlashSale"},{"id":"13770","key":"gwp","value":"GWP"},{"id":"1592","key":"メーク","value":"メーク"},{"id":"22382","key":"ベースメーク","value":"ベースメーク"},{"id":"16760","key":"clinique-pop-series","value":"Clinique Pop Series"},{"id":"20850","key":"shop-the-movie-03","value":"Shop the Movie 03"},{"id":"9423","key":"coral-crush-trend","value":"Coral Crush Trend"}]},"texture":null,"undertone":null,"unit_of_measure":null,"unit_size":null,"unit_size_formatted":null,"upc":"020714602000","vto":{"is_color_experience":null,"is_foundation_experience":null}},{"color_family":null,"coverage_options":null,"cross_sell":null,"display_status":7,"finish":null,"finish_options":null,"fragrances":[{"family":null,"key":null,"value":null}],"iln_listing":"（ＨＤＩ／トリメチロールヘキシルラクトン）クロスポリマー・エチルヘキサン酸セテアリル・グリセリン・リン酸２Ｃａ・スクワラン・ポリテトラフルオロエチレン・ジメチコン・ステアリン酸亜鉛・ラウロイルリシン・エチルヘキシルグリセリン・ポリソルベート８０・カプリリルグリコール・１，２－ヘキサンジオール・カラギーナン・テトラ（ジ－ｔ－ブチルヒドロキシヒドロケイヒ酸）ペンタエリスリチル　＋／－　マイカ・硫酸Ｂａ・酸化チタン・赤２０２・マンガンバイオレット・シリカ・タルク・赤２２８・酸化鉄・グンジョウ・赤２０１・黄５・青１・橙２０１・オキシ塩化ビスマス・カルミン・赤２２６・黄４<JILN5724>","iln_version_number":"JILN5724","inventory_status":"Active","is_active":true,"is_coming_soon":null,"is_default_sku":false,"is_discountable":true,"is_displayable":null,"is_engravable":null,"is_fragrance":null,"is_giftable":null,"is_giftwrap":false,"is_inactive":null,"is_multi_shaded":null,"is_out_of_stock":null,"is_preorder":false,"is_preorderable":null,"is_promotional":null,"is_replenishable":false,"is_search_suppressed":null,"is_searchable":true,"is_shaded":null,"is_sized":null,"is_sold_out":null,"is_under_weight_hazmat":false,"is_vto_enabled":null,"life_of_product":"Basic Reorder","material_code":"7THL030000","media":{"large":[{"alt":"チーク ポップ ","height":1200,"position":1,"src":"/media/export/cms/products/1200x1500/cl_sku_7THL03_1200x1500_0.png","type":"image","width":1500}],"medium":[{"alt":"チーク ポップ ","height":600,"position":2,"src":"/media/export/cms/products/600x750/cl_sku_7THL03_600x750_0.png","type":"image","width":750}],"model":null,"poster":null,"small":[{"alt":"チーク ポップ ","height":1200,"position":3,"src":"/media/export/cms/products/1200x1500/cl_sku_7THL03_1200x1500_0.png","type":"image","width":1500}],"smoosh":[{"alt":"チーク ポップ ","height":1200,"position":0,"src":"/media/export/cms/products/1200x1500/swatches_v3/35_ns_ng.png","type":"image","width":1500}],"xl":null},"out_of_stock_threshold":null,"perlgem":{"SKU_BASE_ID":54126},"preorder_date":null,"prices":[{"currency":"JPY","exclude_tax":{"original_price":3300,"original_price_formatted":"¥3,300","price":3300,"price_formatted":"¥3,300","price_per_unit":null,"price_per_unit_formatted":""},"include_tax":{"original_price":3630,"original_price_formatted":"¥3,630","price":3630,"price_formatted":"¥3,630","price_per_unit":null,"price_per_unit_formatted":""},"is_discounted":false}],"purchase_limit":null,"replenishment":{"message":null},"reviews":{"average_rating":null,"number_of_questions":null,"number_of_reviews":null},"set_components":null,"shade_groups":null,"shades":[{"description":"ベリーで作られた焼きたてのお菓子のようなベリー ピンク","hex_val":"#b54d70","image":{"height":null,"src":"","width":null},"name":"03  ベリー ポップ","smoosh_design":{"group_id":null,"name":"35::none::none"}}],"sizes":[{"key":1,"value":"3.5g"}],"skin":{"tone":null,"type":[{"key":"dry-skintype","value":"dry_skintype"},{"key":"combination-skintype","value":"combination_skintype"},{"key":"oily-skintype","value":"oily_skintype"},{"key":"normal-skintype","value":"normal_skintype"}],"type_description":null},"sku_badge":null,"sku_badge_image":null,"sku_display_order":2,"sku_id":"7THL03","sku_promo_messaging":null,"sku_type":"SE","sku_url":null,"tags":{"total":17,"items":[{"id":"1602","key":"セットギフト","value":"セット&ギフト"},{"id":"10589","key":"offers-lp","value":"Offers LP"},{"id":"1593","key":"チーク","value":"チーク"},{"id":"19570","key":"おすすめ製品","value":"おすすめ製品"},{"id":"17695","key":"gifts-for-her","value":"Gifts for her"},{"id":"4323","key":"just-arrived","value":"Just Arrived"},{"id":"16916","key":"gift-ideas-for-events","value":"Gift Ideas for Events"},{"id":"18067","key":"価格別2200円","value":"価格別2200円"},{"id":"18453","key":"plus1","value":"Plus1"},{"id":"12537","key":"メークアップ-ベストセラー","value":"メークアップ ベストセラー"},{"id":"22833","key":"3500円税抜以下のおすすめ製品","value":"3500円(税抜)以下のおすすめ製品"},{"id":"1575","key":"ベストセラー","value":"ベストセラー"},{"id":"13770","key":"gwp","value":"GWP"},{"id":"1592","key":"メーク","value":"メーク"},{"id":"22382","key":"ベースメーク","value":"ベースメーク"},{"id":"16760","key":"clinique-pop-series","value":"Clinique Pop Series"},{"id":"19288","key":"スペシャルセール","value":"スペシャルセール"}]},"texture":null,"undertone":null,"unit_of_measure":null,"unit_size":null,"unit_size_formatted":null,"upc":"020714602017","vto":{"is_color_experience":null,"is_foundation_experience":null}},{"color_family":null,"coverage_options":null,"cross_sell":null,"display_status":7,"finish":null,"finish_options":null,"fragrances":[{"family":null,"key":null,"value":null}],"iln_listing":"（ＨＤＩ／トリメチロールヘキシルラクトン）クロスポリマー・エチルヘキサン酸セテアリル・グリセリン・リン酸２Ｃａ・ポリテトラフルオロエチレン・ジメチコン・スクワラン・ステアリン酸亜鉛・ラウロイルリシン・エチルヘキシルグリセリン・カプリリルグリコール・ポリソルベート８０・１，２－ヘキサンジオール・カラギーナン・テトラ（ジ－ｔ－ブチルヒドロキシヒドロケイヒ酸）ペンタエリスリチル　＋／－　マイカ・酸化チタン・酸化鉄・硫酸Ｂａ・赤２０２・タルク・赤２２６・シリカ・マンガンバイオレット・赤２２８・グンジョウ・赤２０１・黄５・青１・橙２０１・オキシ塩化ビスマス・カルミン・黄４<JILN5723>","iln_version_number":"JILN5723","inventory_status":"Active","is_active":true,"is_coming_soon":null,"is_default_sku":false,"is_discountable":true,"is_displayable":null,"is_engravable":null,"is_fragrance":null,"is_giftable":null,"is_giftwrap":false,"is_inactive":null,"is_multi_shaded":null,"is_out_of_stock":null,"is_preorder":false,"is_preorderable":null,"is_promotional":null,"is_replenishable":false,"is_search_suppressed":null,"is_searchable":true,"is_shaded":null,"is_sized":null,"is_sold_out":null,"is_under_weight_hazmat":false,"is_vto_enabled":null,"life_of_product":"Basic Reorder","material_code":"7THL040000","media":{"large":[{"alt":"チーク ポップ ","height":1200,"position":1,"src":"/media/export/cms/products/1200x1500/cl_sku_7THL04_1200x1500_0.png","type":"image","width":1500}],"medium":[{"alt":"チーク ポップ ","height":600,"position":2,"src":"/media/export/cms/products/600x750/cl_sku_7THL04_600x750_0.png","type":"image","width":750}],"model":null,"poster":null,"small":[{"alt":"チーク ポップ ","height":1200,"position":3,"src":"/media/export/cms/products/1200x1500/cl_sku_7THL04_1200x1500_0.png","type":"image","width":1500}],"smoosh":[{"alt":"チーク ポップ ","height":1200,"position":0,"src":"/media/export/cms/products/1200x1500/swatches_v3/35_ns_ng.png","type":"image","width":1500}],"xl":null},"out_of_stock_threshold":null,"perlgem":{"SKU_BASE_ID":54127},"preorder_date":null,"prices":[{"currency":"JPY","exclude_tax":{"original_price":3300,"original_price_formatted":"¥3,300","price":3300,"price_formatted":"¥3,300","price_per_unit":null,"price_per_unit_formatted":""},"include_tax":{"original_price":3630,"original_price_formatted":"¥3,630","price":3630,"price_formatted":"¥3,630","price_per_unit":null,"price_per_unit_formatted":""},"is_discounted":false}],"purchase_limit":null,"replenishment":{"message":null},"reviews":{"average_rating":null,"number_of_questions":null,"number_of_reviews":null},"set_components":null,"shade_groups":null,"shades":[{"description":"しぼりたてのプラムジュースを思わせるプラム ピンク","hex_val":"#cd698d","image":{"height":null,"src":"","width":null},"name":"04  プラム ポップ","smoosh_design":{"group_id":null,"name":"35::none::none"}}],"sizes":[{"key":1,"value":"3.5g"}],"skin":{"tone":null,"type":[{"key":"dry-skintype","value":"dry_skintype"},{"key":"combination-skintype","value":"combination_skintype"},{"key":"oily-skintype","value":"oily_skintype"},{"key":"normal-skintype","value":"normal_skintype"}],"type_description":null},"sku_badge":null,"sku_badge_image":null,"sku_display_order":3,"sku_id":"7THL04","sku_promo_messaging":null,"sku_type":"SE","sku_url":null,"tags":{"total":17,"items":[{"id":"1602","key":"セットギフト","value":"セット&ギフト"},{"id":"10589","key":"offers-lp","value":"Offers LP"},{"id":"1593","key":"チーク","value":"チーク"},{"id":"19570","key":"おすすめ製品","value":"おすすめ製品"},{"id":"17695","key":"gifts-for-her","value":"Gifts for her"},{"id":"4323","key":"just-arrived","value":"Just Arrived"},{"id":"16916","key":"gift-ideas-for-events","value":"Gift Ideas for Events"},{"id":"18067","key":"価格別2200円","value":"価格別2200円"},{"id":"18453","key":"plus1","value":"Plus1"},{"id":"12537","key":"メークアップ-ベストセラー","value":"メークアップ ベストセラー"},{"id":"22833","key":"3500円税抜以下のおすすめ製品","value":"3500円(税抜)以下のおすすめ製品"},{"id":"1575","key":"ベストセラー","value":"ベストセラー"},{"id":"13770","key":"gwp","value":"GWP"},{"id":"1592","key":"メーク","value":"メーク"},{"id":"22382","key":"ベースメーク","value":"ベースメーク"},{"id":"16760","key":"clinique-pop-series","value":"Clinique Pop Series"},{"id":"19288","key":"スペシャルセール","value":"スペシャルセール"}]},"texture":null,"undertone":null,"unit_of_measure":null,"unit_size":null,"unit_size_formatted":null,"upc":"020714602024","vto":{"is_color_experience":null,"is_foundation_experience":null}},{"color_family":null,"coverage_options":null,"cross_sell":null,"display_status":7,"finish":null,"finish_options":null,"fragrances":[{"family":null,"key":null,"value":null}],"iln_listing":"（ＨＤＩ／トリメチロールヘキシルラクトン）クロスポリマー・エチルヘキサン酸セテアリル・グリセリン・リン酸２Ｃａ・ポリテトラフルオロエチレン・スクワラン・ジメチコン・ステアリン酸亜鉛・ラウロイルリシン・エチルヘキシルグリセリン・ポリソルベート８０・カプリリルグリコール・１，２－ヘキサンジオール・カラギーナン・テトラ（ジ－ｔ－ブチルヒドロキシヒドロケイヒ酸）ペンタエリスリチル　＋／－　マイカ・酸化チタン・酸化鉄・硫酸Ｂａ・タルク・赤２２６・赤２０２・シリカ・ロジン<JILN6862>","iln_version_number":"JILN6862","inventory_status":"Active","is_active":true,"is_coming_soon":null,"is_default_sku":false,"is_discountable":true,"is_displayable":null,"is_engravable":null,"is_fragrance":null,"is_giftable":null,"is_giftwrap":false,"is_inactive":null,"is_multi_shaded":null,"is_out_of_stock":null,"is_preorder":false,"is_preorderable":null,"is_promotional":null,"is_replenishable":false,"is_search_suppressed":null,"is_searchable":true,"is_shaded":null,"is_sized":null,"is_sold_out":null,"is_under_weight_hazmat":false,"is_vto_enabled":null,"life_of_product":"Basic Reorder","material_code":"7THL050001","media":{"large":[{"alt":"チーク ポップ ","height":1200,"position":1,"src":"/media/export/cms/products/1200x1500/cl_sku_7THL05_1200x1500_0.png","type":"image","width":1500}],"medium":[{"alt":"チーク ポップ ","height":600,"position":2,"src":"/media/export/cms/products/600x750/cl_sku_7THL05_600x750_0.png","type":"image","width":750}],"model":null,"poster":null,"small":[{"alt":"チーク ポップ ","height":1200,"position":3,"src":"/media/export/cms/products/1200x1500/cl_sku_7THL05_1200x1500_0.png","type":"image","width":1500}],"smoosh":[{"alt":"チーク ポップ ","height":1200,"position":0,"src":"/media/export/cms/products/1200x1500/swatches_v3/35_ns_ng.png","type":"image","width":1500}],"xl":null},"out_of_stock_threshold":null,"perlgem":{"SKU_BASE_ID":63225},"preorder_date":null,"prices":[{"currency":"JPY","exclude_tax":{"original_price":3300,"original_price_formatted":"¥3,300","price":3300,"price_formatted":"¥3,300","price_per_unit":null,"price_per_unit_formatted":""},"include_tax":{"original_price":3630,"original_price_formatted":"¥3,630","price":3630,"price_formatted":"¥3,630","price_per_unit":null,"price_per_unit_formatted":""},"is_discounted":false}],"purchase_limit":null,"replenishment":{"message":null},"reviews":{"average_rating":null,"number_of_questions":null,"number_of_reviews":null},"set_components":null,"shade_groups":null,"shades":[{"description":"肌に自然な陰影を与えるヌード ベージュ","hex_val":"#db8669","image":{"height":null,"src":"","width":null},"name":"05 ヌード ポップ","smoosh_design":{"group_id":null,"name":"35::none::none"}}],"sizes":[{"key":1,"value":"3.5g"}],"skin":{"tone":null,"type":[{"key":"dry-skintype","value":"dry_skintype"},{"key":"combination-skintype","value":"combination_skintype"},{"key":"oily-skintype","value":"oily_skintype"},{"key":"normal-skintype","value":"normal_skintype"}],"type_description":null},"sku_badge":null,"sku_badge_image":null,"sku_display_order":4,"sku_id":"7THL05","sku_promo_messaging":null,"sku_type":"SE","sku_url":null,"tags":{"total":13,"items":[{"id":"1602","key":"セットギフト","value":"セット&ギフト"},{"id":"15513","key":"recommendedforstudents","value":"RecommendedforStudents"},{"id":"27172","key":"day5flashsale","value":"Day5FlashSale"},{"id":"1593","key":"チーク","value":"チーク"},{"id":"19570","key":"おすすめ製品","value":"おすすめ製品"},{"id":"12537","key":"メークアップ-ベストセラー","value":"メークアップ ベストセラー"},{"id":"22833","key":"3500円税抜以下のおすすめ製品","value":"3500円(税抜)以下のおすすめ製品"},{"id":"1575","key":"ベストセラー","value":"ベストセラー"},{"id":"27174","key":"day7flashsale","value":"Day7FlashSale"},{"id":"27171","key":"day4flashsale","value":"Day4FlashSale"},{"id":"1592","key":"メーク","value":"メーク"},{"id":"22382","key":"ベースメーク","value":"ベースメーク"},{"id":"16760","key":"clinique-pop-series","value":"Clinique Pop Series"}]},"texture":null,"undertone":null,"unit_of_measure":null,"unit_size":null,"unit_size_formatted":null,"upc":"020714743314","vto":{"is_color_experience":null,"is_foundation_experience":null}},{"color_family":null,"coverage_options":null,"cross_sell":null,"display_status":7,"finish":null,"finish_options":null,"fragrances":[{"family":null,"key":null,"value":null}],"iln_listing":"（ＨＤＩ／トリメチロールヘキシルラクトン）クロスポリマー・エチルヘキサン酸セテアリル・グリセリン・リン酸２Ｃａ・ポリテトラフルオロエチレン・ジメチコン・スクワラン・ステアリン酸亜鉛・ラウロイルリシン・エチルヘキシルグリセリン・ポリソルベート８０・カプリリルグリコール・１，２－ヘキサンジオール・カラギーナン・テトラ（ジ－ｔ－ブチルヒドロキシヒドロケイヒ酸）ペンタエリスリチル　＋／－　マイカ・酸化チタン・マンガンバイオレット・黄５・タルク・硫酸Ｂａ・赤２２６・シリカ・赤２０２・ロジン・酸化鉄・赤２２８・グンジョウ・赤２０１・青１・橙２０１・オキシ塩化ビスマス・カルミン・黄４<JILN6860>","iln_version_number":"JILN6860","inventory_status":"Active","is_active":true,"is_coming_soon":null,"is_default_sku":true,"is_discountable":true,"is_displayable":null,"is_engravable":null,"is_fragrance":null,"is_giftable":null,"is_giftwrap":false,"is_inactive":null,"is_multi_shaded":null,"is_out_of_stock":null,"is_preorder":false,"is_preorderable":null,"is_promotional":null,"is_replenishable":false,"is_search_suppressed":null,"is_searchable":true,"is_shaded":null,"is_sized":null,"is_sold_out":null,"is_under_weight_hazmat":false,"is_vto_enabled":null,"life_of_product":"Basic Reorder","material_code":"7THL080001","media":{"large":[{"alt":"チーク ポップ ","height":1200,"position":1,"src":"/media/export/cms/products/1200x1500/cl_sku_7THL08_1200x1500_0.png","type":"image","width":1500}],"medium":[{"alt":"チーク ポップ ","height":600,"position":2,"src":"/media/export/cms/products/600x750/cl_sku_7THL08_600x750_0.png","type":"image","width":750},{"alt":"チーク ポップ ","height":600,"position":3,"src":"/media/export/cms/products/600x750/cl_sku_7THL08_600x750_1.png","type":"image","width":750}],"model":null,"poster":null,"small":[{"alt":"チーク ポップ ","height":1200,"position":4,"src":"/media/export/cms/products/1200x1500/cl_sku_7THL08_1200x1500_0.png","type":"image","width":1500}],"smoosh":[{"alt":"チーク ポップ ","height":1200,"position":0,"src":"/media/export/cms/products/1200x1500/swatches_v3/35_ns_ng.png","type":"image","width":1500}],"xl":null},"out_of_stock_threshold":null,"perlgem":{"SKU_BASE_ID":62702},"preorder_date":null,"prices":[{"currency":"JPY","exclude_tax":{"original_price":3300,"original_price_formatted":"¥3,300","price":3300,"price_formatted":"¥3,300","price_per_unit":null,"price_per_unit_formatted":""},"include_tax":{"original_price":3630,"original_price_formatted":"¥3,630","price":3630,"price_formatted":"¥3,630","price_per_unit":null,"price_per_unit_formatted":""},"is_discounted":false}],"purchase_limit":null,"replenishment":{"message":null},"reviews":{"average_rating":null,"number_of_questions":null,"number_of_reviews":null},"set_components":null,"shade_groups":null,"shades":[{"description":"ジューシーなメロン果汁のようなコーラルオレンジ","hex_val":"#f29686","image":{"height":null,"src":"","width":null},"name":"08 メロン ポップ","smoosh_design":{"group_id":null,"name":"35::none::none"}}],"sizes":[{"key":1,"value":"3.5g"}],"skin":{"tone":null,"type":[{"key":"dry-skintype","value":"dry_skintype"},{"key":"combination-skintype","value":"combination_skintype"},{"key":"oily-skintype","value":"oily_skintype"},{"key":"normal-skintype","value":"normal_skintype"}],"type_description":null},"sku_badge":null,"sku_badge_image":null,"sku_display_order":5,"sku_id":"7THL08","sku_promo_messaging":null,"sku_type":"SE","sku_url":null,"tags":{"total":16,"items":[{"id":"1602","key":"セットギフト","value":"セット&ギフト"},{"id":"27172","key":"day5flashsale","value":"Day5FlashSale"},{"id":"1593","key":"チーク","value":"チーク"},{"id":"19570","key":"おすすめ製品","value":"おすすめ製品"},{"id":"17695","key":"gifts-for-her","value":"Gifts for her"},{"id":"16916","key":"gift-ideas-for-events","value":"Gift Ideas for Events"},{"id":"18067","key":"価格別2200円","value":"価格別2200円"},{"id":"18453","key":"plus1","value":"Plus1"},{"id":"12537","key":"メークアップ-ベストセラー","value":"メークアップ ベストセラー"},{"id":"22833","key":"3500円税抜以下のおすすめ製品","value":"3500円(税抜)以下のおすすめ製品"},{"id":"1575","key":"ベストセラー","value":"ベストセラー"},{"id":"27174","key":"day7flashsale","value":"Day7FlashSale"},{"id":"27171","key":"day4flashsale","value":"Day4FlashSale"},{"id":"1592","key":"メーク","value":"メーク"},{"id":"22382","key":"ベースメーク","value":"ベースメーク"},{"id":"16760","key":"clinique-pop-series","value":"Clinique Pop Series"}]},"texture":null,"undertone":null,"unit_of_measure":null,"unit_size":null,"unit_size_formatted":null,"upc":"020714743345","vto":{"is_color_experience":null,"is_foundation_experience":null}},{"color_family":null,"coverage_options":null,"cross_sell":null,"display_status":7,"finish":null,"finish_options":null,"fragrances":[{"family":null,"key":null,"value":null}],"iln_listing":"（ＨＤＩ／トリメチロールヘキシルラクトン）クロスポリマー・エチルヘキサン酸セテアリル・グリセリン・ポリテトラフルオロエチレン・リン酸２Ｃａ・ジメチコン・スクワラン・ステアリン酸亜鉛・ラウロイルリシン・エチルヘキシルグリセリン・ポリソルベート８０・カプリリルグリコール・１，２－ヘキサンジオール・カラギーナン・テトラ（ジ－ｔ－ブチルヒドロキシヒドロケイヒ酸）ペンタエリスリチル　＋／－　マイカ・酸化チタン・硫酸Ｂａ・酸化鉄・赤２０２・シリカ・ロジン<JILN6861>","iln_version_number":"JILN6861","inventory_status":"Active","is_active":true,"is_coming_soon":null,"is_default_sku":false,"is_discountable":true,"is_displayable":null,"is_engravable":null,"is_fragrance":null,"is_giftable":null,"is_giftwrap":false,"is_inactive":null,"is_multi_shaded":null,"is_out_of_stock":null,"is_preorder":false,"is_preorderable":null,"is_promotional":null,"is_replenishable":false,"is_search_suppressed":null,"is_searchable":true,"is_shaded":null,"is_sized":null,"is_sold_out":null,"is_under_weight_hazmat":false,"is_vto_enabled":null,"life_of_product":"Basic Reorder","material_code":"7THL120001","media":{"large":[{"alt":"チーク ポップ ","height":1200,"position":1,"src":"/media/export/cms/products/1200x1500/cl_sku_7THL12_1200x1500_0.png","type":"image","width":1500}],"medium":[{"alt":"チーク ポップ ","height":600,"position":2,"src":"/media/export/cms/products/600x750/cl_sku_7THL12_600x750_0.png","type":"image","width":750}],"model":null,"poster":null,"small":[{"alt":"チーク ポップ ","height":1200,"position":3,"src":"/media/export/cms/products/1200x1500/cl_sku_7THL12_1200x1500_0.png","type":"image","width":1500}],"smoosh":[{"alt":"チーク ポップ ","height":1200,"position":0,"src":"/media/export/cms/products/1200x1500/swatches_v3/35_ns_ng.png","type":"image","width":1500}],"xl":null},"out_of_stock_threshold":null,"perlgem":{"SKU_BASE_ID":62703},"preorder_date":null,"prices":[{"currency":"JPY","exclude_tax":{"original_price":3300,"original_price_formatted":"¥3,300","price":3300,"price_formatted":"¥3,300","price_per_unit":null,"price_per_unit_formatted":""},"include_tax":{"original_price":3630,"original_price_formatted":"¥3,630","price":3630,"price_formatted":"¥3,630","price_per_unit":null,"price_per_unit_formatted":""},"is_discounted":false}],"purchase_limit":null,"replenishment":{"message":null},"reviews":{"average_rating":null,"number_of_questions":null,"number_of_reviews":null},"set_components":null,"shade_groups":null,"shades":[{"description":"肌なじみのいい大人華やかピンク","hex_val":"#de7a7b","image":{"height":null,"src":"","width":null},"name":"12 ピンク ポップ","smoosh_design":{"group_id":null,"name":"35::none::none"}}],"sizes":[{"key":1,"value":"3.5g"}],"skin":{"tone":null,"type":[{"key":"dry-skintype","value":"dry_skintype"},{"key":"combination-skintype","value":"combination_skintype"},{"key":"oily-skintype","value":"oily_skintype"},{"key":"normal-skintype","value":"normal_skintype"}],"type_description":null},"sku_badge":null,"sku_badge_image":null,"sku_display_order":6,"sku_id":"7THL12","sku_promo_messaging":null,"sku_type":"SE","sku_url":null,"tags":{"total":15,"items":[{"id":"1602","key":"セットギフト","value":"セット&ギフト"},{"id":"27172","key":"day5flashsale","value":"Day5FlashSale"},{"id":"1593","key":"チーク","value":"チーク"},{"id":"19570","key":"おすすめ製品","value":"おすすめ製品"},{"id":"17695","key":"gifts-for-her","value":"Gifts for her"},{"id":"16916","key":"gift-ideas-for-events","value":"Gift Ideas for Events"},{"id":"18067","key":"価格別2200円","value":"価格別2200円"},{"id":"18453","key":"plus1","value":"Plus1"},{"id":"12537","key":"メークアップ-ベストセラー","value":"メークアップ ベストセラー"},{"id":"22833","key":"3500円税抜以下のおすすめ製品","value":"3500円(税抜)以下のおすすめ製品"},{"id":"1575","key":"ベストセラー","value":"ベストセラー"},{"id":"27171","key":"day4flashsale","value":"Day4FlashSale"},{"id":"1592","key":"メーク","value":"メーク"},{"id":"22382","key":"ベースメーク","value":"ベースメーク"},{"id":"16760","key":"clinique-pop-series","value":"Clinique Pop Series"}]},"texture":null,"undertone":null,"unit_of_measure":null,"unit_size":null,"unit_size_formatted":null,"upc":"020714743307","vto":{"is_color_experience":null,"is_foundation_experience":null}},{"color_family":null,"coverage_options":null,"cross_sell":null,"display_status":7,"finish":null,"finish_options":null,"fragrances":[{"family":null,"key":null,"value":null}],"iln_listing":"（ＨＤＩ／トリメチロールヘキシルラクトン）クロスポリマー・エチルヘキサン酸セテアリル・グリセリン・リン酸２Ｃａ・ポリテトラフルオロエチレン・スクワラン・ジメチコン・ステアリン酸亜鉛・ラウロイルリシン・エチルヘキシルグリセリン・ポリソルベート８０・カプリリルグリコール・１，２－ヘキサンジオール・カラギーナン・テトラ（ジ－ｔ－ブチルヒドロキシヒドロケイヒ酸）ペンタエリスリチル　＋／－　マイカ・酸化チタン・酸化鉄・硫酸Ｂａ・タルク・赤２２６・赤２０２・シリカ・ロジン<JILN6862>","iln_version_number":"JILN6862","inventory_status":"Active","is_active":true,"is_coming_soon":null,"is_default_sku":false,"is_discountable":true,"is_displayable":null,"is_engravable":null,"is_fragrance":null,"is_giftable":null,"is_giftwrap":false,"is_inactive":null,"is_multi_shaded":null,"is_out_of_stock":null,"is_preorder":false,"is_preorderable":null,"is_promotional":null,"is_replenishable":false,"is_search_suppressed":null,"is_searchable":true,"is_shaded":null,"is_sized":null,"is_sold_out":null,"is_under_weight_hazmat":false,"is_vto_enabled":null,"life_of_product":"Basic Reorder","material_code":"7THL130001","media":{"large":[{"alt":"チーク ポップ ","height":1200,"position":1,"src":"/media/export/cms/products/1200x1500/cl_sku_7THL13_1200x1500_0.png","type":"image","width":1500}],"medium":[{"alt":"チーク ポップ ","height":600,"position":2,"src":"/media/export/cms/products/600x750/cl_sku_7THL13_600x750_0.png","type":"image","width":750}],"model":null,"poster":null,"small":[{"alt":"チーク ポップ ","height":1200,"position":3,"src":"/media/export/cms/products/1200x1500/cl_sku_7THL13_1200x1500_0.png","type":"image","width":1500}],"smoosh":[{"alt":"チーク ポップ ","height":1200,"position":0,"src":"/media/export/cms/products/1200x1500/swatches_v3/35_ns_ng.png","type":"image","width":1500}],"xl":null},"out_of_stock_threshold":null,"perlgem":{"SKU_BASE_ID":62705},"preorder_date":null,"prices":[{"currency":"JPY","exclude_tax":{"original_price":3300,"original_price_formatted":"¥3,300","price":3300,"price_formatted":"¥3,300","price_per_unit":null,"price_per_unit_formatted":""},"include_tax":{"original_price":3630,"original_price_formatted":"¥3,630","price":3630,"price_formatted":"¥3,630","price_per_unit":null,"price_per_unit_formatted":""},"is_discounted":false}],"purchase_limit":null,"replenishment":{"message":null},"reviews":{"average_rating":null,"number_of_questions":null,"number_of_reviews":null},"set_components":null,"shade_groups":null,"shades":[{"description":"自然な血色感を演出できるローズ ピンク","hex_val":"#c75c69","image":{"height":null,"src":"","width":null},"name":"13 ローズィー ポップ","smoosh_design":{"group_id":null,"name":"35::none::none"}}],"sizes":[{"key":1,"value":"3.5g"}],"skin":{"tone":null,"type":[{"key":"dry-skintype","value":"dry_skintype"},{"key":"combination-skintype","value":"combination_skintype"},{"key":"oily-skintype","value":"oily_skintype"},{"key":"normal-skintype","value":"normal_skintype"}],"type_description":null},"sku_badge":null,"sku_badge_image":null,"sku_display_order":7,"sku_id":"7THL13","sku_promo_messaging":null,"sku_type":"SE","sku_url":null,"tags":{"total":15,"items":[{"id":"1602","key":"セットギフト","value":"セット&ギフト"},{"id":"27172","key":"day5flashsale","value":"Day5FlashSale"},{"id":"1593","key":"チーク","value":"チーク"},{"id":"19570","key":"おすすめ製品","value":"おすすめ製品"},{"id":"17695","key":"gifts-for-her","value":"Gifts for her"},{"id":"16916","key":"gift-ideas-for-events","value":"Gift Ideas for Events"},{"id":"18067","key":"価格別2200円","value":"価格別2200円"},{"id":"12537","key":"メークアップ-ベストセラー","value":"メークアップ ベストセラー"},{"id":"22833","key":"3500円税抜以下のおすすめ製品","value":"3500円(税抜)以下のおすすめ製品"},{"id":"1575","key":"ベストセラー","value":"ベストセラー"},{"id":"27174","key":"day7flashsale","value":"Day7FlashSale"},{"id":"27171","key":"day4flashsale","value":"Day4FlashSale"},{"id":"1592","key":"メーク","value":"メーク"},{"id":"22382","key":"ベースメーク","value":"ベースメーク"},{"id":"16760","key":"clinique-pop-series","value":"Clinique Pop Series"}]},"texture":null,"undertone":null,"unit_of_measure":null,"unit_size":null,"unit_size_formatted":null,"upc":"020714743383","vto":{"is_color_experience":null,"is_foundation_experience":null}},{"color_family":null,"coverage_options":null,"cross_sell":null,"display_status":7,"finish":null,"finish_options":null,"fragrances":[{"family":null,"key":null,"value":null}],"iln_listing":"（ＨＤＩ／トリメチロールヘキシルラクトン）クロスポリマー・エチルヘキサン酸セテアリル・グリセリン・ポリテトラフルオロエチレン・リン酸２Ｃａ・ジメチコン・スクワラン・ステアリン酸亜鉛・ラウロイルリシン・エチルヘキシルグリセリン・ポリソルベート８０・カプリリルグリコール・１，２－ヘキサンジオール・カラギーナン・シリカ・テトラ（ジ－ｔ－ブチルヒドロキシヒドロケイヒ酸）ペンタエリスリチル　＋／－　マイカ・酸化チタン・酸化鉄・タルク・赤２２６<JILN8495>","iln_version_number":"JILN8495","inventory_status":"Active","is_active":true,"is_coming_soon":null,"is_default_sku":false,"is_discountable":true,"is_displayable":null,"is_engravable":null,"is_fragrance":null,"is_giftable":null,"is_giftwrap":false,"is_inactive":null,"is_multi_shaded":null,"is_out_of_stock":null,"is_preorder":false,"is_preorderable":null,"is_promotional":null,"is_replenishable":false,"is_search_suppressed":null,"is_searchable":true,"is_shaded":null,"is_sized":null,"is_sold_out":null,"is_under_weight_hazmat":false,"is_vto_enabled":null,"life_of_product":"Basic Reorder","material_code":"7THL180000","media":{"large":[{"alt":"チーク ポップ ","height":1200,"position":1,"src":"/media/export/cms/products/1200x1500/cl_sku_7THL18_1200x1500_0.png","type":"image","width":1500}],"medium":[{"alt":"チーク ポップ ","height":600,"position":2,"src":"/media/export/cms/products/600x750/cl_sku_7THL18_600x750_0.png","type":"image","width":750}],"model":null,"poster":null,"small":[{"alt":"チーク ポップ ","height":1200,"position":3,"src":"/media/export/cms/products/1200x1500/cl_sku_7THL18_1200x1500_0.png","type":"image","width":1500}],"smoosh":[{"alt":"チーク ポップ ","height":1200,"position":0,"src":"/media/export/cms/products/1200x1500/swatches_v3/35_ns_ng.png","type":"image","width":1500}],"xl":null},"out_of_stock_threshold":null,"perlgem":{"SKU_BASE_ID":74599},"preorder_date":null,"prices":[{"currency":"JPY","exclude_tax":{"original_price":3300,"original_price_formatted":"¥3,300","price":3300,"price_formatted":"¥3,300","price_per_unit":null,"price_per_unit_formatted":""},"include_tax":{"original_price":3630,"original_price_formatted":"¥3,630","price":3630,"price_formatted":"¥3,630","price_per_unit":null,"price_per_unit_formatted":""},"is_discounted":false}],"purchase_limit":null,"replenishment":{"message":null},"reviews":{"average_rating":null,"number_of_questions":null,"number_of_reviews":null},"set_components":null,"shade_groups":null,"shades":[{"description":"シーンを選ばない肌なじみ抜群のピンク ベージュ","hex_val":"#e79da4","image":{"height":null,"src":"","width":null},"name":"18 ピンク ハニー ポップ","smoosh_design":{"group_id":null,"name":"35::none::none"}}],"sizes":[{"key":1,"value":"3.5g"}],"skin":{"tone":null,"type":[{"key":"dry-skintype","value":"dry_skintype"},{"key":"combination-skintype","value":"combination_skintype"},{"key":"oily-skintype","value":"oily_skintype"},{"key":"normal-skintype","value":"normal_skintype"}],"type_description":null},"sku_badge":null,"sku_badge_image":null,"sku_display_order":9,"sku_id":"7THL18","sku_promo_messaging":null,"sku_type":"SE","sku_url":null,"tags":{"total":10,"items":[{"id":"1602","key":"セットギフト","value":"セット&ギフト"},{"id":"27172","key":"day5flashsale","value":"Day5FlashSale"},{"id":"1593","key":"チーク","value":"チーク"},{"id":"19570","key":"おすすめ製品","value":"おすすめ製品"},{"id":"12537","key":"メークアップ-ベストセラー","value":"メークアップ ベストセラー"},{"id":"22833","key":"3500円税抜以下のおすすめ製品","value":"3500円(税抜)以下のおすすめ製品"},{"id":"1575","key":"ベストセラー","value":"ベストセラー"},{"id":"27174","key":"day7flashsale","value":"Day7FlashSale"},{"id":"27171","key":"day4flashsale","value":"Day4FlashSale"},{"id":"22382","key":"ベースメーク","value":"ベースメーク"}]},"texture":null,"undertone":null,"unit_of_measure":null,"unit_size":null,"unit_size_formatted":null,"upc":"020714857684","vto":{"is_color_experience":null,"is_foundation_experience":null}},{"color_family":null,"coverage_options":null,"cross_sell":null,"display_status":7,"finish":null,"finish_options":null,"fragrances":[{"family":null,"key":null,"value":null}],"iln_listing":"（ＨＤＩ／トリメチロールヘキシルラクトン）クロスポリマー・エチルヘキサン酸セテアリル・リン酸２Ｃａ・ポリテトラフルオロエチレン・ジメチコン・スクワラン・グリセリン・ステアリン酸亜鉛・ラウロイルリシン・エチルヘキシルグリセリン・ポリソルベート８０・カプリリルグリコール・１，２－ヘキサンジオール・カラギーナン・シリカ・テトラ（ジ－ｔ－ブチルヒドロキシヒドロケイヒ酸）ペンタエリスリチル　＋／－　マイカ・酸化チタン・タルク・酸化鉄・赤２２６・カルミン<JILN8756>","iln_version_number":"JILN8756","inventory_status":"Active","is_active":true,"is_coming_soon":null,"is_default_sku":false,"is_discountable":true,"is_displayable":null,"is_engravable":null,"is_fragrance":null,"is_giftable":null,"is_giftwrap":false,"is_inactive":null,"is_multi_shaded":null,"is_out_of_stock":null,"is_preorder":false,"is_preorderable":null,"is_promotional":null,"is_replenishable":false,"is_search_suppressed":null,"is_searchable":true,"is_shaded":null,"is_sized":null,"is_sold_out":null,"is_under_weight_hazmat":false,"is_vto_enabled":null,"life_of_product":"Basic Reorder","material_code":"7THL190000","media":{"large":[{"alt":"チーク ポップ ","height":1200,"position":1,"src":"/media/export/cms/products/1200x1500/cl_sku_7THL19_1200x1500_0.png","type":"image","width":1500}],"medium":[{"alt":"チーク ポップ ","height":600,"position":2,"src":"/media/export/cms/products/600x750/cl_sku_7THL19_600x750_0.png","type":"image","width":750}],"model":null,"poster":null,"small":[{"alt":"チーク ポップ ","height":1200,"position":3,"src":"/media/export/cms/products/1200x1500/cl_sku_7THL19_1200x1500_0.png","type":"image","width":1500}],"smoosh":[{"alt":"チーク ポップ ","height":1200,"position":0,"src":"/media/export/cms/products/1200x1500/swatches_v3/35_ns_ng.png","type":"image","width":1500}],"xl":null},"out_of_stock_threshold":null,"perlgem":{"SKU_BASE_ID":91717},"preorder_date":null,"prices":[{"currency":"JPY","exclude_tax":{"original_price":3300,"original_price_formatted":"¥3,300","price":3300,"price_formatted":"¥3,300","price_per_unit":null,"price_per_unit_formatted":""},"include_tax":{"original_price":3630,"original_price_formatted":"¥3,630","price":3630,"price_formatted":"¥3,630","price_per_unit":null,"price_per_unit_formatted":""},"is_discounted":false}],"purchase_limit":null,"replenishment":{"message":null},"reviews":{"average_rating":null,"number_of_questions":null,"number_of_reviews":null},"set_components":null,"shade_groups":null,"shades":[{"description":"華やかでキュートな印象を与えるコーラル ピンク。","hex_val":"#9f5859","image":{"height":null,"src":"","width":null},"name":"19 ブラッシュ ポップ","smoosh_design":{"group_id":null,"name":"35::none::none"}}],"sizes":[{"key":1,"value":"3.5g"}],"skin":{"tone":null,"type":[{"key":"dry-skintype","value":"dry_skintype"},{"key":"combination-skintype","value":"combination_skintype"},{"key":"oily-skintype","value":"oily_skintype"},{"key":"normal-skintype","value":"normal_skintype"}],"type_description":null},"sku_badge":null,"sku_badge_image":null,"sku_display_order":10,"sku_id":"7THL19","sku_promo_messaging":null,"sku_type":"SE","sku_url":null,"tags":{"total":5,"items":[{"id":"1602","key":"セットギフト","value":"セット&ギフト"},{"id":"1593","key":"チーク","value":"チーク"},{"id":"12537","key":"メークアップ-ベストセラー","value":"メークアップ ベストセラー"},{"id":"22833","key":"3500円税抜以下のおすすめ製品","value":"3500円(税抜)以下のおすすめ製品"},{"id":"1575","key":"ベストセラー","value":"ベストセラー"}]},"texture":null,"undertone":null,"unit_of_measure":null,"unit_size":null,"unit_size_formatted":null,"upc":"020714965938","vto":{"is_color_experience":null,"is_foundation_experience":null}},{"color_family":null,"coverage_options":null,"cross_sell":null,"display_status":7,"finish":null,"finish_options":null,"fragrances":[{"family":null,"key":null,"value":null}],"iln_listing":"（ＨＤＩ／トリメチロールヘキシルラクトン）クロスポリマー・エチルヘキサン酸セテアリル・リン酸２Ｃａ・ポリテトラフルオロエチレン・スクワラン・ジメチコン・グリセリン・ステアリン酸亜鉛・ラウロイルリシン・エチルヘキシルグリセリン・ポリソルベート８０・カプリリルグリコール・１，２－ヘキサンジオール・カラギーナン・シリカ・テトラ（ジ－ｔ－ブチルヒドロキシヒドロケイヒ酸）ペンタエリスリチル　＋／－　マイカ・酸化チタン・酸化鉄・タルク・赤２２６<JILN8757>","iln_version_number":"JILN8757","inventory_status":"Active","is_active":true,"is_coming_soon":null,"is_default_sku":false,"is_discountable":true,"is_displayable":null,"is_engravable":null,"is_fragrance":null,"is_giftable":null,"is_giftwrap":false,"is_inactive":null,"is_multi_shaded":null,"is_out_of_stock":null,"is_preorder":false,"is_preorderable":null,"is_promotional":null,"is_replenishable":false,"is_search_suppressed":null,"is_searchable":true,"is_shaded":null,"is_sized":null,"is_sold_out":null,"is_under_weight_hazmat":false,"is_vto_enabled":null,"life_of_product":"Basic Reorder","material_code":"7THL200000","media":{"large":[{"alt":"チーク ポップ ","height":1200,"position":1,"src":"/media/export/cms/products/1200x1500/cl_sku_7THL20_1200x1500_0.png","type":"image","width":1500}],"medium":[{"alt":"チーク ポップ ","height":600,"position":2,"src":"/media/export/cms/products/600x750/cl_sku_7THL20_600x750_0.png","type":"image","width":750}],"model":null,"poster":null,"small":[{"alt":"チーク ポップ ","height":1200,"position":3,"src":"/media/export/cms/products/1200x1500/cl_sku_7THL20_1200x1500_0.png","type":"image","width":1500}],"smoosh":[{"alt":"チーク ポップ ","height":1200,"position":0,"src":"/media/export/cms/products/1200x1500/swatches_v3/35_ns_ng.png","type":"image","width":1500}],"xl":null},"out_of_stock_threshold":null,"perlgem":{"SKU_BASE_ID":91720},"preorder_date":null,"prices":[{"currency":"JPY","exclude_tax":{"original_price":3300,"original_price_formatted":"¥3,300","price":3300,"price_formatted":"¥3,300","price_per_unit":null,"price_per_unit_formatted":""},"include_tax":{"original_price":3630,"original_price_formatted":"¥3,630","price":3630,"price_formatted":"¥3,630","price_per_unit":null,"price_per_unit_formatted":""},"is_discounted":false}],"purchase_limit":null,"replenishment":{"message":null},"reviews":{"average_rating":null,"number_of_questions":null,"number_of_reviews":null},"set_components":null,"shade_groups":null,"shades":[{"description":"シアーでクールなオレンジ シャーベットのようにスウィートな印象に。","hex_val":"#F1A780","image":{"height":null,"src":"","width":null},"name":"20 ソルベ ポップ","smoosh_design":{"group_id":null,"name":"35::none::none"}}],"sizes":[{"key":1,"value":"3.5g"}],"skin":{"tone":null,"type":[{"key":"dry-skintype","value":"dry_skintype"},{"key":"combination-skintype","value":"combination_skintype"},{"key":"oily-skintype","value":"oily_skintype"},{"key":"normal-skintype","value":"normal_skintype"}],"type_description":null},"sku_badge":null,"sku_badge_image":null,"sku_display_order":11,"sku_id":"7THL20","sku_promo_messaging":null,"sku_type":"SE","sku_url":null,"tags":{"total":6,"items":[{"id":"1602","key":"セットギフト","value":"セット&ギフト"},{"id":"1593","key":"チーク","value":"チーク"},{"id":"12537","key":"メークアップ-ベストセラー","value":"メークアップ ベストセラー"},{"id":"22833","key":"3500円税抜以下のおすすめ製品","value":"3500円(税抜)以下のおすすめ製品"},{"id":"1575","key":"ベストセラー","value":"ベストセラー"},{"id":"1585","key":"gift-center","value":"Gift Center"}]},"texture":null,"undertone":null,"unit_of_measure":null,"unit_size":null,"unit_size_formatted":null,"upc":"020714965945","vto":{"is_color_experience":null,"is_foundation_experience":null}}]},"sub_display_name":"チーク ポップ ","sub_header":null,"tags":{"total":26,"items":[{"id":"1602","key":"セットギフト","parent_tag_id":"1600","product_display_order":26,"value":"セット&ギフト"},{"id":"15513","key":"recommendedforstudents","parent_tag_id":"4323","product_display_order":0,"value":"RecommendedforStudents"},{"id":"25565","key":"justarrivednew","parent_tag_id":null,"product_display_order":1,"value":"justarrivednew"},{"id":"27172","key":"day5flashsale","parent_tag_id":"1590","product_display_order":64,"value":"Day5FlashSale"},{"id":"10589","key":"offers-lp","parent_tag_id":null,"product_display_order":0,"value":"Offers LP"},{"id":"1593","key":"チーク","parent_tag_id":"1592","product_display_order":10,"value":"チーク"},{"id":"19570","key":"おすすめ製品","parent_tag_id":"1000020","product_display_order":53,"value":"おすすめ製品"},{"id":"17695","key":"gifts-for-her","parent_tag_id":"1000020","product_display_order":15,"value":"Gifts for her"},{"id":"4323","key":"just-arrived","parent_tag_id":null,"product_display_order":7,"value":"Just Arrived"},{"id":"16916","key":"gift-ideas-for-events","parent_tag_id":"1000020","product_display_order":19,"value":"Gift Ideas for Events"},{"id":"18067","key":"価格別2200円","parent_tag_id":"1000020","product_display_order":7,"value":"価格別2200円"},{"id":"18453","key":"plus1","parent_tag_id":null,"product_display_order":11,"value":"Plus1"},{"id":"12537","key":"メークアップ-ベストセラー","parent_tag_id":"1592","product_display_order":5,"value":"メークアップ ベストセラー"},{"id":"22833","key":"3500円税抜以下のおすすめ製品","parent_tag_id":"1000020","product_display_order":15,"value":"3500円(税抜)以下のおすすめ製品"},{"id":"1575","key":"ベストセラー","parent_tag_id":null,"product_display_order":39,"value":"ベストセラー"},{"id":"27174","key":"day7flashsale","parent_tag_id":"1590","product_display_order":0,"value":"Day7FlashSale"},{"id":"27171","key":"day4flashsale","parent_tag_id":"1590","product_display_order":0,"value":"Day4FlashSale"},{"id":"13770","key":"gwp","parent_tag_id":null,"product_display_order":10,"value":"GWP"},{"id":"1592","key":"メーク","parent_tag_id":null,"product_display_order":51,"value":"メーク"},{"id":"20524","key":"shop-the-movie-01","parent_tag_id":"1000020","product_display_order":8,"value":"Shop the Movie 01"},{"id":"22382","key":"ベースメーク","parent_tag_id":"1000020","product_display_order":0,"value":"ベースメーク"},{"id":"16760","key":"clinique-pop-series","parent_tag_id":"1592","product_display_order":4,"value":"Clinique Pop Series"},{"id":"1585","key":"gift-center","parent_tag_id":null,"product_display_order":0,"value":"Gift Center"},{"id":"20850","key":"shop-the-movie-03","parent_tag_id":"1000020","product_display_order":1,"value":"Shop the Movie 03"},{"id":"9423","key":"coral-crush-trend","parent_tag_id":"9420","product_display_order":0,"value":"Coral Crush Trend"},{"id":"19288","key":"スペシャルセール","parent_tag_id":"1590","product_display_order":0,"value":"スペシャルセール"}]},"usage":[{"content":null,"label":"PRODUCT USAGE","type":"product_usage"},{"content":null,"label":"HOW DOES IT WORK","type":"how_does_it_work"},{"content":"すべてのスキンタイプ","label":"WHO IT IS FOR","type":"who_it_is_for"},{"content":null,"label":"GREAT TO KNOW","type":"great_to_know"},{"content":"独自製法のしっとりとしたテクスチャーが、頬にとけこむようにピュアな彩りを添えます。カラフルなガーベラが咲き誇るように、与えたい印象も自由自在に。","label":"WHAT_IT_DOES","type":"what_it_does"},{"content":"ガーベラが型押しされた、クリニーク人気のパウダリー チーク。","label":"WHAT_IT_IS","type":"what_it_is"}],"objectID":"29770"},{"benefit":{"statement":null,"benefits":null},"brand":null,"collection":null,"coverage":null,"cross_sell":[{"sku_id":"6KN901","sort_key":1},{"sku_id":"6EM601","sort_key":2},{"sku_id":"79AE64","sort_key":3},{"sku_id":"6MKP01","sort_key":4},{"sku_id":"6LKH01","sort_key":5},{"sku_id":"6WPR01","sort_key":6}],"default_category":{"id":"1668","key":"アクネ"},"description":"<P>みずみずしくクリアな肌に導く、デイリー トリートメント ジェル。素早く乾く、ジェル フォーミュラでニキビを防ぎます。＜医薬部外品＞</P>","display_mode":null,"display_name":"アクネ クリアリング ジェル(医薬部外品）","display_status":7,"finish":null,"form":null,"formula_type":null,"fragrance_family":null,"indexable_keywords":[{"value":"acne"},{"value":"アクネ"},{"value":"ニキビ"},{"value":"にきび"}],"is_hazmat":true,"is_product_coming_soon":null,"is_product_displayable":true,"is_product_searchable":true,"is_product_shoppable":true,"is_product_sold_out":null,"is_product_temporarily_out_of_stock":null,"is_search_suppressed":null,"key_ingredient":null,"media":{"large":null,"medium":null,"poster":null,"small":null,"videos":[{"position":null,"poster":{"height":null,"src":null,"width":null},"provider":"YouTube","src":null},{"position":null,"poster":{"height":null,"src":null,"width":null},"provider":"YouTube","src":null},{"position":null,"poster":{"height":null,"src":null,"width":null},"provider":"YouTube","src":null}],"xl":null},"meta":{"description":null,"keywords":"acne,アクネ,ニキビ,にきび"},"parent_category":[{"id":"1668","value":"アクネ"},{"id":"1667","value":"スキンケア"}],"product_badge":null,"product_id":"29793","product_title_tag":null,"product_type":"Sized","product_url":"/product/1668/29793/acne-clearing-gel","reviews":{"average_rating":null,"number_of_questions":null,"number_of_reviews":null},"shade_groups":null,"short_description":"＜医薬部外品＞<br>みずみずしくクリアな肌に導く、デイリー トリートメント ジェル。素早く乾く、ジェル フォーミュラでニキビを防ぎます。","skin":null,"skin_goal":null,"skus":{"total":2,"items":[{"color_family":null,"coverage_options":null,"cross_sell":null,"display_status":7,"finish":null,"finish_options":null,"fragrances":[{"family":null,"key":null,"value":null}],"iln_listing":"サリチル酸*、塩化ベンザルコニウム*、エタノール、ハマメリス水、アクリル酸・メタクリル酸アルキル共重合体、精製水、白糖、１，３－ブチレングリコール、無水カフェイン、第三ブタノール、海藻エキス（４）、安息香酸デナトニウム<QDILN000075>　*は有効成分　無印はその他の成分","iln_version_number":null,"inventory_status":"Active","is_active":true,"is_coming_soon":null,"is_default_sku":false,"is_discountable":true,"is_displayable":null,"is_engravable":null,"is_fragrance":null,"is_giftable":null,"is_giftwrap":false,"is_inactive":null,"is_multi_shaded":null,"is_out_of_stock":null,"is_preorder":false,"is_preorderable":null,"is_promotional":null,"is_replenishable":false,"is_search_suppressed":null,"is_searchable":true,"is_shaded":null,"is_sized":null,"is_sold_out":null,"is_under_weight_hazmat":null,"is_vto_enabled":null,"life_of_product":"Basic Reorder","material_code":"7WJ8010001","media":{"large":[{"alt":"アクネ クリアリング ジェル(医薬部外品）","height":1200,"position":0,"src":"/media/export/cms/products/1200x1500/cl_sku_7WJ801_1200x1500_0.png","type":"image","width":1500}],"medium":[{"alt":"アクネ クリアリング ジェル(医薬部外品）","height":600,"position":1,"src":"/media/export/cms/products/600x750/cl_sku_7WJ801_600x750_0.png","type":"image","width":750}],"model":null,"poster":null,"small":[{"alt":"アクネ クリアリング ジェル(医薬部外品）","height":1200,"position":2,"src":"/media/export/cms/products/1200x1500/cl_sku_7WJ801_1200x1500_0.png","type":"image","width":1500}],"smoosh":null,"xl":null},"out_of_stock_threshold":null,"perlgem":{"SKU_BASE_ID":54210},"preorder_date":null,"prices":[{"currency":"JPY","exclude_tax":{"original_price":2800,"original_price_formatted":"¥2,800","price":2800,"price_formatted":"¥2,800","price_per_unit":null,"price_per_unit_formatted":""},"include_tax":{"original_price":3080,"original_price_formatted":"¥3,080","price":3080,"price_formatted":"¥3,080","price_per_unit":null,"price_per_unit_formatted":""},"is_discounted":false}],"purchase_limit":null,"replenishment":{"message":"Recommended Auto-Ship cycle: 6 weeks  Learn more >"},"reviews":{"average_rating":null,"number_of_questions":null,"number_of_reviews":null},"set_components":null,"shade_groups":null,"shades":null,"sizes":[{"key":1,"value":"15mL"}],"skin":{"tone":null,"type":[{"key":"dry-skintype","value":"dry_skintype"},{"key":"combination-skintype","value":"combination_skintype"},{"key":"oily-skintype","value":"oily_skintype"},{"key":"normal-skintype","value":"normal_skintype"}],"type_description":null},"sku_badge":null,"sku_badge_image":null,"sku_display_order":0,"sku_id":"7WJ801","sku_promo_messaging":null,"sku_type":"SE","sku_url":null,"tags":{"total":14,"items":[{"id":"13051","key":"スキンケア-ベストセラー","value":"スキンケア ベストセラー"},{"id":"1979","key":"acne-solutions","value":"Acne Solutions"},{"id":"4323","key":"just-arrived","value":"Just Arrived"},{"id":"13304","key":"スペシャルケア","value":"スペシャルケア"},{"id":"25016","key":"top-sellers","value":"Top Sellers"},{"id":"25565","key":"justarrivednew","value":"justarrivednew"},{"id":"1668","key":"アクネ","value":"アクネ"},{"id":"1672","key":"スペシャルケア","value":"スペシャルケア"},{"id":"14598","key":"アクネ","value":"アクネ"},{"id":"13659","key":"トライアルサイズ","value":"トライアルサイズ"},{"id":"13770","key":"gwp","value":"GWP"},{"id":"1575","key":"ベストセラー","value":"ベストセラー"},{"id":"14706","key":"スペシャルケア","value":"スペシャルケア"},{"id":"16741","key":"blackheads","value":"Blackheads"}]},"texture":null,"undertone":null,"unit_of_measure":null,"unit_size":null,"unit_size_formatted":null,"upc":"020714612221","vto":{"is_color_experience":null,"is_foundation_experience":null}},{"color_family":null,"coverage_options":null,"cross_sell":null,"display_status":7,"finish":null,"finish_options":null,"fragrances":[{"family":null,"key":null,"value":null}],"iln_listing":"サリチル酸*、塩化ベンザルコニウム*、エタノール、ハマメリス水、アクリル酸・メタクリル酸アルキル共重合体、精製水、白糖、１，３－ブチレングリコール、無水カフェイン、第三ブタノール、海藻エキス（４）、安息香酸デナトニウム<QDILN000075>　*は有効成分　無印はその他の成分","iln_version_number":null,"inventory_status":"Active","is_active":true,"is_coming_soon":null,"is_default_sku":false,"is_discountable":true,"is_displayable":null,"is_engravable":null,"is_fragrance":null,"is_giftable":null,"is_giftwrap":false,"is_inactive":null,"is_multi_shaded":null,"is_out_of_stock":null,"is_preorder":false,"is_preorderable":null,"is_promotional":null,"is_replenishable":false,"is_search_suppressed":null,"is_searchable":true,"is_shaded":null,"is_sized":null,"is_sold_out":null,"is_under_weight_hazmat":null,"is_vto_enabled":null,"life_of_product":"Basic Reorder","material_code":"Z2JG010001","media":{"large":[{"alt":"アクネ クリアリング ジェル(医薬部外品）","height":1200,"position":0,"src":"/media/export/cms/products/1200x1500/cl_sku_Z2JG01_1200x1500_0.png","type":"image","width":1500}],"medium":[{"alt":"アクネ クリアリング ジェル(医薬部外品）","height":600,"position":1,"src":"/media/export/cms/products/600x750/cl_sku_Z2JG01_600x750_0.png","type":"image","width":750}],"model":null,"poster":null,"small":[{"alt":"アクネ クリアリング ジェル(医薬部外品）","height":1200,"position":2,"src":"/media/export/cms/products/1200x1500/cl_sku_Z2JG01_1200x1500_0.png","type":"image","width":1500}],"smoosh":null,"xl":null},"out_of_stock_threshold":null,"perlgem":{"SKU_BASE_ID":54211},"preorder_date":null,"prices":[{"currency":"JPY","exclude_tax":{"original_price":5000,"original_price_formatted":"¥5,000","price":5000,"price_formatted":"¥5,000","price_per_unit":null,"price_per_unit_formatted":""},"include_tax":{"original_price":5500,"original_price_formatted":"¥5,500","price":5500,"price_formatted":"¥5,500","price_per_unit":null,"price_per_unit_formatted":""},"is_discounted":false}],"purchase_limit":null,"replenishment":{"message":"Recommended Auto-Ship cycle: 12 weeks  Learn more >"},"reviews":{"average_rating":null,"number_of_questions":null,"number_of_reviews":null},"set_components":null,"shade_groups":null,"shades":null,"sizes":[{"key":1,"value":"30mL"}],"skin":{"tone":null,"type":[{"key":"dry-skintype","value":"dry_skintype"},{"key":"combination-skintype","value":"combination_skintype"},{"key":"oily-skintype","value":"oily_skintype"},{"key":"normal-skintype","value":"normal_skintype"}],"type_description":null},"sku_badge":null,"sku_badge_image":null,"sku_display_order":0,"sku_id":"Z2JG01","sku_promo_messaging":null,"sku_type":"SE","sku_url":null,"tags":{"total":12,"items":[{"id":"13051","key":"スキンケア-ベストセラー","value":"スキンケア ベストセラー"},{"id":"1979","key":"acne-solutions","value":"Acne Solutions"},{"id":"4323","key":"just-arrived","value":"Just Arrived"},{"id":"13304","key":"スペシャルケア","value":"スペシャルケア"},{"id":"1668","key":"アクネ","value":"アクネ"},{"id":"1672","key":"スペシャルケア","value":"スペシャルケア"},{"id":"14598","key":"アクネ","value":"アクネ"},{"id":"13561","key":"holiday-2014","value":"Holiday 2014"},{"id":"13770","key":"gwp","value":"GWP"},{"id":"1575","key":"ベストセラー","value":"ベストセラー"},{"id":"14706","key":"スペシャルケア","value":"スペシャルケア"},{"id":"16741","key":"blackheads","value":"Blackheads"}]},"texture":null,"undertone":null,"unit_of_measure":null,"unit_size":null,"unit_size_formatted":null,"upc":"020714653651","vto":{"is_color_experience":null,"is_foundation_experience":null}}]},"sub_display_name":"アクネ クリアリング ジェル(医薬部外品）","sub_header":null,"tags":{"total":15,"items":[{"id":"13051","key":"スキンケア-ベストセラー","parent_tag_id":"1667","product_display_order":42,"value":"スキンケア ベストセラー"},{"id":"1979","key":"acne-solutions","parent_tag_id":"1668","product_display_order":0,"value":"Acne Solutions"},{"id":"4323","key":"just-arrived","parent_tag_id":null,"product_display_order":5,"value":"Just Arrived"},{"id":"13304","key":"スペシャルケア","parent_tag_id":"1667","product_display_order":49,"value":"スペシャルケア"},{"id":"25016","key":"top-sellers","parent_tag_id":"4323","product_display_order":0,"value":"Top Sellers"},{"id":"25565","key":"justarrivednew","parent_tag_id":null,"product_display_order":2,"value":"justarrivednew"},{"id":"1668","key":"アクネ","parent_tag_id":"1667","product_display_order":5,"value":"アクネ"},{"id":"1672","key":"スペシャルケア","parent_tag_id":"1668","product_display_order":0,"value":"スペシャルケア"},{"id":"14598","key":"アクネ","parent_tag_id":"1570","product_display_order":2,"value":"アクネ"},{"id":"13659","key":"トライアルサイズ","parent_tag_id":"1667","product_display_order":11,"value":"トライアルサイズ"},{"id":"13561","key":"holiday-2014","parent_tag_id":null,"product_display_order":0,"value":"Holiday 2014"},{"id":"13770","key":"gwp","parent_tag_id":null,"product_display_order":6,"value":"GWP"},{"id":"1575","key":"ベストセラー","parent_tag_id":null,"product_display_order":75,"value":"ベストセラー"},{"id":"14706","key":"スペシャルケア","parent_tag_id":"1667","product_display_order":33,"value":"スペシャルケア"},{"id":"16741","key":"blackheads","parent_tag_id":"1667","product_display_order":17,"value":"Blackheads"}]},"usage":[{"content":"顔全体に使用する場合は朝と夜、洗顔後、目のまわりを避けて適量を肌に薄くのばします。その後、肌に合ったモイスチャライザーをお使いください。部分使いの場合は、指先に適量（1滴くらい）を取り、ニキビが気になる部分にうすく塗布します。","label":"PRODUCT USAGE","type":"product_usage"},{"content":null,"label":"HOW DOES IT WORK","type":"how_does_it_work"},{"content":"すべてのスキンタイプ","label":"WHO IT IS FOR","type":"who_it_is_for"},{"content":null,"label":"GREAT TO KNOW","type":"great_to_know"},{"content":"素早く乾く、ジェル フォーミュラでニキビを防ぎます。","label":"WHAT_IT_DOES","type":"what_it_does"},{"content":"＜医薬部外品＞<br>みずみずしくクリアな肌に導く、デイリー トリートメント ジェル。","label":"WHAT_IT_IS","type":"what_it_is"}],"objectID":"29793"},{"benefit":{"statement":null,"benefits":null},"brand":null,"collection":null,"coverage":null,"cross_sell":[{"sku_id":"Z21901","sort_key":1},{"sku_id":"7WL801","sort_key":2}],"default_category":{"id":"1625","key":"スキンケア"},"description":"<P>肌をリフレッシュし、心地良く潤すウォータリー ローションです。肌のモイスチャー レベルを保つサポートをし、乾燥などの外的刺激から肌を守ります。見た目も感触も、健康的な肌に整えます。</P>","display_mode":null,"display_name":"ウォータリー モイスチャー ローション","display_status":7,"finish":null,"form":null,"formula_type":null,"fragrance_family":null,"indexable_keywords":null,"is_hazmat":false,"is_product_coming_soon":null,"is_product_displayable":true,"is_product_searchable":true,"is_product_shoppable":true,"is_product_sold_out":null,"is_product_temporarily_out_of_stock":null,"is_search_suppressed":null,"key_ingredient":null,"media":{"large":null,"medium":null,"poster":null,"small":null,"videos":[{"position":null,"poster":{"height":null,"src":null,"width":null},"provider":"YouTube","src":null},{"position":null,"poster":{"height":null,"src":null,"width":null},"provider":"YouTube","src":null},{"position":null,"poster":{"height":null,"src":null,"width":null},"provider":"YouTube","src":null}],"xl":null},"meta":{"description":null,"keywords":null},"parent_category":[{"id":"1625","value":"スキンケア"},{"id":"1609","value":"メンズ"}],"product_badge":null,"product_id":"29904","product_title_tag":null,"product_type":"Other","product_url":"/product/1625/29904/clinique-for-men-watery-moisture-lotion","reviews":{"average_rating":null,"number_of_questions":null,"number_of_reviews":null},"shade_groups":null,"short_description":"肌をリフレッシュし、心地良く潤すウォータリー ローションです。","skin":null,"skin_goal":null,"skus":{"total":1,"items":[{"color_family":null,"coverage_options":null,"cross_sell":null,"display_status":7,"finish":null,"finish_options":null,"fragrances":[{"family":null,"key":null,"value":null}],"iln_listing":"水・ＢＧ・グリセリン・トレハロース・ポリソルベート２０・スクロース・アセチルグルコサミン・カプリリルグリコール・カフェイン・ＥＤＴＡ－２Ｎａ・メントール・デキストリン・ヒアルロン酸Ｎａ・ヘキシレングリコール・クエン酸・カラフトコンブエキス・オキナワモズクエキス・クエン酸Ｎａ・エルゴチオネイン・キュウリ果実エキス・リンゴエキス・オウゴンエキス・フェノキシエタノール<JILN6085>","iln_version_number":"JILN6085","inventory_status":"Active","is_active":true,"is_coming_soon":null,"is_default_sku":false,"is_discountable":true,"is_displayable":null,"is_engravable":null,"is_fragrance":null,"is_giftable":null,"is_giftwrap":false,"is_inactive":null,"is_multi_shaded":null,"is_out_of_stock":null,"is_preorder":false,"is_preorderable":null,"is_promotional":null,"is_replenishable":false,"is_search_suppressed":null,"is_searchable":true,"is_shaded":null,"is_sized":null,"is_sold_out":null,"is_under_weight_hazmat":false,"is_vto_enabled":null,"life_of_product":"Basic Reorder","material_code":"Z3W9010000","media":{"large":[{"alt":"ウォータリー モイスチャー ローション","height":1200,"position":0,"src":"/media/export/cms/products/1200x1500/cl_sku_Z3W901_1200x1500_0.png","type":"image","width":1500}],"medium":[{"alt":"ウォータリー モイスチャー ローション","height":600,"position":1,"src":"/media/export/cms/products/600x750/cl_sku_Z3W901_600x750_0.png","type":"image","width":750}],"model":null,"poster":null,"small":[{"alt":"ウォータリー モイスチャー ローション","height":1200,"position":2,"src":"/media/export/cms/products/1200x1500/cl_sku_Z3W901_1200x1500_0.png","type":"image","width":1500}],"smoosh":null,"xl":null},"out_of_stock_threshold":null,"perlgem":{"SKU_BASE_ID":54385},"preorder_date":null,"prices":[{"currency":"JPY","exclude_tax":{"original_price":5800,"original_price_formatted":"¥5,800","price":5800,"price_formatted":"¥5,800","price_per_unit":null,"price_per_unit_formatted":""},"include_tax":{"original_price":6380,"original_price_formatted":"¥6,380","price":6380,"price_formatted":"¥6,380","price_per_unit":null,"price_per_unit_formatted":""},"is_discounted":false}],"purchase_limit":null,"replenishment":{"message":null},"reviews":{"average_rating":null,"number_of_questions":null,"number_of_reviews":null},"set_components":null,"shade_groups":null,"shades":null,"sizes":[{"key":1,"value":"200mL"}],"skin":{"tone":null,"type":null,"type_description":null},"sku_badge":null,"sku_badge_image":null,"sku_display_order":0,"sku_id":"Z3W901","sku_promo_messaging":null,"sku_type":"SE","sku_url":null,"tags":{"total":2,"items":[{"id":"1625","key":"スキンケア","value":"スキンケア"},{"id":"1626","key":"moisturize-protect","value":"Moisturize & Protect"}]},"texture":null,"undertone":null,"unit_of_measure":null,"unit_size":null,"unit_size_formatted":null,"upc":"020714665074","vto":{"is_color_experience":null,"is_foundation_experience":null}}]},"sub_display_name":"ウォータリー モイスチャー ローション","sub_header":null,"tags":{"total":2,"items":[{"id":"1625","key":"スキンケア","parent_tag_id":"1609","product_display_order":23,"value":"スキンケア"},{"id":"1626","key":"moisturize-protect","parent_tag_id":"1625","product_display_order":0,"value":"Moisturize & Protect"}]},"usage":[{"content":"手のひら、またはコットンに適量を取り、顔全体になじませます。その後、お悩みに合わせてクリニーク フォー メンのモイスチャライザーをお使いください。","label":"PRODUCT USAGE","type":"product_usage"},{"content":"皮脂のバランスを整えます。","label":"HOW DOES IT WORK","type":"how_does_it_work"},{"content":null,"label":"WHO IT IS FOR","type":"who_it_is_for"},{"content":null,"label":"GREAT TO KNOW","type":"great_to_know"},{"content":"肌をなめらかにします。","label":"WHAT_IT_DOES","type":"what_it_does"},{"content":"肌に潤いを与え、リフレッシュして輝きを与えます。","label":"WHAT_IT_IS","type":"what_it_is"}],"objectID":"29904"},{"benefit":{"statement":null,"benefits":null},"brand":null,"collection":[{"key":"clinique-smart-collection","value":"clinique_smart_collection"}],"coverage":null,"cross_sell":[{"sku_id":"7JJ001","sort_key":1},{"sku_id":"7C2K01","sort_key":2},{"sku_id":"7YXH01","sort_key":3},{"sku_id":"7G2K01","sort_key":4},{"sku_id":"7C5H64","sort_key":5}],"default_category":{"id":"1674","key":"ディ-エイジング"},"description":"さまざまなエイジングサイン＊１にアプローチする美容液<br>独自の\"クリニーク スマート\"テクノロジーで、肌悩み＊１にカスタム フィット。<br>うるおいを与え肌のキメを整え、乾燥による小ジワを目立たなくします＊２。<br><br>＊１ 乾燥、キメの乱れ、ハリ不足など<br>＊２ 効能評価試験済<br><br>クリニーク クリーン フィロソフィー<br><br>パラベンフリー<br>フタル酸エステル不使用<br>無香料<br>肌が喜ぶスキンケア","display_mode":null,"display_name":"スマート カスタム リペア セラム","display_status":7,"finish":null,"form":[{"key":"serum-form","value":"serum_form"}],"formula_type":null,"fragrance_family":null,"indexable_keywords":null,"is_hazmat":false,"is_product_coming_soon":null,"is_product_displayable":true,"is_product_searchable":true,"is_product_shoppable":true,"is_product_sold_out":null,"is_product_temporarily_out_of_stock":null,"is_search_suppressed":null,"key_ingredient":null,"media":{"large":[{"alt":"スマート カスタム リペア セラム","height":1200,"position":0,"src":"/media/export/cms/products/1200x1500/cl_prod_30149_1200x1500_0.png","type":"image","width":1500}],"medium":null,"poster":null,"small":[{"alt":"スマート カスタム リペア セラム","height":1200,"position":1,"src":"/media/export/cms/products/1200x1500/cl_prod_30149_1200x1500_0.png","type":"image","width":1500}],"videos":[{"position":null,"poster":{"height":null,"src":null,"width":null},"provider":"YouTube","src":null},{"position":null,"poster":{"height":null,"src":null,"width":null},"provider":"YouTube","src":null},{"position":null,"poster":{"height":null,"src":null,"width":null},"provider":"YouTube","src":null}],"xl":null},"meta":{"description":null,"keywords":null},"parent_category":[{"id":"1674","value":"ディ-エイジング"},{"id":"1667","value":"スキンケア"}],"product_badge":null,"product_id":"30149","product_title_tag":null,"product_type":"Sized","product_url":"/product/1674/30149/-/clinique-smarttm-custom-repair-serum","reviews":{"average_rating":null,"number_of_questions":null,"number_of_reviews":null},"shade_groups":null,"short_description":"さまざまなエイジングサイン＊１にアプローチする美容液<br>独自の\"クリニーク スマート\"テクノロジーで、肌悩み＊１にカスタム フィット。<br>うるおいを与え肌のキメを整え、乾燥による小ジワを目立たなくします＊２。<br><br>＊１ 乾燥、キメの乱れ、ハリ不足など<br>＊２ 効能評価試験済<br><br>クリニーク クリーン フィロソフィー<br><br>パラベンフリー<br>フタル酸エステル不使用<br>　無香料<br>肌が喜ぶスキンケア","skin":{"concern":[{"key":"anti-aging-concern","value":"anti_aging_concern"},{"key":"lineswrinkles-concern","value":"lineswrinkles_concern"}]},"skin_goal":null,"skus":{"total":1,"items":[{"color_family":null,"coverage_options":null,"cross_sell":null,"display_status":7,"finish":null,"finish_options":null,"fragrances":[{"family":null,"key":null,"value":null}],"iln_listing":"水・イソドデカン・ジメチコン・シクロペンタシロキサン・ポリシリコーン－１１・ＢＧ・アスコルビルグルコシド・ＰＥＧ－１０ジメチコン・ＰＥＧ－６・（アクリルアミド／アクリロイルジメチルタウリンＮａ）コポリマー・トロメタミン・（アクリロイルジメチルタウリンアンモニウム／ＶＰ）コポリマー・イソヘキサデカン・ポリソルベート２０・ホエイタンパク（牛乳）・グリセリン・ジカプリン酸ＰＧ・ヒマワリ油粕・酸化チタン・酢酸トコフェロール・ツクシメナモミエキス・カフェイン・アセチルグルコサミン・ポリソルベート８０・カプリリルグリコール・ポリメタクリル酸グリセリル・ジメトキシトリルプロピルレゾルシノール・合成金雲母・グリチルレチン酸・アルゲエキス・ヒアルロン酸Ｎａ・コレステロール・水酸化Ｎａ・スクワラン・ゲンチアナエキス・ＥＤＴＡ－２Ｎａ・コメヌカエキス・ＰＥＧ－８・レシチン・ヘキシレングリコール・グレープフルーツ果皮エキス・バクガ液汁・ダイズタンパク・クロミグワ根皮エキス・オオムギエキス・オウゴンエキス・コムギ胚芽エキス・ジアルキル（Ｃ１２－１８）ジモニウムクロリド・ＲＮＡ－Ｎａ・リン酸アスコルビルアミノプロピル・ミクロコッカス溶解液・キュウリ果実エキス・加水分解コメヌカエキス・酸化スズ・酵母エキス・プランクトンエキス・アセチルヘキサペプチド－８・ブドウ果実エキス・黄４・赤５０４・シメチコン・エルゴチオネイン・キサンタンガム・パルミトイルオリゴペプチド・フェノキシエタノール・サリチル酸・ソルビン酸Ｋ<JILN006439>","iln_version_number":"JILN006439","inventory_status":"Active","is_active":true,"is_coming_soon":null,"is_default_sku":false,"is_discountable":true,"is_displayable":null,"is_engravable":null,"is_fragrance":null,"is_giftable":null,"is_giftwrap":false,"is_inactive":null,"is_multi_shaded":null,"is_out_of_stock":null,"is_preorder":false,"is_preorderable":null,"is_promotional":null,"is_replenishable":false,"is_search_suppressed":null,"is_searchable":true,"is_shaded":null,"is_sized":null,"is_sold_out":null,"is_under_weight_hazmat":false,"is_vto_enabled":null,"life_of_product":"Basic Reorder","material_code":"Z7W2010001","media":{"large":[{"alt":"スマート カスタム リペア セラム","height":1200,"position":0,"src":"/media/export/cms/products/1200x1500/cl_sku_Z7W201_1200x1500_0.png","type":"image","width":1500}],"medium":[{"alt":"スマート カスタム リペア セラム","height":600,"position":1,"src":"/media/export/cms/products/600x750/cl_sku_Z7W201_600x750_0.png","type":"image","width":750}],"model":null,"poster":null,"small":[{"alt":"スマート カスタム リペア セラム","height":1200,"position":2,"src":"/media/export/cms/products/1200x1500/cl_sku_Z7W201_1200x1500_0.png","type":"image","width":1500}],"smoosh":null,"xl":null},"out_of_stock_threshold":null,"perlgem":{"SKU_BASE_ID":56006},"preorder_date":null,"prices":[{"currency":"JPY","exclude_tax":{"original_price":14500,"original_price_formatted":"¥14,500","price":14500,"price_formatted":"¥14,500","price_per_unit":null,"price_per_unit_formatted":""},"include_tax":{"original_price":15950,"original_price_formatted":"¥15,950","price":15950,"price_formatted":"¥15,950","price_per_unit":null,"price_per_unit_formatted":""},"is_discounted":false}],"purchase_limit":null,"replenishment":{"message":null},"reviews":{"average_rating":null,"number_of_questions":null,"number_of_reviews":null},"set_components":null,"shade_groups":null,"shades":null,"sizes":[{"key":1,"value":"50mL"}],"skin":{"tone":null,"type":[{"key":"very-dry-skintype","value":"very_dry_skintype"},{"key":"dry-skintype","value":"dry_skintype"},{"key":"combination-skintype","value":"combination_skintype"},{"key":"oily-skintype","value":"oily_skintype"}],"type_description":null},"sku_badge":null,"sku_badge_image":null,"sku_display_order":0,"sku_id":"Z7W201","sku_promo_messaging":null,"sku_type":"SE","sku_url":null,"tags":{"total":8,"items":[{"id":"1676","key":"外的ダメージをケア","value":"外的ダメージをケア。"},{"id":"13303","key":"美容液","value":"美容液"},{"id":"14706","key":"スペシャルケア","value":"スペシャルケア"},{"id":"13304","key":"スペシャルケア","value":"スペシャルケア"},{"id":"1674","key":"ディ-エイジング","value":"ディ-エイジング"},{"id":"18069","key":"価格別10000円","value":"価格別10000円"},{"id":"16741","key":"blackheads","value":"Blackheads"},{"id":"1603","key":"リップグロス","value":"リップグロス"}]},"texture":null,"undertone":null,"unit_of_measure":null,"unit_size":null,"unit_size_formatted":null,"upc":"020714698911","vto":{"is_color_experience":null,"is_foundation_experience":null}}]},"sub_display_name":"スマート カスタム リペア セラム","sub_header":null,"tags":{"total":8,"items":[{"id":"1676","key":"外的ダメージをケア","parent_tag_id":"1674","product_display_order":0,"value":"外的ダメージをケア。"},{"id":"13303","key":"美容液","parent_tag_id":"1667","product_display_order":9,"value":"美容液"},{"id":"14706","key":"スペシャルケア","parent_tag_id":"1667","product_display_order":36,"value":"スペシャルケア"},{"id":"13304","key":"スペシャルケア","parent_tag_id":"1667","product_display_order":34,"value":"スペシャルケア"},{"id":"1674","key":"ディ-エイジング","parent_tag_id":"1667","product_display_order":3,"value":"ディ-エイジング"},{"id":"18069","key":"価格別10000円","parent_tag_id":"1000020","product_display_order":4,"value":"価格別10000円"},{"id":"16741","key":"blackheads","parent_tag_id":"1667","product_display_order":0,"value":"Blackheads"},{"id":"1603","key":"リップグロス","parent_tag_id":"1592","product_display_order":7,"value":"リップグロス"}]},"usage":[{"content":"乳液の後、目の周りを避けて顔全体になじませてください。朝は、その後SPF15以上の日焼け止めの使用をおすすめします。","label":"PRODUCT USAGE","type":"product_usage"},{"content":null,"label":"HOW DOES IT WORK","type":"how_does_it_work"},{"content":null,"label":"WHO IT IS FOR","type":"who_it_is_for"},{"content":null,"label":"GREAT TO KNOW","type":"great_to_know"},{"content":null,"label":"WHAT_IT_DOES","type":"what_it_does"},{"content":null,"label":"WHAT_IT_IS","type":"what_it_is"}],"objectID":"30149"},{"benefit":{"statement":null,"benefits":null},"brand":null,"collection":[{"key":"turnaround-collection","value":"turnaround_collection"}],"coverage":null,"cross_sell":[{"sku_id":"6F3701","sort_key":1},{"sku_id":"60MK01","sort_key":2},{"sku_id":"76X701","sort_key":3},{"sku_id":"60QH01","sort_key":4},{"sku_id":"61EP01","sort_key":5}],"default_category":{"id":"14601","key":"シミそばかすくすみ"},"description":"お休み前のケアで生き生きとしたみずみずしい輝きを与える保湿クリーム。必要なうるおいを肌にしっかりと届け、夜間の正常なターンオーバーが行われる健やかな肌を保ちます。乾燥などの外的ダメージから肌を守り、うるおいを与えます。","display_mode":null,"display_name":"ターンアラウンド オーバーナイト モイスチャライザー","display_status":7,"finish":null,"form":[{"key":"cream-form","value":"cream_form"}],"formula_type":null,"fragrance_family":null,"indexable_keywords":[{"value":"くすみ"},{"value":"角質ケア"},{"value":"ターンアラウンド セラム"},{"value":"ターンアラウンド"},{"value":"ターン アラウンド"},{"value":"くすみ"},{"value":"角質ケア"},{"value":"ターンアラウンド セラム"},{"value":"ターンアラウンド"},{"value":"ターン"}],"is_hazmat":false,"is_product_coming_soon":null,"is_product_displayable":true,"is_product_searchable":true,"is_product_shoppable":true,"is_product_sold_out":null,"is_product_temporarily_out_of_stock":null,"is_search_suppressed":null,"key_ingredient":null,"media":{"large":null,"medium":null,"poster":null,"small":null,"videos":[{"position":null,"poster":{"height":null,"src":null,"width":null},"provider":null,"src":null},{"position":null,"poster":{"height":null,"src":null,"width":null},"provider":null,"src":null},{"position":null,"poster":{"height":null,"src":null,"width":null},"provider":null,"src":null}],"xl":null},"meta":{"description":null,"keywords":null},"parent_category":[{"id":"14601","value":"シミ・そばかす・くすみ"},{"id":"1667","value":"スキンケア"}],"product_badge":null,"product_id":"34020","product_title_tag":null,"product_type":"Other","product_url":"/product/14601/34020/turnaround-overnight-revitalizing-moisturizer","reviews":{"average_rating":null,"number_of_questions":null,"number_of_reviews":null},"shade_groups":null,"short_description":"お休み前のケアで肌をふっくらとなめらかに整え、生き生きとした輝きを与える保湿クリーム。","skin":{"concern":[{"key":"dullness-concern","value":"dullness_concern"}]},"skin_goal":null,"skus":{"total":1,"items":[{"color_family":null,"coverage_options":null,"cross_sell":null,"display_status":7,"finish":null,"finish_options":null,"fragrances":[{"family":null,"key":null,"value":null}],"iln_listing":"水・ＢＧ・パルミチン酸イソステアリル・リシノレイン酸セチル・ジメチコン・スクワラン・ステアリン酸グリセリル・ステアリン酸ＰＥＧ－１００・アセチルグルコサミン・ステアリン酸・セタノール・トレハロース・ヒドロキシカプリン酸・ジカプリン酸ＰＧ・ワセリン・ポリシリコーン－１１・ヒマワリ油粕・トロメタミン・（アクリロイルジメチルタウリンアンモニウム／ＶＰ）コポリマー・カルボマー・カプリリルグリコール・アルギニン・ＲＮＡ－Ｎａ・ポリテトラフルオロエチレン・酢酸トコフェロール・グリセリン・ツクシメナモミエキス・ヒドロキシカプリル酸・ヘキシレングリコール・ＥＤＴＡ－２Ｎａ・オオムギ種子エキス・リン脂質・酵母エキス・エチルヘキシルグリセリン・ヒアルロン酸Ｎａ・レシチン・ＮＡＤＨ－２Ｎａ・キュウリ果実エキス・ミクロコッカス溶解液・ラウリルジモニウムヒドロキシプロピル加水分解ダイズタンパク・ヨーロッパグリエキス・クレアチン・キサンタンガム・アデノシンリン酸・フェノキシエタノール・サリチル酸・クロルフェネシン・ソルビン酸Ｋ・ソルビン酸<JILN006601>","iln_version_number":"JILN006601","inventory_status":"Active","is_active":true,"is_coming_soon":null,"is_default_sku":false,"is_discountable":true,"is_displayable":null,"is_engravable":null,"is_fragrance":null,"is_giftable":null,"is_giftwrap":false,"is_inactive":null,"is_multi_shaded":null,"is_out_of_stock":null,"is_preorder":false,"is_preorderable":null,"is_promotional":null,"is_replenishable":false,"is_search_suppressed":null,"is_searchable":true,"is_shaded":null,"is_sized":null,"is_sold_out":null,"is_under_weight_hazmat":false,"is_vto_enabled":null,"life_of_product":"Basic Reorder","material_code":"ZCTJ010001","media":{"large":[{"alt":"ターンアラウンド オーバーナイト モイスチャライザー","height":1200,"position":0,"src":"/media/export/cms/products/1200x1500/cl_sku_ZCTJ01_1200x1500_0.png","type":"image","width":1500}],"medium":[{"alt":"ターンアラウンド オーバーナイト モイスチャライザー","height":600,"position":1,"src":"/media/export/cms/products/600x750/cl_sku_ZCTJ01_600x750_0.png","type":"image","width":750}],"model":null,"poster":null,"small":[{"alt":"ターンアラウンド オーバーナイト モイスチャライザー","height":1200,"position":2,"src":"/media/export/cms/products/1200x1500/cl_sku_ZCTJ01_1200x1500_0.png","type":"image","width":1500}],"smoosh":null,"xl":null},"out_of_stock_threshold":null,"perlgem":{"SKU_BASE_ID":60455},"preorder_date":null,"prices":[{"currency":"JPY","exclude_tax":{"original_price":6500,"original_price_formatted":"¥6,500","price":6500,"price_formatted":"¥6,500","price_per_unit":null,"price_per_unit_formatted":""},"include_tax":{"original_price":7150,"original_price_formatted":"¥7,150","price":7150,"price_formatted":"¥7,150","price_per_unit":null,"price_per_unit_formatted":""},"is_discounted":false}],"purchase_limit":null,"replenishment":{"message":null},"reviews":{"average_rating":null,"number_of_questions":null,"number_of_reviews":null},"set_components":null,"shade_groups":null,"shades":null,"sizes":[{"key":1,"value":"50mL"}],"skin":{"tone":null,"type":[{"key":"very-dry-skintype","value":"very_dry_skintype"},{"key":"combination-skintype","value":"combination_skintype"},{"key":"dry-skintype","value":"dry_skintype"},{"key":"oily-skintype","value":"oily_skintype"}],"type_description":null},"sku_badge":null,"sku_badge_image":null,"sku_display_order":0,"sku_id":"ZCTJ01","sku_promo_messaging":null,"sku_type":"SE","sku_url":null,"tags":{"total":5,"items":[{"id":"13302","key":"クリーム","value":"クリーム"},{"id":"14601","key":"シミそばかすくすみ","value":"シミ・そばかす・くすみ"},{"id":"13301","key":"乳液クリーム","value":"乳液・クリーム"},{"id":"1687","key":"乾燥","value":"乾燥"},{"id":"27172","key":"day5flashsale","value":"Day5FlashSale"}]},"texture":null,"undertone":null,"unit_of_measure":null,"unit_size":null,"unit_size_formatted":null,"upc":"020714732202","vto":{"is_color_experience":null,"is_foundation_experience":null}}]},"sub_display_name":"ターンアラウンド オーバーナイト モイスチャライザー","sub_header":null,"tags":{"total":6,"items":[{"id":"13302","key":"クリーム","parent_tag_id":"1667","product_display_order":0,"value":"クリーム"},{"id":"14601","key":"シミそばかすくすみ","parent_tag_id":"1667","product_display_order":3,"value":"シミ・そばかす・くすみ"},{"id":"13301","key":"乳液クリーム","parent_tag_id":"1667","product_display_order":22,"value":"乳液・クリーム"},{"id":"1687","key":"乾燥","parent_tag_id":"1667","product_display_order":110,"value":"乾燥"},{"id":"1680","key":"daily-renewal","parent_tag_id":"1679","product_display_order":0,"value":"Daily Renewal"},{"id":"27172","key":"day5flashsale","parent_tag_id":"1590","product_display_order":93,"value":"Day5FlashSale"}]},"usage":[{"content":"<ul><li>クリニークの3ステップ スキンケア（ソープ・ローション・乳液）で、最高の美しさを。</li><li>目の周りは避け、夜のお手入れの際に顔や首もとにお使いください。</li></ul>","label":"PRODUCT USAGE","type":"product_usage"},{"content":null,"label":"HOW DOES IT WORK","type":"how_does_it_work"},{"content":null,"label":"WHO IT IS FOR","type":"who_it_is_for"},{"content":null,"label":"GREAT TO KNOW","type":"great_to_know"},{"content":null,"label":"WHAT_IT_DOES","type":"what_it_does"},{"content":null,"label":"WHAT_IT_IS","type":"what_it_is"}],"objectID":"34020"},{"benefit":{"statement":null,"benefits":null},"brand":null,"collection":null,"coverage":null,"cross_sell":[{"sku_id":"720R01","sort_key":1},{"sku_id":"720T01","sort_key":2}],"default_category":{"id":"14706","key":"スペシャルケア"},"description":"皮脂や汚れを吸着し、肌を清潔でマットな状態に整えるチャコール カラーのマスク。皮脂吸着パウダーが毛穴の奥に溜まった汚れや古い角質を取り除きます。フレッシュで、なめらかな肌に。","display_mode":null,"display_name":"リファイニング ソリューションズ チャコール マスク","display_status":7,"finish":null,"form":null,"formula_type":null,"fragrance_family":null,"indexable_keywords":[{"value":"毛穴"},{"value":"けあな"},{"value":"ざらつき"},{"value":"ザラつき"},{"value":"マスク"},{"value":"フェースマスク"}],"is_hazmat":false,"is_product_coming_soon":null,"is_product_displayable":true,"is_product_searchable":true,"is_product_shoppable":true,"is_product_sold_out":null,"is_product_temporarily_out_of_stock":null,"is_search_suppressed":null,"key_ingredient":null,"media":{"large":null,"medium":null,"poster":null,"small":null,"videos":[{"position":null,"poster":{"height":null,"src":null,"width":null},"provider":"YouTube","src":null},{"position":null,"poster":{"height":null,"src":null,"width":null},"provider":"YouTube","src":null},{"position":null,"poster":{"height":null,"src":null,"width":null},"provider":"YouTube","src":null}],"xl":null},"meta":{"description":null,"keywords":"毛穴,けあな,ざらつき,ザラつき,マスク,フェースマスク"},"parent_category":[{"id":"14706","value":"スペシャルケア"},{"id":"1667","value":"スキンケア"}],"product_badge":null,"product_id":"34285","product_title_tag":null,"product_type":"Other","product_url":"/product/14706/34285/-/pore-refining-solutions-charcoal-mask","reviews":{"average_rating":null,"number_of_questions":null,"number_of_reviews":null},"shade_groups":null,"short_description":"皮脂や汚れを吸着し、肌を清潔でマットな状態に整えるチャコール カラーのマスク。皮脂吸着パウダーが毛穴の奥に溜まった汚れや古い角質を取り除きます。フレッシュで、なめらかな肌に。","skin":null,"skin_goal":null,"skus":{"total":1,"items":[{"color_family":null,"coverage_options":null,"cross_sell":null,"display_status":7,"finish":null,"finish_options":null,"fragrances":[{"family":null,"key":null,"value":null}],"iln_listing":"水・カオリン・ＢＧ・ベントナイト・モンモリロナイト・ポリソルベート２０・ステアリン酸ＰＥＧ－１００・グリセリン・炭・キサンタンガム・レシチン・スクロース・エチルヘキシルグリセリン・カプリリルグリコール・ジステアリン酸ＰＥＧ－１５０・ステアリン酸ＰＧ・シメチコン・ラウリン酸ソルビタン・ヘキシレングリコール・ラウリン酸ＰＧ・ＥＤＴＡ－３Ｎａ・カフェイン・ヒアルロン酸Ｎａ・カラフトコンブエキス・ガラクトアラビナン・フェノキシエタノール　＋／－　酸化鉄<JILN006931>","iln_version_number":"JILN006931","inventory_status":"Active","is_active":true,"is_coming_soon":null,"is_default_sku":false,"is_discountable":true,"is_displayable":null,"is_engravable":null,"is_fragrance":null,"is_giftable":null,"is_giftwrap":false,"is_inactive":null,"is_multi_shaded":null,"is_out_of_stock":null,"is_preorder":false,"is_preorderable":null,"is_promotional":null,"is_replenishable":false,"is_search_suppressed":null,"is_searchable":true,"is_shaded":null,"is_sized":null,"is_sold_out":null,"is_under_weight_hazmat":false,"is_vto_enabled":null,"life_of_product":"Basic Reorder","material_code":"ZC7E010001","media":{"large":[{"alt":"リファイニング ソリューションズ チャコール マスク","height":1200,"position":0,"src":"/media/export/cms/products/1200x1500/cl_sku_ZC7E01_1200x1500_0.png","type":"image","width":1500}],"medium":[{"alt":"リファイニング ソリューションズ チャコール マスク","height":600,"position":1,"src":"/media/export/cms/products/600x750/cl_sku_ZC7E01_600x750_0.png","type":"image","width":750}],"model":null,"poster":null,"small":[{"alt":"リファイニング ソリューションズ チャコール マスク","height":1200,"position":2,"src":"/media/export/cms/products/1200x1500/cl_sku_ZC7E01_1200x1500_0.png","type":"image","width":1500}],"smoosh":null,"xl":null},"out_of_stock_threshold":null,"perlgem":{"SKU_BASE_ID":60796},"preorder_date":null,"prices":[{"currency":"JPY","exclude_tax":{"original_price":3000,"original_price_formatted":"¥3,000","price":3000,"price_formatted":"¥3,000","price_per_unit":null,"price_per_unit_formatted":""},"include_tax":{"original_price":3300,"original_price_formatted":"¥3,300","price":3300,"price_formatted":"¥3,300","price_per_unit":null,"price_per_unit_formatted":""},"is_discounted":false}],"purchase_limit":null,"replenishment":{"message":null},"reviews":{"average_rating":null,"number_of_questions":null,"number_of_reviews":null},"set_components":null,"shade_groups":null,"shades":null,"sizes":[{"key":1,"value":"100g"}],"skin":{"tone":null,"type":null,"type_description":null},"sku_badge":null,"sku_badge_image":null,"sku_display_order":0,"sku_id":"ZC7E01","sku_promo_messaging":null,"sku_type":"SE","sku_url":null,"tags":{"total":4,"items":[{"id":"15036","key":"マスク","value":"マスク"},{"id":"14706","key":"スペシャルケア","value":"スペシャルケア"},{"id":"13304","key":"スペシャルケア","value":"スペシャルケア"},{"id":"1688","key":"毛穴","value":"毛穴"}]},"texture":null,"undertone":null,"unit_of_measure":null,"unit_size":null,"unit_size_formatted":null,"upc":"020714727215","vto":{"is_color_experience":null,"is_foundation_experience":null}}]},"sub_display_name":"リファイニング ソリューションズ チャコール マスク","sub_header":null,"tags":{"total":4,"items":[{"id":"15036","key":"マスク","parent_tag_id":"1667","product_display_order":2,"value":"マスク"},{"id":"14706","key":"スペシャルケア","parent_tag_id":"1667","product_display_order":20,"value":"スペシャルケア"},{"id":"13304","key":"スペシャルケア","parent_tag_id":"1667","product_display_order":36,"value":"スペシャルケア"},{"id":"1688","key":"毛穴","parent_tag_id":"1667","product_display_order":0,"value":"毛穴"}]},"usage":[{"content":"<UL><LI>清潔で乾いた肌に、目のまわりを避けて薄く伸ばします。</LI><LI>マスクが乾くまで５－１０分お待ちください。</LI><LI>その後、よく洗い流してください。週に１－２回、または必要に応じてお使いください。混合～脂性肌用。</LI></UL>","label":"PRODUCT USAGE","type":"product_usage"},{"content":null,"label":"HOW DOES IT WORK","type":"how_does_it_work"},{"content":null,"label":"WHO IT IS FOR","type":"who_it_is_for"},{"content":null,"label":"GREAT TO KNOW","type":"great_to_know"},{"content":null,"label":"WHAT_IT_DOES","type":"what_it_does"},{"content":null,"label":"WHAT_IT_IS","type":"what_it_is"}],"objectID":"34285"},{"benefit":{"statement":null,"benefits":null},"brand":null,"collection":null,"coverage":null,"cross_sell":[{"sku_id":"ZA1N02","sort_key":1},{"sku_id":"ZAMN01","sort_key":2},{"sku_id":"71FJ05","sort_key":3}],"default_category":{"id":"1593","key":"チーク"},"description":"<P>顔立ち、くっきり効果。<BR>繰り出して使用する、美しい奥行きを創るシャドウ用スティック。<BR>顔の輪郭に奥行きを創り、フェースラインにシャープさを与えメリハリ感のある立体小顔へ。</P>","display_mode":null,"display_name":"チャビー スティック スカルプティング コントゥール (シャドウ用スティック）","display_status":7,"finish":null,"form":null,"formula_type":null,"fragrance_family":null,"indexable_keywords":null,"is_hazmat":false,"is_product_coming_soon":null,"is_product_displayable":true,"is_product_searchable":true,"is_product_shoppable":true,"is_product_sold_out":null,"is_product_temporarily_out_of_stock":null,"is_search_suppressed":null,"key_ingredient":null,"media":{"large":null,"medium":null,"poster":null,"small":null,"videos":[{"position":null,"poster":{"height":null,"src":null,"width":null},"provider":null,"src":null},{"position":null,"poster":{"height":null,"src":null,"width":null},"provider":null,"src":null},{"position":null,"poster":{"height":null,"src":null,"width":null},"provider":null,"src":null}],"xl":null},"meta":{"description":null,"keywords":null},"parent_category":[{"id":"1593","value":"チーク"},{"id":"1592","value":"メーク"}],"product_badge":null,"product_id":"34749","product_title_tag":null,"product_type":"Shaded","product_url":"/product/1593/34749/-/chubby-stick-sculpting-countour","reviews":{"average_rating":null,"number_of_questions":null,"number_of_reviews":null},"shade_groups":null,"short_description":"顔立ち、くっきり効果。<BR>繰り出して使用する、美しい奥行きを創るシャドウ用スティック。顔の輪郭に奥行きを創り、フェースラインにシャープさを与えメリハリ感のある立体小顔へ。","skin":null,"skin_goal":null,"skus":{"total":1,"items":[{"color_family":null,"coverage_options":null,"cross_sell":null,"display_status":7,"finish":null,"finish_options":null,"fragrances":[{"family":null,"key":null,"value":null}],"iln_listing":"イソノナン酸イソデシル・ポリエチレン・ジ（カプリル／カプリン酸）ＰＧ・（ＨＤＩ／トリメチロールヘキシルラクトン）クロスポリマー・キャンデリラロウ・ビスジグリセリルポリアシルアジペート－２・ジリノール酸ジイソプロピル・オゾケライト・スクワラン・セレシン・水添ポリイソブテン・シリカ・オクチルドデカノール・イソステアリン酸フィトステリル・酢酸トコフェロール・ラウロイルリシン・レシチン・合成ミツロウ・カプリリルグリコール・ＰＣＡラウリル・（エチレン／プロピレン／スチレン）コポリマー・オリザノール・ジステアルジモニウムヘクトライト・炭酸プロピレン・（ブチレン／エチレン／スチレン）コポリマー・アルミナ　＋／－　マイカ・酸化鉄・酸化チタン・合成金雲母・酸化スズ<JILN006702>","iln_version_number":"JILN006702","inventory_status":"Active","is_active":true,"is_coming_soon":null,"is_default_sku":false,"is_discountable":true,"is_displayable":null,"is_engravable":null,"is_fragrance":null,"is_giftable":null,"is_giftwrap":false,"is_inactive":null,"is_multi_shaded":null,"is_out_of_stock":null,"is_preorder":false,"is_preorderable":null,"is_promotional":null,"is_replenishable":false,"is_search_suppressed":null,"is_searchable":true,"is_shaded":null,"is_sized":null,"is_sold_out":null,"is_under_weight_hazmat":false,"is_vto_enabled":null,"life_of_product":"Basic Reorder","material_code":"ZCP7010D91","media":{"large":[{"alt":"チャビー スティック スカルプティング コントゥール (シャドウ用スティック）","height":1200,"position":1,"src":"/media/export/cms/products/1200x1500/cl_sku_ZCP701_1200x1500_0.png","type":"image","width":1500}],"medium":[{"alt":"チャビー スティック スカルプティング コントゥール (シャドウ用スティック）","height":600,"position":2,"src":"/media/export/cms/products/600x750/cl_sku_ZCP701_600x750_0.png","type":"image","width":750}],"model":null,"poster":null,"small":[{"alt":"チャビー スティック スカルプティング コントゥール (シャドウ用スティック）","height":1200,"position":3,"src":"/media/export/cms/products/1200x1500/cl_sku_ZCP701_1200x1500_0.png","type":"image","width":1500}],"smoosh":[{"alt":"チャビー スティック スカルプティング コントゥール (シャドウ用スティック）","height":1200,"position":0,"src":"/media/export/cms/products/1200x1500/swatches_v3/82_ns_ng.png","type":"image","width":1500}],"xl":null},"out_of_stock_threshold":null,"perlgem":{"SKU_BASE_ID":61376},"preorder_date":null,"prices":[{"currency":"JPY","exclude_tax":{"original_price":3500,"original_price_formatted":"¥3,500","price":3500,"price_formatted":"¥3,500","price_per_unit":null,"price_per_unit_formatted":""},"include_tax":{"original_price":3850,"original_price_formatted":"¥3,850","price":3850,"price_formatted":"¥3,850","price_per_unit":null,"price_per_unit_formatted":""},"is_discounted":false}],"purchase_limit":null,"replenishment":{"message":null},"reviews":{"average_rating":null,"number_of_questions":null,"number_of_reviews":null},"set_components":null,"shade_groups":null,"shades":[{"description":"","hex_val":"#995239","image":{"height":null,"src":"","width":null},"name":"01 カーヴィー コントゥール","smoosh_design":{"group_id":null,"name":"82::none::none"}}],"sizes":[{"key":1,"value":"6g"}],"skin":{"tone":null,"type":null,"type_description":null},"sku_badge":null,"sku_badge_image":null,"sku_display_order":0,"sku_id":"ZCP701","sku_promo_messaging":null,"sku_type":"SE","sku_url":null,"tags":{"total":4,"items":[{"id":"4323","key":"just-arrived","value":"Just Arrived"},{"id":"14346","key":"contouring","value":"Contouring"},{"id":"1593","key":"チーク","value":"チーク"},{"id":"1594","key":"bronzers","value":"Bronzers"}]},"texture":null,"undertone":null,"unit_of_measure":null,"unit_size":null,"unit_size_formatted":null,"upc":"020714731847","vto":{"is_color_experience":null,"is_foundation_experience":null}}]},"sub_display_name":"チャビー スティック スカルプティング コントゥール (シャドウ用スティック）","sub_header":null,"tags":{"total":4,"items":[{"id":"4323","key":"just-arrived","parent_tag_id":null,"product_display_order":0,"value":"Just Arrived"},{"id":"14346","key":"contouring","parent_tag_id":"1592","product_display_order":1,"value":"Contouring"},{"id":"1593","key":"チーク","parent_tag_id":"1592","product_display_order":17,"value":"チーク"},{"id":"1594","key":"bronzers","parent_tag_id":"1592","product_display_order":0,"value":"Bronzers"}]},"usage":[{"content":null,"label":"PRODUCT USAGE","type":"product_usage"},{"content":null,"label":"HOW DOES IT WORK","type":"how_does_it_work"},{"content":null,"label":"WHO IT IS FOR","type":"who_it_is_for"},{"content":null,"label":"GREAT TO KNOW","type":"great_to_know"},{"content":null,"label":"WHAT_IT_DOES","type":"what_it_does"},{"content":null,"label":"WHAT_IT_IS","type":"what_it_is"}],"objectID":"34749"},{"benefit":{"statement":null,"benefits":null},"brand":null,"collection":null,"coverage":null,"cross_sell":[{"sku_id":"Z76001","sort_key":1},{"sku_id":"ZCW701","sort_key":2}],"default_category":{"id":"1668","key":"アクネ"},"description":"洗いながらニキビを防ぐ。 アクネ シリーズの薬用ジェル状洗顔料。＜医薬部外品＞<BR>皮膚科医の理論に着目し、開発されたアクネ洗顔料。<BR>①殺菌 ②皮脂コントロール ③刺激に敏感な肌のコンディションを整える　④古い角質を取り除く　<BR>4つのアプローチで積極的にケア。<BR>豊かな泡立ちで皮脂や汚れ、毛穴のつまりを取り除き、ニキビを防いでくれます。<BR>","display_mode":null,"display_name":"アクネ クレンジング ジェル(医薬部外品）","display_status":7,"finish":null,"form":null,"formula_type":null,"fragrance_family":null,"indexable_keywords":null,"is_hazmat":false,"is_product_coming_soon":null,"is_product_displayable":true,"is_product_searchable":true,"is_product_shoppable":true,"is_product_sold_out":null,"is_product_temporarily_out_of_stock":null,"is_search_suppressed":null,"key_ingredient":null,"media":{"large":null,"medium":null,"poster":null,"small":null,"videos":[{"position":null,"poster":{"height":null,"src":null,"width":null},"provider":"YouTube","src":null},{"position":null,"poster":{"height":null,"src":null,"width":null},"provider":"YouTube","src":null},{"position":null,"poster":{"height":null,"src":null,"width":null},"provider":"YouTube","src":null}],"xl":null},"meta":{"description":"洗いながらニキビを防ぐ。 アクネ シリーズの薬用ジェル状洗顔料。","keywords":"アクネ, ニキビ, 洗顔料, 薬用, 皮脂コントロール, 泡"},"parent_category":[{"id":"1668","value":"アクネ"},{"id":"1667","value":"スキンケア"}],"product_badge":null,"product_id":"34750","product_title_tag":null,"product_type":"Other","product_url":"/product/1668/34750/acne-solutions-cleansing-gel","reviews":{"average_rating":null,"number_of_questions":null,"number_of_reviews":null},"shade_groups":null,"short_description":"洗いながらニキビを防ぐ。 アクネ シリーズの薬用ジェル状洗顔料。＜医薬部外品＞","skin":null,"skin_goal":null,"skus":{"total":1,"items":[{"color_family":null,"coverage_options":null,"cross_sell":null,"display_status":7,"finish":null,"finish_options":null,"fragrances":[{"family":null,"key":null,"value":null}],"iln_listing":"サリチル酸*、精製水、濃グリセリン、ポリオキシエチレンラウリルエーテル硫酸塩、塩化ナトリウム、ラウリン酸アミドプロピルベタイン液、１，３－ブチレングリコール、白糖、Ｎ－アセチルグルコサミン、ポリオキシエチレンラウリルエーテル（２Ｅ．Ｏ．）、水酸化ナトリウム、硫酸ナトリウム、無水カフェイン、ヒドロキシメトキシベンゾフェノンスルホン酸、ゲンチアナエキス、ジブチルヒドロキシトルエン、エデト酸塩、海藻エキス（４）、青色１号、ヒアルロン酸ナトリウム（２）、エデト酸、ベンジルアルコール、フェノキシエタノール、メチルクロロイソチアゾリノン・メチルイソチアゾリノン液、安息香酸塩<QDILN000250>　*は有効成分　無印はその他の成分","iln_version_number":null,"inventory_status":"Active","is_active":true,"is_coming_soon":null,"is_default_sku":false,"is_discountable":true,"is_displayable":null,"is_engravable":null,"is_fragrance":null,"is_giftable":null,"is_giftwrap":false,"is_inactive":null,"is_multi_shaded":null,"is_out_of_stock":null,"is_preorder":false,"is_preorderable":null,"is_promotional":null,"is_replenishable":false,"is_search_suppressed":null,"is_searchable":true,"is_shaded":null,"is_sized":null,"is_sold_out":null,"is_under_weight_hazmat":false,"is_vto_enabled":null,"life_of_product":"Basic Reorder","material_code":"Z6G8011001","media":{"large":[{"alt":"アクネ クレンジング ジェル(医薬部外品）","height":1200,"position":0,"src":"/media/export/cms/products/1200x1500/cl_sku_Z6G801_1200x1500_0.png","type":"image","width":1500}],"medium":[{"alt":"アクネ クレンジング ジェル(医薬部外品）","height":600,"position":1,"src":"/media/export/cms/products/600x750/cl_sku_Z6G801_600x750_0.png","type":"image","width":750}],"model":null,"poster":null,"small":[{"alt":"アクネ クレンジング ジェル(医薬部外品）","height":1200,"position":2,"src":"/media/export/cms/products/1200x1500/cl_sku_Z6G801_1200x1500_0.png","type":"image","width":1500}],"smoosh":null,"xl":null},"out_of_stock_threshold":null,"perlgem":{"SKU_BASE_ID":61377},"preorder_date":null,"prices":[{"currency":"JPY","exclude_tax":{"original_price":3200,"original_price_formatted":"¥3,200","price":3200,"price_formatted":"¥3,200","price_per_unit":null,"price_per_unit_formatted":""},"include_tax":{"original_price":3520,"original_price_formatted":"¥3,520","price":3520,"price_formatted":"¥3,520","price_per_unit":null,"price_per_unit_formatted":""},"is_discounted":false}],"purchase_limit":null,"replenishment":{"message":null},"reviews":{"average_rating":null,"number_of_questions":null,"number_of_reviews":null},"set_components":null,"shade_groups":null,"shades":null,"sizes":[{"key":1,"value":"125mL"}],"skin":{"tone":null,"type":null,"type_description":null},"sku_badge":null,"sku_badge_image":null,"sku_display_order":0,"sku_id":"Z6G801","sku_promo_messaging":null,"sku_type":"SE","sku_url":null,"tags":{"total":6,"items":[{"id":"4323","key":"just-arrived","value":"Just Arrived"},{"id":"1673","key":"クレンジング洗顔","value":"クレンジング・洗顔"},{"id":"14598","key":"アクネ","value":"アクネ"},{"id":"1668","key":"アクネ","value":"アクネ"},{"id":"1572","key":"ステップ１洗う","value":"ステップ１：洗う"},{"id":"16741","key":"blackheads","value":"Blackheads"}]},"texture":null,"undertone":null,"unit_of_measure":null,"unit_size":null,"unit_size_formatted":null,"upc":"020714687977","vto":{"is_color_experience":null,"is_foundation_experience":null}}]},"sub_display_name":"アクネ クレンジング ジェル(医薬部外品）","sub_header":null,"tags":{"total":6,"items":[{"id":"4323","key":"just-arrived","parent_tag_id":null,"product_display_order":16,"value":"Just Arrived"},{"id":"1673","key":"クレンジング洗顔","parent_tag_id":"1667","product_display_order":5,"value":"クレンジング・洗顔"},{"id":"14598","key":"アクネ","parent_tag_id":"1570","product_display_order":4,"value":"アクネ"},{"id":"1668","key":"アクネ","parent_tag_id":"1667","product_display_order":10,"value":"アクネ"},{"id":"1572","key":"ステップ１洗う","parent_tag_id":"1570","product_display_order":15,"value":"ステップ１：洗う"},{"id":"16741","key":"blackheads","parent_tag_id":"1667","product_display_order":15,"value":"Blackheads"}]},"usage":[{"content":"朝と夜、顔を濡らし、目の中に入らないよう注意しながら顔全体を泡で優しくつつみこむように洗い、よくすすいでください。","label":"PRODUCT USAGE","type":"product_usage"},{"content":"1. 殺菌 2. 皮脂コントロール 3. 刺激に敏感な肌のコンディションを整える　4. 古い角質を取り除く","label":"HOW DOES IT WORK","type":"how_does_it_work"},{"content":null,"label":"WHO IT IS FOR","type":"who_it_is_for"},{"content":null,"label":"GREAT TO KNOW","type":"great_to_know"},{"content":null,"label":"WHAT_IT_DOES","type":"what_it_does"},{"content":null,"label":"WHAT_IT_IS","type":"what_it_is"}],"objectID":"34750"},{"benefit":{"statement":null,"benefits":null},"brand":null,"collection":null,"coverage":null,"cross_sell":[{"sku_id":"75X301","sort_key":1},{"sku_id":"7PWK15","sort_key":2},{"sku_id":"7PL209","sort_key":3},{"sku_id":"6AJX01","sort_key":4}],"default_category":{"id":"1593","key":"チーク"},"description":"色を重ねれば、小顔印象。<BR>ハイライト、ブラッシュ、コントゥール、3つの効果をパレットひとつに。<BR>計算尽くされた3色を、頬へ順に重ねるだけで、誰もが簡単に小顔印象へ。<BR>時間が足りずさっと輝きたいときは、3色を混ぜてそのままのせてもOK.<BR>どんな肌色にも合う色味で、キラキラとした自然な輝きを放ちます。","display_mode":null,"display_name":"スカルプショナリー チーク コントゥーリング パレット","display_status":7,"finish":null,"form":null,"formula_type":null,"fragrance_family":null,"indexable_keywords":null,"is_hazmat":false,"is_product_coming_soon":null,"is_product_displayable":true,"is_product_searchable":true,"is_product_shoppable":true,"is_product_sold_out":null,"is_product_temporarily_out_of_stock":null,"is_search_suppressed":null,"key_ingredient":null,"media":{"large":null,"medium":null,"poster":null,"small":null,"videos":[{"position":null,"poster":{"height":null,"src":null,"width":null},"provider":null,"src":null},{"position":null,"poster":{"height":null,"src":null,"width":null},"provider":null,"src":null},{"position":null,"poster":{"height":null,"src":null,"width":null},"provider":null,"src":null}],"xl":null},"meta":{"description":null,"keywords":null},"parent_category":[{"id":"1593","value":"チーク"},{"id":"1592","value":"メーク"}],"product_badge":null,"product_id":"34892","product_title_tag":null,"product_type":"Shaded","product_url":"/product/1593/34892/-/sculptionary-cheek-contouring-palette","reviews":{"average_rating":null,"number_of_questions":null,"number_of_reviews":null},"shade_groups":null,"short_description":"色を重ねれば、小顔印象。<BR>ハイライト、ブラッシュ、コントゥール、3つの効果をパレットひとつに。<BR>計算尽くされた3色を、頬へ順に重ねるだけで、誰もが簡単に小顔印象へ。時間が足りずさっと輝きたいときは、3色を混ぜてそのままのせてもOK.","skin":null,"skin_goal":null,"skus":{"total":2,"items":[{"color_family":null,"coverage_options":null,"cross_sell":null,"display_status":7,"finish":null,"finish_options":null,"fragrances":[{"family":null,"key":null,"value":null}],"iln_listing":null,"iln_version_number":null,"inventory_status":"Active","is_active":true,"is_coming_soon":null,"is_default_sku":false,"is_discountable":true,"is_displayable":null,"is_engravable":null,"is_fragrance":null,"is_giftable":null,"is_giftwrap":false,"is_inactive":null,"is_multi_shaded":null,"is_out_of_stock":null,"is_preorder":false,"is_preorderable":null,"is_promotional":null,"is_replenishable":false,"is_search_suppressed":null,"is_searchable":true,"is_shaded":null,"is_sized":null,"is_sold_out":null,"is_under_weight_hazmat":false,"is_vto_enabled":null,"life_of_product":"Basic Reorder","material_code":"ZAMN010001","media":{"large":[{"alt":"スカルプショナリー チーク コントゥーリング パレット","height":1200,"position":1,"src":"/media/export/cms/products/1200x1500/cl_sku_ZAMN01_1200x1500_0.png","type":"image","width":1500}],"medium":[{"alt":"スカルプショナリー チーク コントゥーリング パレット","height":600,"position":2,"src":"/media/export/cms/products/600x750/cl_sku_ZAMN01_600x750_0.png","type":"image","width":750}],"model":null,"poster":null,"small":[{"alt":"スカルプショナリー チーク コントゥーリング パレット","height":1200,"position":3,"src":"/media/export/cms/products/1200x1500/cl_sku_ZAMN01_1200x1500_0.png","type":"image","width":1500}],"smoosh":[{"alt":"スカルプショナリー チーク コントゥーリング パレット","height":1200,"position":0,"src":"/media/export/cms/products/1200x1500/swatches_v3/none_s_g.png","type":"image","width":1500}],"xl":null},"out_of_stock_threshold":null,"perlgem":{"SKU_BASE_ID":61654},"preorder_date":null,"prices":[{"currency":"JPY","exclude_tax":{"original_price":4200,"original_price_formatted":"¥4,200","price":4200,"price_formatted":"¥4,200","price_per_unit":null,"price_per_unit_formatted":""},"include_tax":{"original_price":4620,"original_price_formatted":"¥4,620","price":4620,"price_formatted":"¥4,620","price_per_unit":null,"price_per_unit_formatted":""},"is_discounted":false}],"purchase_limit":null,"replenishment":{"message":null},"reviews":{"average_rating":null,"number_of_questions":null,"number_of_reviews":null},"set_components":null,"shade_groups":null,"shades":[{"description":"","hex_val":"#f5cdc4","image":{"height":null,"src":"","width":null},"name":"01 ディファイニング ネクター","smoosh_design":{"group_id":null,"name":"none"}}],"sizes":[{"key":1,"value":"9g"}],"skin":{"tone":null,"type":null,"type_description":null},"sku_badge":null,"sku_badge_image":null,"sku_display_order":0,"sku_id":"ZAMN01","sku_promo_messaging":null,"sku_type":"SE","sku_url":null,"tags":{"total":10,"items":[{"id":"4323","key":"just-arrived","value":"Just Arrived"},{"id":"14346","key":"contouring","value":"Contouring"},{"id":"1594","key":"bronzers","value":"Bronzers"},{"id":"27172","key":"day5flashsale","value":"Day5FlashSale"},{"id":"1602","key":"セットギフト","value":"セット&ギフト"},{"id":"1585","key":"gift-center","value":"Gift Center"},{"id":"13561","key":"holiday-2014","value":"Holiday 2014"},{"id":"27174","key":"day7flashsale","value":"Day7FlashSale"},{"id":"1593","key":"チーク","value":"チーク"},{"id":"27171","key":"day4flashsale","value":"Day4FlashSale"}]},"texture":null,"undertone":null,"unit_of_measure":null,"unit_size":null,"unit_size_formatted":null,"upc":"020714722418","vto":{"is_color_experience":null,"is_foundation_experience":null}},{"color_family":null,"coverage_options":null,"cross_sell":null,"display_status":7,"finish":null,"finish_options":null,"fragrances":[{"family":null,"key":null,"value":null}],"iln_listing":null,"iln_version_number":null,"inventory_status":"Active","is_active":true,"is_coming_soon":null,"is_default_sku":false,"is_discountable":true,"is_displayable":null,"is_engravable":null,"is_fragrance":null,"is_giftable":null,"is_giftwrap":false,"is_inactive":null,"is_multi_shaded":null,"is_out_of_stock":null,"is_preorder":false,"is_preorderable":null,"is_promotional":null,"is_replenishable":false,"is_search_suppressed":null,"is_searchable":true,"is_shaded":null,"is_sized":null,"is_sold_out":null,"is_under_weight_hazmat":false,"is_vto_enabled":null,"life_of_product":"Basic Reorder","material_code":"ZAMN020001","media":{"large":[{"alt":"スカルプショナリー チーク コントゥーリング パレット","height":1200,"position":1,"src":"/media/export/cms/products/1200x1500/cl_sku_ZAMN02_1200x1500_0.png","type":"image","width":1500}],"medium":[{"alt":"スカルプショナリー チーク コントゥーリング パレット","height":600,"position":2,"src":"/media/export/cms/products/600x750/cl_sku_ZAMN02_600x750_0.png","type":"image","width":750}],"model":null,"poster":null,"small":[{"alt":"スカルプショナリー チーク コントゥーリング パレット","height":1200,"position":3,"src":"/media/export/cms/products/1200x1500/cl_sku_ZAMN02_1200x1500_0.png","type":"image","width":1500}],"smoosh":[{"alt":"スカルプショナリー チーク コントゥーリング パレット","height":1200,"position":0,"src":"/media/export/cms/products/1200x1500/swatches_v3/57_ns_ng.png","type":"image","width":1500}],"xl":null},"out_of_stock_threshold":null,"perlgem":{"SKU_BASE_ID":61657},"preorder_date":null,"prices":[{"currency":"JPY","exclude_tax":{"original_price":4200,"original_price_formatted":"¥4,200","price":4200,"price_formatted":"¥4,200","price_per_unit":null,"price_per_unit_formatted":""},"include_tax":{"original_price":4620,"original_price_formatted":"¥4,620","price":4620,"price_formatted":"¥4,620","price_per_unit":null,"price_per_unit_formatted":""},"is_discounted":false}],"purchase_limit":null,"replenishment":{"message":null},"reviews":{"average_rating":null,"number_of_questions":null,"number_of_reviews":null},"set_components":null,"shade_groups":null,"shades":[{"description":"","hex_val":"#c57c82","image":{"height":null,"src":"","width":null},"name":"02 ディファイニング ベリー","smoosh_design":{"group_id":null,"name":"57::none::none"}}],"sizes":[{"key":1,"value":"9g"}],"skin":{"tone":null,"type":null,"type_description":null},"sku_badge":null,"sku_badge_image":null,"sku_display_order":1,"sku_id":"ZAMN02","sku_promo_messaging":null,"sku_type":"SE","sku_url":null,"tags":{"total":9,"items":[{"id":"4323","key":"just-arrived","value":"Just Arrived"},{"id":"14346","key":"contouring","value":"Contouring"},{"id":"1594","key":"bronzers","value":"Bronzers"},{"id":"27172","key":"day5flashsale","value":"Day5FlashSale"},{"id":"1602","key":"セットギフト","value":"セット&ギフト"},{"id":"13561","key":"holiday-2014","value":"Holiday 2014"},{"id":"27174","key":"day7flashsale","value":"Day7FlashSale"},{"id":"1593","key":"チーク","value":"チーク"},{"id":"27171","key":"day4flashsale","value":"Day4FlashSale"}]},"texture":null,"undertone":null,"unit_of_measure":null,"unit_size":null,"unit_size_formatted":null,"upc":"020714722425","vto":{"is_color_experience":null,"is_foundation_experience":null}}]},"sub_display_name":"スカルプショナリー チーク コントゥーリング パレット","sub_header":null,"tags":{"total":10,"items":[{"id":"4323","key":"just-arrived","parent_tag_id":null,"product_display_order":0,"value":"Just Arrived"},{"id":"14346","key":"contouring","parent_tag_id":"1592","product_display_order":0,"value":"Contouring"},{"id":"1594","key":"bronzers","parent_tag_id":"1592","product_display_order":0,"value":"Bronzers"},{"id":"27172","key":"day5flashsale","parent_tag_id":"1590","product_display_order":111,"value":"Day5FlashSale"},{"id":"1602","key":"セットギフト","parent_tag_id":"1600","product_display_order":170,"value":"セット&ギフト"},{"id":"1585","key":"gift-center","parent_tag_id":null,"product_display_order":0,"value":"Gift Center"},{"id":"13561","key":"holiday-2014","parent_tag_id":null,"product_display_order":0,"value":"Holiday 2014"},{"id":"27174","key":"day7flashsale","parent_tag_id":"1590","product_display_order":0,"value":"Day7FlashSale"},{"id":"1593","key":"チーク","parent_tag_id":"1592","product_display_order":15,"value":"チーク"},{"id":"27171","key":"day4flashsale","parent_tag_id":"1590","product_display_order":0,"value":"Day4FlashSale"}]},"usage":[{"content":null,"label":"PRODUCT USAGE","type":"product_usage"},{"content":null,"label":"HOW DOES IT WORK","type":"how_does_it_work"},{"content":null,"label":"WHO IT IS FOR","type":"who_it_is_for"},{"content":null,"label":"GREAT TO KNOW","type":"great_to_know"},{"content":null,"label":"WHAT_IT_DOES","type":"what_it_does"},{"content":null,"label":"WHAT_IT_IS","type":"what_it_is"}],"objectID":"34892"},{"benefit":{"statement":null,"benefits":null},"brand":null,"collection":null,"coverage":null,"cross_sell":[{"sku_id":"ZCXW01","sort_key":1}],"default_category":{"id":"1625","key":"スキンケア"},"description":"毛穴の奥に溜まった汚れや皮脂を吸着して、すっきりと取り除くジェル状洗顔料。フレッシュで、心地よい洗いあがり。すべてのスキンタイプに。","display_mode":null,"display_name":"チャコール フェース ウォッシュ","display_status":7,"finish":null,"form":null,"formula_type":null,"fragrance_family":null,"indexable_keywords":[{"value":"cfm"},{"value":"メンズ"},{"value":"洗顔"},{"value":"クレンジング"},{"value":"男性用"}],"is_hazmat":false,"is_product_coming_soon":null,"is_product_displayable":true,"is_product_searchable":true,"is_product_shoppable":true,"is_product_sold_out":null,"is_product_temporarily_out_of_stock":null,"is_search_suppressed":null,"key_ingredient":null,"media":{"large":null,"medium":null,"poster":null,"small":null,"videos":[{"position":null,"poster":{"height":null,"src":null,"width":null},"provider":null,"src":null},{"position":null,"poster":{"height":null,"src":null,"width":null},"provider":null,"src":null},{"position":null,"poster":{"height":null,"src":null,"width":null},"provider":null,"src":null}],"xl":null},"meta":{"description":null,"keywords":"cfm,メンズ,洗顔,クレンジング,男性用,"},"parent_category":[{"id":"1625","value":"スキンケア"},{"id":"1609","value":"メンズ"}],"product_badge":null,"product_id":"34923","product_title_tag":null,"product_type":"Other","product_url":"/product/1625/34923/clinique-for-men-charcoal-face-wash","reviews":{"average_rating":null,"number_of_questions":null,"number_of_reviews":null},"shade_groups":null,"short_description":"毛穴の奥に溜まった汚れや皮脂を吸着して、すっきりと取り除くジェル状洗顔料。フレッシュで、心地よい洗いあがり。すべてのスキンタイプに。","skin":null,"skin_goal":null,"skus":{"total":1,"items":[{"color_family":null,"coverage_options":null,"cross_sell":null,"display_status":7,"finish":null,"finish_options":null,"fragrances":[{"family":null,"key":null,"value":null}],"iln_listing":"水・コカミドプロピルヒドロキシスルタイン・ココベタイン・ラウロイルカラスムギアミノ酸Ｎａ・デシルグルコシド・ココイルサルコシンＮａ・アクリレーツコポリマー・ココイルグルタミン酸２Ｎａ・グリセリン・ココイルグルタミン酸Ｎａ・クエン酸１Ｎａ・クエン酸・ＢＧ・炭・水酸化Ｎａ・カフェイン・ＥＤＴＡ－２Ｎａ・酸化鉄・フェノキシエタノール・メチルクロロイソチアゾリノン、メチルイソチアゾリノン<JILN006978>","iln_version_number":"JILN006978","inventory_status":"Active","is_active":true,"is_coming_soon":null,"is_default_sku":false,"is_discountable":true,"is_displayable":null,"is_engravable":null,"is_fragrance":null,"is_giftable":null,"is_giftwrap":false,"is_inactive":null,"is_multi_shaded":null,"is_out_of_stock":null,"is_preorder":false,"is_preorderable":null,"is_promotional":null,"is_replenishable":false,"is_search_suppressed":null,"is_searchable":true,"is_shaded":null,"is_sized":null,"is_sold_out":null,"is_under_weight_hazmat":false,"is_vto_enabled":null,"life_of_product":"Basic Reorder","material_code":"ZF7E010000","media":{"large":[{"alt":"チャコール フェース ウォッシュ","height":1200,"position":0,"src":"/media/export/cms/products/1200x1500/cl_sku_ZF7E01_1200x1500_0.png","type":"image","width":1500}],"medium":[{"alt":"チャコール フェース ウォッシュ","height":600,"position":1,"src":"/media/export/cms/products/600x750/cl_sku_ZF7E01_600x750_0.png","type":"image","width":750}],"model":null,"poster":null,"small":[{"alt":"チャコール フェース ウォッシュ","height":1200,"position":2,"src":"/media/export/cms/products/1200x1500/cl_sku_ZF7E01_1200x1500_0.png","type":"image","width":1500}],"smoosh":null,"xl":null},"out_of_stock_threshold":null,"perlgem":{"SKU_BASE_ID":61709},"preorder_date":null,"prices":[{"currency":"JPY","exclude_tax":{"original_price":4000,"original_price_formatted":"¥4,000","price":4000,"price_formatted":"¥4,000","price_per_unit":null,"price_per_unit_formatted":""},"include_tax":{"original_price":4400,"original_price_formatted":"¥4,400","price":4400,"price_formatted":"¥4,400","price_per_unit":null,"price_per_unit_formatted":""},"is_discounted":false}],"purchase_limit":null,"replenishment":{"message":null},"reviews":{"average_rating":null,"number_of_questions":null,"number_of_reviews":null},"set_components":null,"shade_groups":null,"shades":null,"sizes":[{"key":1,"value":"200mL"}],"skin":{"tone":null,"type":null,"type_description":null},"sku_badge":null,"sku_badge_image":null,"sku_display_order":0,"sku_id":"ZF7E01","sku_promo_messaging":null,"sku_type":"SE","sku_url":null,"tags":{"total":12,"items":[{"id":"12824","key":"grooming","value":"Grooming"},{"id":"1612","key":"除く","value":"除く"},{"id":"1626","key":"moisturize-protect","value":"Moisturize & Protect"},{"id":"1619","key":"セットギフト","value":"セット＆ギフト"},{"id":"1610","key":"メンズ３ステップ","value":"メンズ３ステップ"},{"id":"1625","key":"スキンケア","value":"スキンケア"},{"id":"1611","key":"cleanse","value":"Cleanse"},{"id":"1609","key":"メンズ","value":"メンズ"},{"id":"1624","key":"洗顔シェービング","value":"洗顔・シェービング"},{"id":"1613","key":"メンズ３ステップ","value":"メンズ３ステップ"},{"id":"13561","key":"holiday-2014","value":"Holiday 2014"},{"id":"12950","key":"mens-bestsellers","value":"Men's Bestsellers"}]},"texture":null,"undertone":null,"unit_of_measure":null,"unit_size":null,"unit_size_formatted":null,"upc":"020714744762","vto":{"is_color_experience":null,"is_foundation_experience":null}}]},"sub_display_name":"チャコール フェース ウォッシュ","sub_header":null,"tags":{"total":12,"items":[{"id":"12824","key":"grooming","parent_tag_id":"1625","product_display_order":0,"value":"Grooming"},{"id":"1612","key":"除く","parent_tag_id":"1610","product_display_order":0,"value":"除く"},{"id":"1626","key":"moisturize-protect","parent_tag_id":"1625","product_display_order":0,"value":"Moisturize & Protect"},{"id":"1619","key":"セットギフト","parent_tag_id":"1618","product_display_order":11,"value":"セット＆ギフト"},{"id":"1610","key":"メンズ３ステップ","parent_tag_id":"1609","product_display_order":0,"value":"メンズ３ステップ"},{"id":"1625","key":"スキンケア","parent_tag_id":"1609","product_display_order":16,"value":"スキンケア"},{"id":"1611","key":"cleanse","parent_tag_id":"1610","product_display_order":0,"value":"Cleanse"},{"id":"1609","key":"メンズ","parent_tag_id":null,"product_display_order":10,"value":"メンズ"},{"id":"1624","key":"洗顔シェービング","parent_tag_id":"1623","product_display_order":3,"value":"洗顔・シェービング"},{"id":"1613","key":"メンズ３ステップ","parent_tag_id":"1610","product_display_order":1,"value":"メンズ３ステップ"},{"id":"13561","key":"holiday-2014","parent_tag_id":null,"product_display_order":0,"value":"Holiday 2014"},{"id":"12950","key":"mens-bestsellers","parent_tag_id":"1609","product_display_order":0,"value":"Men's Bestsellers"}]},"usage":[{"content":"適量を手のひらに取り、泡立ててから顔全体に伸ばします。その後、ぬるま湯で充分に洗い流します。","label":"PRODUCT USAGE","type":"product_usage"},{"content":null,"label":"HOW DOES IT WORK","type":"how_does_it_work"},{"content":null,"label":"WHO IT IS FOR","type":"who_it_is_for"},{"content":null,"label":"GREAT TO KNOW","type":"great_to_know"},{"content":null,"label":"WHAT_IT_DOES","type":"what_it_does"},{"content":null,"label":"WHAT_IT_IS","type":"what_it_is"}],"objectID":"34923"},{"benefit":{"statement":null,"benefits":null},"brand":null,"collection":null,"coverage":null,"cross_sell":[{"sku_id":"6CY401","sort_key":1}],"default_category":{"id":"1605","key":"リップスティック"},"description":"ゼンブ テニ イレテ。 これ1本ですべてが叶う。クリニーク ポップ。全18色。肌印象さえ明るくするポップな発色が、鮮やかにあなたの魅力を彩ります。<br>ヒアルロン酸<sup>＊</sup>で潤うクリーミーなプライマー。色合いと潤いがいつまでも続きます。<br><div>* 保湿成分</div><div><br></div>","display_mode":null,"display_name":"クリニーク ポップ ","display_status":7,"finish":null,"form":null,"formula_type":null,"fragrance_family":null,"indexable_keywords":null,"is_hazmat":false,"is_product_coming_soon":null,"is_product_displayable":true,"is_product_searchable":true,"is_product_shoppable":true,"is_product_sold_out":null,"is_product_temporarily_out_of_stock":null,"is_search_suppressed":null,"key_ingredient":null,"media":{"large":[{"alt":"クリニーク ポップ ","height":1200,"position":0,"src":"/media/export/cms/products/1200x1500/cl_prod_35082_1200x1500_0.png","type":"image","width":1500},{"alt":"クリニーク ポップ ","height":1200,"position":1,"src":"/media/export/cms/products/1200x1500/cl_prod_35082_1200x1500_1.png","type":"image","width":1500}],"medium":null,"poster":null,"small":[{"alt":"クリニーク ポップ ","height":1200,"position":2,"src":"/media/export/cms/products/1200x1500/cl_prod_35082_1200x1500_0.png","type":"image","width":1500},{"alt":"クリニーク ポップ ","height":1200,"position":3,"src":"/media/export/cms/products/1200x1500/cl_prod_35082_1200x1500_1.png","type":"image","width":1500}],"videos":[{"position":null,"poster":{"height":null,"src":null,"width":null},"provider":"YouTube","src":null},{"position":null,"poster":{"height":null,"src":null,"width":null},"provider":"YouTube","src":null},{"position":null,"poster":{"height":null,"src":null,"width":null},"provider":"YouTube","src":null}],"xl":null},"meta":{"description":null,"keywords":null},"parent_category":[{"id":"1605","value":"リップスティック"},{"id":"1592","value":"メーク"}],"product_badge":null,"product_id":"35082","product_title_tag":null,"product_type":"Shaded","product_url":"/product/1605/35082/clinique-pop-lip-colour-and-primer","reviews":{"average_rating":null,"number_of_questions":null,"number_of_reviews":null},"shade_groups":null,"short_description":"ゼンブ テニ イレテ。 これ1本ですべてが叶う。クリニーク ポップ。全18色。","skin":null,"skin_goal":null,"skus":{"total":15,"items":[{"color_family":null,"coverage_options":null,"cross_sell":null,"display_status":7,"finish":[{"key":"satin-finish","value":"satin_finish"}],"finish_options":[{"key":"satin-finish","value":"satin_finish"}],"fragrances":[{"family":null,"key":null,"value":null}],"iln_listing":"ヒマシ油・リンゴ酸ジイソステアリル・クエン酸トリオクチルドデシル・液状ラノリン・トリ（カプリル酸／カプリン酸）グリセリル・キャンデリラロウ・（イソステアリン酸／コハク酸）ヒマシ油・シリカ・オクチルドデカノール・オゾケライト・ポリエチレン・水添ポリデセン・ビスジグリセリルポリアシルアジペート－２・パルミチン酸エチルヘキシル・マイクロクリスタリンワックス・アストロカリウムムルムル脂・スクワラン・ＰＣＡラウリル・（メタクリル酸ラウリル／ジメタクリル酸エチレングリコール）コポリマー・コレステロール・リノール酸・酢酸トコフェロール・アンズ核油・シア脂・オオムギエキス・合成金雲母・セラミド２・コムギ胚芽エキス・オレイン酸・ジメチルシリル化シリカ・ステアリン酸グリセリル・テトラ（ジ－ｔ－ブチルヒドロキシヒドロケイヒ酸）ペンタエリスリチル・リノレン酸・パルミチン酸・オリーブ果汁・水酸化Ａｌ・ＢＧ・テトラヘキシルデカン酸アスコルビル・コレステロール（羊毛）・カプリリルグリコール・ヒアルロン酸Ｎａ・コムギフスマエキス・ヘキシレングリコール・硫酸Ｋ・ホウケイ酸（Ｃａ／Ｎａ）・ホウケイ酸（Ｃａ／Ａｌ）・フェノキシエタノール　＋／－　酸化チタン・マイカ・黄４・硫酸Ｂａ・赤１０４（１）・赤２２７・赤２０２・青１・黄５・酸化鉄・赤２２６・酸化スズ・アルミナ・赤２０１・カルミン<JILN006905>","iln_version_number":"JILN006905","inventory_status":"Active","is_active":true,"is_coming_soon":null,"is_default_sku":false,"is_discountable":true,"is_displayable":null,"is_engravable":null,"is_fragrance":null,"is_giftable":null,"is_giftwrap":false,"is_inactive":null,"is_multi_shaded":null,"is_out_of_stock":null,"is_preorder":false,"is_preorderable":null,"is_promotional":null,"is_replenishable":false,"is_search_suppressed":null,"is_searchable":true,"is_shaded":null,"is_sized":null,"is_sold_out":null,"is_under_weight_hazmat":false,"is_vto_enabled":null,"life_of_product":"Basic Reorder","material_code":"ZEK2180000","media":{"large":[{"alt":"クリニーク ポップ ","height":1200,"position":1,"src":"/media/export/cms/products/1200x1500/cl_sku_ZEK218_1200x1500_0.png","type":"image","width":1500}],"medium":[{"alt":"クリニーク ポップ ","height":600,"position":2,"src":"/media/export/cms/products/600x750/cl_sku_ZEK218_600x750_0.png","type":"image","width":750}],"model":null,"poster":null,"small":[{"alt":"クリニーク ポップ ","height":1200,"position":3,"src":"/media/export/cms/products/1200x1500/cl_sku_ZEK218_1200x1500_0.png","type":"image","width":1500}],"smoosh":[{"alt":"クリニーク ポップ ","height":1200,"position":0,"src":"/media/export/cms/products/1200x1500/swatches_v3/38_ns_ng.png","type":"image","width":1500}],"xl":null},"out_of_stock_threshold":null,"perlgem":{"SKU_BASE_ID":65629},"preorder_date":null,"prices":[{"currency":"JPY","exclude_tax":{"original_price":3200,"original_price_formatted":"¥3,200","price":3200,"price_formatted":"¥3,200","price_per_unit":null,"price_per_unit_formatted":""},"include_tax":{"original_price":3520,"original_price_formatted":"¥3,520","price":3520,"price_formatted":"¥3,520","price_per_unit":null,"price_per_unit_formatted":""},"is_discounted":false}],"purchase_limit":null,"replenishment":{"message":null},"reviews":{"average_rating":null,"number_of_questions":null,"number_of_reviews":null},"set_components":null,"shade_groups":null,"shades":[{"description":"絶妙なパール感で、ヘルシー美人なコーラルベージュ。","hex_val":"#df6a76","image":{"height":null,"src":"","width":null},"name":"18 パパイヤ ポップ","smoosh_design":{"group_id":null,"name":"38::none::none"}}],"sizes":[{"key":1,"value":null}],"skin":{"tone":null,"type":null,"type_description":null},"sku_badge":null,"sku_badge_image":null,"sku_display_order":0,"sku_id":"ZEK218","sku_promo_messaging":null,"sku_type":"SE","sku_url":null,"tags":{"total":15,"items":[{"id":"15513","key":"recommendedforstudents","value":"RecommendedforStudents"},{"id":"22833","key":"3500円税抜以下のおすすめ製品","value":"3500円(税抜)以下のおすすめ製品"},{"id":"27171","key":"day4flashsale","value":"Day4FlashSale"},{"id":"1575","key":"ベストセラー","value":"ベストセラー"},{"id":"18067","key":"価格別2200円","value":"価格別2200円"},{"id":"18453","key":"plus1","value":"Plus1"},{"id":"27172","key":"day5flashsale","value":"Day5FlashSale"},{"id":"17695","key":"gifts-for-her","value":"Gifts for her"},{"id":"16760","key":"clinique-pop-series","value":"Clinique Pop Series"},{"id":"19570","key":"おすすめ製品","value":"おすすめ製品"},{"id":"16916","key":"gift-ideas-for-events","value":"Gift Ideas for Events"},{"id":"1000020","key":"スペシャルカテゴリ","value":"スペシャルカテゴリ"},{"id":"1605","key":"リップスティック","value":"リップスティック"},{"id":"27174","key":"day7flashsale","value":"Day7FlashSale"},{"id":"1602","key":"セットギフト","value":"セット&ギフト"}]},"texture":null,"undertone":null,"unit_of_measure":null,"unit_size":1,"unit_size_formatted":null,"upc":"020714739430","vto":{"is_color_experience":null,"is_foundation_experience":null}},{"color_family":null,"coverage_options":null,"cross_sell":null,"display_status":7,"finish":null,"finish_options":null,"fragrances":[{"family":null,"key":null,"value":null}],"iln_listing":"ヒマシ油・リンゴ酸ジイソステアリル・クエン酸トリオクチルドデシル・液状ラノリン・トリ（カプリル酸／カプリン酸）グリセリル・キャンデリラロウ・（イソステアリン酸／コハク酸）ヒマシ油・シリカ・オクチルドデカノール・オゾケライト・ポリエチレン・水添ポリデセン・ビスジグリセリルポリアシルアジペート－２・パルミチン酸エチルヘキシル・マイクロクリスタリンワックス・アストロカリウムムルムル脂・スクワラン・ＰＣＡラウリル・（メタクリル酸ラウリル／ジメタクリル酸エチレングリコール）コポリマー・コレステロール・リノール酸・酢酸トコフェロール・アンズ核油・シア脂・オオムギエキス・セラミド２・コムギ胚芽エキス・オレイン酸・ジメチルシリル化シリカ・ステアリン酸グリセリル・テトラ（ジ－ｔ－ブチルヒドロキシヒドロケイヒ酸）ペンタエリスリチル・リノレン酸・パルミチン酸・オリーブ果汁・ＢＧ・テトラヘキシルデカン酸アスコルビル・コレステロール（羊毛）・カプリリルグリコール・ヒアルロン酸Ｎａ・コムギフスマエキス・ヘキシレングリコール・硫酸Ｋ・ホウケイ酸（Ｃａ／Ｎａ）・ホウケイ酸（Ｃａ／Ａｌ）・合成金雲母・水酸化Ａｌ・フェノキシエタノール　＋／－　酸化チタン・硫酸Ｂａ・マイカ・酸化鉄・赤２０２・赤１０４（１）・黄４・赤２０１・アルミナ・青１・赤２２７・カルミン・酸化スズ<JILN006800>","iln_version_number":"JILN006800","inventory_status":"Active","is_active":true,"is_coming_soon":null,"is_default_sku":false,"is_discountable":true,"is_displayable":null,"is_engravable":null,"is_fragrance":null,"is_giftable":null,"is_giftwrap":false,"is_inactive":null,"is_multi_shaded":null,"is_out_of_stock":null,"is_preorder":false,"is_preorderable":null,"is_promotional":null,"is_replenishable":false,"is_search_suppressed":null,"is_searchable":true,"is_shaded":null,"is_sized":null,"is_sold_out":null,"is_under_weight_hazmat":false,"is_vto_enabled":null,"life_of_product":"Basic Reorder","material_code":"ZEK2190000","media":{"large":[{"alt":"クリニーク ポップ ","height":1200,"position":1,"src":"/media/export/cms/products/1200x1500/cl_sku_ZEK219_1200x1500_0.png","type":"image","width":1500}],"medium":[{"alt":"クリニーク ポップ ","height":600,"position":2,"src":"/media/export/cms/products/600x750/cl_sku_ZEK219_600x750_0.png","type":"image","width":750}],"model":null,"poster":null,"small":[{"alt":"クリニーク ポップ ","height":1200,"position":3,"src":"/media/export/cms/products/1200x1500/cl_sku_ZEK219_1200x1500_0.png","type":"image","width":1500}],"smoosh":[{"alt":"クリニーク ポップ ","height":1200,"position":0,"src":"/media/export/cms/products/1200x1500/swatches_v3/38_ns_ng.png","type":"image","width":1500}],"xl":null},"out_of_stock_threshold":null,"perlgem":{"SKU_BASE_ID":65630},"preorder_date":null,"prices":[{"currency":"JPY","exclude_tax":{"original_price":3200,"original_price_formatted":"¥3,200","price":3200,"price_formatted":"¥3,200","price_per_unit":null,"price_per_unit_formatted":""},"include_tax":{"original_price":3520,"original_price_formatted":"¥3,520","price":3520,"price_formatted":"¥3,520","price_per_unit":null,"price_per_unit_formatted":""},"is_discounted":false}],"purchase_limit":null,"replenishment":{"message":null},"reviews":{"average_rating":null,"number_of_questions":null,"number_of_reviews":null},"set_components":null,"shade_groups":null,"shades":[{"description":"フェミニンからモードまで、パーティーで主役になれるコーラルレッド。","hex_val":"#e73058","image":{"height":null,"src":"","width":null},"name":"19 パーティー ポップ","smoosh_design":{"group_id":null,"name":"38::none::none"}}],"sizes":[{"key":1,"value":null}],"skin":{"tone":null,"type":null,"type_description":null},"sku_badge":null,"sku_badge_image":null,"sku_display_order":1,"sku_id":"ZEK219","sku_promo_messaging":null,"sku_type":"SE","sku_url":null,"tags":{"total":9,"items":[{"id":"22833","key":"3500円税抜以下のおすすめ製品","value":"3500円(税抜)以下のおすすめ製品"},{"id":"18067","key":"価格別2200円","value":"価格別2200円"},{"id":"18453","key":"plus1","value":"Plus1"},{"id":"17695","key":"gifts-for-her","value":"Gifts for her"},{"id":"16760","key":"clinique-pop-series","value":"Clinique Pop Series"},{"id":"19570","key":"おすすめ製品","value":"おすすめ製品"},{"id":"16916","key":"gift-ideas-for-events","value":"Gift Ideas for Events"},{"id":"1000020","key":"スペシャルカテゴリ","value":"スペシャルカテゴリ"},{"id":"1605","key":"リップスティック","value":"リップスティック"}]},"texture":null,"undertone":null,"unit_of_measure":null,"unit_size":1,"unit_size_formatted":null,"upc":"020714739447","vto":{"is_color_experience":null,"is_foundation_experience":null}},{"color_family":[{"key":"nude-color","value":"nude_color"}],"coverage_options":null,"cross_sell":null,"display_status":7,"finish":[{"key":"satin-finish","value":"satin_finish"}],"finish_options":[{"key":"satin-finish","value":"satin_finish"}],"fragrances":[{"family":null,"key":null,"value":null}],"iln_listing":"ヒマシ油・リンゴ酸ジイソステアリル・クエン酸トリオクチルドデシル・液状ラノリン・トリ（カプリル酸／カプリン酸）グリセリル・キャンデリラロウ・（イソステアリン酸／コハク酸）ヒマシ油・シリカ・オクチルドデカノール・オゾケライト・ポリエチレン・水添ポリデセン・ビスジグリセリルポリアシルアジペート－２・パルミチン酸エチルヘキシル・マイクロクリスタリンワックス・アストロカリウムムルムル脂・スクワラン・ＰＣＡラウリル・（メタクリル酸ラウリル／ジメタクリル酸エチレングリコール）コポリマー・コレステロール・リノール酸・酢酸トコフェロール・アンズ核油・シア脂・オオムギエキス・セラミド２・コムギ胚芽エキス・オレイン酸・ジメチルシリル化シリカ・ステアリン酸グリセリル・テトラ（ジ－ｔ－ブチルヒドロキシヒドロケイヒ酸）ペンタエリスリチル・リノレン酸・パルミチン酸・オリーブ果汁・ＢＧ・テトラヘキシルデカン酸アスコルビル・コレステロール（羊毛）・カプリリルグリコール・ヒアルロン酸Ｎａ・コムギフスマエキス・ヘキシレングリコール・硫酸Ｋ・ホウケイ酸（Ｃａ／Ｎａ）・ホウケイ酸（Ｃａ／Ａｌ）・合成金雲母・水酸化Ａｌ・フェノキシエタノール　＋／－　酸化チタン・硫酸Ｂａ・マイカ・酸化鉄・赤２０２・赤１０４（１）・黄４・赤２０１・アルミナ・青１・赤２２７・カルミン・酸化スズ<JILN6800>","iln_version_number":"JILN6800","inventory_status":"Active","is_active":true,"is_coming_soon":null,"is_default_sku":false,"is_discountable":true,"is_displayable":null,"is_engravable":null,"is_fragrance":null,"is_giftable":null,"is_giftwrap":false,"is_inactive":null,"is_multi_shaded":null,"is_out_of_stock":null,"is_preorder":false,"is_preorderable":null,"is_promotional":null,"is_replenishable":false,"is_search_suppressed":null,"is_searchable":true,"is_shaded":null,"is_sized":null,"is_sold_out":null,"is_under_weight_hazmat":false,"is_vto_enabled":null,"life_of_product":"Basic Reorder","material_code":"ZEK2010001","media":{"large":[{"alt":"クリニーク ポップ ","height":1200,"position":1,"src":"/media/export/cms/products/1200x1500/cl_sku_ZEK201_1200x1500_0.png","type":"image","width":1500}],"medium":[{"alt":"クリニーク ポップ ","height":600,"position":2,"src":"/media/export/cms/products/600x750/cl_sku_ZEK201_600x750_0.png","type":"image","width":750}],"model":null,"poster":null,"small":[{"alt":"クリニーク ポップ ","height":1200,"position":3,"src":"/media/export/cms/products/1200x1500/cl_sku_ZEK201_1200x1500_0.png","type":"image","width":1500}],"smoosh":[{"alt":"クリニーク ポップ ","height":1200,"position":0,"src":"/media/export/cms/products/1200x1500/swatches_v3/38_ns_ng.png","type":"image","width":1500}],"xl":null},"out_of_stock_threshold":null,"perlgem":{"SKU_BASE_ID":61898},"preorder_date":null,"prices":[{"currency":"JPY","exclude_tax":{"original_price":3200,"original_price_formatted":"¥3,200","price":3200,"price_formatted":"¥3,200","price_per_unit":null,"price_per_unit_formatted":""},"include_tax":{"original_price":3520,"original_price_formatted":"¥3,520","price":3520,"price_formatted":"¥3,520","price_per_unit":null,"price_per_unit_formatted":""},"is_discounted":false}],"purchase_limit":null,"replenishment":{"message":null},"reviews":{"average_rating":null,"number_of_questions":null,"number_of_reviews":null},"set_components":null,"shade_groups":null,"shades":[{"description":"女子力アップの絶妙カラー。華やかで上品なピンクベージュ","hex_val":"#D27E6C","image":{"height":null,"src":"","width":null},"name":"01 ヌード ポップ","smoosh_design":{"group_id":null,"name":"38::none::none"}}],"sizes":[{"key":1,"value":null}],"skin":{"tone":null,"type":[{"key":"dry-skintype","value":"dry_skintype"},{"key":"combination-skintype","value":"combination_skintype"},{"key":"oily-skintype","value":"oily_skintype"},{"key":"normal-skintype","value":"normal_skintype"}],"type_description":null},"sku_badge":null,"sku_badge_image":null,"sku_display_order":3,"sku_id":"ZEK201","sku_promo_messaging":null,"sku_type":"SE","sku_url":null,"tags":{"total":17,"items":[{"id":"14715","key":"mothers-day-gift-sets","value":"Mother's Day Gift Sets"},{"id":"15513","key":"recommendedforstudents","value":"RecommendedforStudents"},{"id":"22833","key":"3500円税抜以下のおすすめ製品","value":"3500円(税抜)以下のおすすめ製品"},{"id":"27171","key":"day4flashsale","value":"Day4FlashSale"},{"id":"11751","key":"line-limited","value":"Line_limited"},{"id":"18067","key":"価格別2200円","value":"価格別2200円"},{"id":"18453","key":"plus1","value":"Plus1"},{"id":"27172","key":"day5flashsale","value":"Day5FlashSale"},{"id":"17695","key":"gifts-for-her","value":"Gifts for her"},{"id":"12537","key":"メークアップ-ベストセラー","value":"メークアップ ベストセラー"},{"id":"13770","key":"gwp","value":"GWP"},{"id":"16760","key":"clinique-pop-series","value":"Clinique Pop Series"},{"id":"19570","key":"おすすめ製品","value":"おすすめ製品"},{"id":"16916","key":"gift-ideas-for-events","value":"Gift Ideas for Events"},{"id":"1000020","key":"スペシャルカテゴリ","value":"スペシャルカテゴリ"},{"id":"1605","key":"リップスティック","value":"リップスティック"},{"id":"27174","key":"day7flashsale","value":"Day7FlashSale"}]},"texture":null,"undertone":null,"unit_of_measure":null,"unit_size":null,"unit_size_formatted":null,"upc":"020714739256","vto":{"is_color_experience":null,"is_foundation_experience":null}},{"color_family":[{"key":"nude-color","value":"nude_color"}],"coverage_options":null,"cross_sell":null,"display_status":7,"finish":[{"key":"satin-finish","value":"satin_finish"}],"finish_options":[{"key":"satin-finish","value":"satin_finish"}],"fragrances":[{"family":null,"key":null,"value":null}],"iln_listing":"ヒマシ油・リンゴ酸ジイソステアリル・クエン酸トリオクチルドデシル・液状ラノリン・トリ（カプリル酸／カプリン酸）グリセリル・キャンデリラロウ・（イソステアリン酸／コハク酸）ヒマシ油・シリカ・オクチルドデカノール・オゾケライト・ポリエチレン・水添ポリデセン・ビスジグリセリルポリアシルアジペート－２・パルミチン酸エチルヘキシル・マイクロクリスタリンワックス・アストロカリウムムルムル脂・スクワラン・ＰＣＡラウリル・（メタクリル酸ラウリル／ジメタクリル酸エチレングリコール）コポリマー・コレステロール・リノール酸・酢酸トコフェロール・アンズ核油・シア脂・オオムギエキス・セラミド２・コムギ胚芽エキス・オレイン酸・ジメチルシリル化シリカ・ステアリン酸グリセリル・テトラ（ジ－ｔ－ブチルヒドロキシヒドロケイヒ酸）ペンタエリスリチル・リノレン酸・パルミチン酸・オリーブ果汁・ＢＧ・テトラヘキシルデカン酸アスコルビル・コレステロール（羊毛）・カプリリルグリコール・ヒアルロン酸Ｎａ・コムギフスマエキス・ヘキシレングリコール・硫酸Ｋ・ホウケイ酸（Ｃａ／Ｎａ）・ホウケイ酸（Ｃａ／Ａｌ）・合成金雲母・水酸化Ａｌ・フェノキシエタノール　＋／－　酸化チタン・硫酸Ｂａ・マイカ・酸化鉄・赤２０２・赤１０４（１）・黄４・赤２０１・アルミナ・青１・赤２２７・カルミン・酸化スズ<JILN6800>","iln_version_number":"JILN6800","inventory_status":"Active","is_active":true,"is_coming_soon":null,"is_default_sku":false,"is_discountable":true,"is_displayable":null,"is_engravable":null,"is_fragrance":null,"is_giftable":null,"is_giftwrap":false,"is_inactive":null,"is_multi_shaded":null,"is_out_of_stock":null,"is_preorder":false,"is_preorderable":null,"is_promotional":null,"is_replenishable":false,"is_search_suppressed":null,"is_searchable":true,"is_shaded":null,"is_sized":null,"is_sold_out":null,"is_under_weight_hazmat":false,"is_vto_enabled":null,"life_of_product":"Basic Reorder","material_code":"ZEK2020001","media":{"large":[{"alt":"クリニーク ポップ ","height":1200,"position":1,"src":"/media/export/cms/products/1200x1500/cl_sku_ZEK202_1200x1500_0.png","type":"image","width":1500}],"medium":[{"alt":"クリニーク ポップ ","height":600,"position":2,"src":"/media/export/cms/products/600x750/cl_sku_ZEK202_600x750_0.png","type":"image","width":750}],"model":null,"poster":null,"small":[{"alt":"クリニーク ポップ ","height":1200,"position":3,"src":"/media/export/cms/products/1200x1500/cl_sku_ZEK202_1200x1500_0.png","type":"image","width":1500}],"smoosh":[{"alt":"クリニーク ポップ ","height":1200,"position":0,"src":"/media/export/cms/products/1200x1500/swatches_v3/38_ns_ng.png","type":"image","width":1500}],"xl":null},"out_of_stock_threshold":null,"perlgem":{"SKU_BASE_ID":61899},"preorder_date":null,"prices":[{"currency":"JPY","exclude_tax":{"original_price":3200,"original_price_formatted":"¥3,200","price":3200,"price_formatted":"¥3,200","price_per_unit":null,"price_per_unit_formatted":""},"include_tax":{"original_price":3520,"original_price_formatted":"¥3,520","price":3520,"price_formatted":"¥3,520","price_per_unit":null,"price_per_unit_formatted":""},"is_discounted":false}],"purchase_limit":null,"replenishment":{"message":null},"reviews":{"average_rating":null,"number_of_questions":null,"number_of_reviews":null},"set_components":null,"shade_groups":null,"shades":[{"description":"ゴールドパールでかすかに輝く、肌なじみNo.1ベージュ","hex_val":"#b75c54","image":{"height":null,"src":"","width":null},"name":"02 ベア ポップ","smoosh_design":{"group_id":null,"name":"38::none::none"}}],"sizes":[{"key":1,"value":null}],"skin":{"tone":null,"type":[{"key":"dry-skintype","value":"dry_skintype"},{"key":"combination-skintype","value":"combination_skintype"},{"key":"oily-skintype","value":"oily_skintype"},{"key":"normal-skintype","value":"normal_skintype"}],"type_description":null},"sku_badge":null,"sku_badge_image":null,"sku_display_order":4,"sku_id":"ZEK202","sku_promo_messaging":null,"sku_type":"SE","sku_url":null,"tags":{"total":16,"items":[{"id":"15513","key":"recommendedforstudents","value":"RecommendedforStudents"},{"id":"22833","key":"3500円税抜以下のおすすめ製品","value":"3500円(税抜)以下のおすすめ製品"},{"id":"27171","key":"day4flashsale","value":"Day4FlashSale"},{"id":"11751","key":"line-limited","value":"Line_limited"},{"id":"18067","key":"価格別2200円","value":"価格別2200円"},{"id":"18453","key":"plus1","value":"Plus1"},{"id":"27172","key":"day5flashsale","value":"Day5FlashSale"},{"id":"17695","key":"gifts-for-her","value":"Gifts for her"},{"id":"13770","key":"gwp","value":"GWP"},{"id":"16760","key":"clinique-pop-series","value":"Clinique Pop Series"},{"id":"19570","key":"おすすめ製品","value":"おすすめ製品"},{"id":"16916","key":"gift-ideas-for-events","value":"Gift Ideas for Events"},{"id":"1000020","key":"スペシャルカテゴリ","value":"スペシャルカテゴリ"},{"id":"1605","key":"リップスティック","value":"リップスティック"},{"id":"27174","key":"day7flashsale","value":"Day7FlashSale"},{"id":"20850","key":"shop-the-movie-03","value":"Shop the Movie 03"}]},"texture":null,"undertone":null,"unit_of_measure":null,"unit_size":null,"unit_size_formatted":null,"upc":"020714739270","vto":{"is_color_experience":null,"is_foundation_experience":null}},{"color_family":[{"key":"nude-color","value":"nude_color"}],"coverage_options":null,"cross_sell":null,"display_status":7,"finish":[{"key":"satin-finish","value":"satin_finish"}],"finish_options":[{"key":"satin-finish","value":"satin_finish"}],"fragrances":[{"family":null,"key":null,"value":null}],"iln_listing":"ヒマシ油・リンゴ酸ジイソステアリル・クエン酸トリオクチルドデシル・液状ラノリン・トリ（カプリル酸／カプリン酸）グリセリル・キャンデリラロウ・（イソステアリン酸／コハク酸）ヒマシ油・シリカ・オクチルドデカノール・オゾケライト・ポリエチレン・水添ポリデセン・ビスジグリセリルポリアシルアジペート－２・パルミチン酸エチルヘキシル・マイクロクリスタリンワックス・アストロカリウムムルムル脂・スクワラン・ＰＣＡラウリル・（メタクリル酸ラウリル／ジメタクリル酸エチレングリコール）コポリマー・コレステロール・リノール酸・酢酸トコフェロール・アンズ核油・シア脂・オオムギエキス・セラミド２・コムギ胚芽エキス・オレイン酸・ジメチルシリル化シリカ・ステアリン酸グリセリル・テトラ（ジ－ｔ－ブチルヒドロキシヒドロケイヒ酸）ペンタエリスリチル・リノレン酸・パルミチン酸・オリーブ果汁・ＢＧ・テトラヘキシルデカン酸アスコルビル・コレステロール（羊毛）・カプリリルグリコール・ヒアルロン酸Ｎａ・コムギフスマエキス・ヘキシレングリコール・硫酸Ｋ・ホウケイ酸（Ｃａ／Ｎａ）・ホウケイ酸（Ｃａ／Ａｌ）・合成金雲母・水酸化Ａｌ・フェノキシエタノール　＋／－　酸化チタン・硫酸Ｂａ・マイカ・酸化鉄・赤２０２・赤１０４（１）・黄４・赤２０１・アルミナ・青１・赤２２７・カルミン・酸化スズ<JILN6800>","iln_version_number":"JILN6800","inventory_status":"Active","is_active":true,"is_coming_soon":null,"is_default_sku":false,"is_discountable":true,"is_displayable":null,"is_engravable":null,"is_fragrance":null,"is_giftable":null,"is_giftwrap":false,"is_inactive":null,"is_multi_shaded":null,"is_out_of_stock":null,"is_preorder":false,"is_preorderable":null,"is_promotional":null,"is_replenishable":false,"is_search_suppressed":null,"is_searchable":true,"is_shaded":null,"is_sized":null,"is_sold_out":null,"is_under_weight_hazmat":false,"is_vto_enabled":null,"life_of_product":"Basic Reorder","material_code":"ZEK2040001","media":{"large":[{"alt":"クリニーク ポップ ","height":1200,"position":1,"src":"/media/export/cms/products/1200x1500/cl_sku_ZEK204_1200x1500_0.png","type":"image","width":1500}],"medium":[{"alt":"クリニーク ポップ ","height":600,"position":2,"src":"/media/export/cms/products/600x750/cl_sku_ZEK204_600x750_0.png","type":"image","width":750}],"model":null,"poster":null,"small":[{"alt":"クリニーク ポップ ","height":1200,"position":3,"src":"/media/export/cms/products/1200x1500/cl_sku_ZEK204_1200x1500_0.png","type":"image","width":1500}],"smoosh":[{"alt":"クリニーク ポップ ","height":1200,"position":0,"src":"/media/export/cms/products/1200x1500/swatches_v3/38_ns_ng.png","type":"image","width":1500}],"xl":null},"out_of_stock_threshold":null,"perlgem":{"SKU_BASE_ID":62431},"preorder_date":null,"prices":[{"currency":"JPY","exclude_tax":{"original_price":3200,"original_price_formatted":"¥3,200","price":3200,"price_formatted":"¥3,200","price_per_unit":null,"price_per_unit_formatted":""},"include_tax":{"original_price":3520,"original_price_formatted":"¥3,520","price":3520,"price_formatted":"¥3,520","price_per_unit":null,"price_per_unit_formatted":""},"is_discounted":false}],"purchase_limit":null,"replenishment":{"message":null},"reviews":{"average_rating":null,"number_of_questions":null,"number_of_reviews":null},"set_components":null,"shade_groups":null,"shades":[{"description":"マニッシュな可愛さを追求。赤みを抑えたナチュラルベージ","hex_val":"#e08e7f","image":{"height":null,"src":"","width":null},"name":"04 ベージュ ポップ","smoosh_design":{"group_id":null,"name":"38::none::none"}}],"sizes":[{"key":1,"value":null}],"skin":{"tone":null,"type":[{"key":"dry-skintype","value":"dry_skintype"},{"key":"combination-skintype","value":"combination_skintype"},{"key":"oily-skintype","value":"oily_skintype"},{"key":"normal-skintype","value":"normal_skintype"}],"type_description":null},"sku_badge":null,"sku_badge_image":null,"sku_display_order":5,"sku_id":"ZEK204","sku_promo_messaging":null,"sku_type":"SE","sku_url":null,"tags":{"total":15,"items":[{"id":"15513","key":"recommendedforstudents","value":"RecommendedforStudents"},{"id":"22833","key":"3500円税抜以下のおすすめ製品","value":"3500円(税抜)以下のおすすめ製品"},{"id":"27171","key":"day4flashsale","value":"Day4FlashSale"},{"id":"11751","key":"line-limited","value":"Line_limited"},{"id":"18067","key":"価格別2200円","value":"価格別2200円"},{"id":"18453","key":"plus1","value":"Plus1"},{"id":"27172","key":"day5flashsale","value":"Day5FlashSale"},{"id":"17695","key":"gifts-for-her","value":"Gifts for her"},{"id":"13770","key":"gwp","value":"GWP"},{"id":"16760","key":"clinique-pop-series","value":"Clinique Pop Series"},{"id":"19570","key":"おすすめ製品","value":"おすすめ製品"},{"id":"16916","key":"gift-ideas-for-events","value":"Gift Ideas for Events"},{"id":"1000020","key":"スペシャルカテゴリ","value":"スペシャルカテゴリ"},{"id":"1605","key":"リップスティック","value":"リップスティック"},{"id":"27174","key":"day7flashsale","value":"Day7FlashSale"}]},"texture":null,"undertone":null,"unit_of_measure":null,"unit_size":null,"unit_size_formatted":null,"upc":"020714739294","vto":{"is_color_experience":null,"is_foundation_experience":null}},{"color_family":[{"key":"red-color","value":"red_color"}],"coverage_options":null,"cross_sell":null,"display_status":7,"finish":[{"key":"satin-finish","value":"satin_finish"}],"finish_options":[{"key":"satin-finish","value":"satin_finish"}],"fragrances":[{"family":null,"key":null,"value":null}],"iln_listing":"ヒマシ油・リンゴ酸ジイソステアリル・クエン酸トリオクチルドデシル・液状ラノリン・トリ（カプリル酸／カプリン酸）グリセリル・キャンデリラロウ・（イソステアリン酸／コハク酸）ヒマシ油・シリカ・オクチルドデカノール・オゾケライト・ポリエチレン・水添ポリデセン・ビスジグリセリルポリアシルアジペート－２・パルミチン酸エチルヘキシル・マイクロクリスタリンワックス・アストロカリウムムルムル脂・スクワラン・ＰＣＡラウリル・（メタクリル酸ラウリル／ジメタクリル酸エチレングリコール）コポリマー・コレステロール・リノール酸・酢酸トコフェロール・アンズ核油・シア脂・オオムギエキス・セラミド２・コムギ胚芽エキス・オレイン酸・ジメチルシリル化シリカ・ステアリン酸グリセリル・テトラ（ジ－ｔ－ブチルヒドロキシヒドロケイヒ酸）ペンタエリスリチル・リノレン酸・パルミチン酸・オリーブ果汁・ＢＧ・テトラヘキシルデカン酸アスコルビル・コレステロール（羊毛）・カプリリルグリコール・ヒアルロン酸Ｎａ・コムギフスマエキス・ヘキシレングリコール・硫酸Ｋ・ホウケイ酸（Ｃａ／Ｎａ）・ホウケイ酸（Ｃａ／Ａｌ）・合成金雲母・水酸化Ａｌ・フェノキシエタノール　＋／－　酸化チタン・硫酸Ｂａ・マイカ・酸化鉄・赤２０２・赤１０４（１）・黄４・赤２０１・アルミナ・青１・赤２２７・カルミン・酸化スズ<JILN6800>","iln_version_number":"JILN6800","inventory_status":"Active","is_active":true,"is_coming_soon":null,"is_default_sku":false,"is_discountable":true,"is_displayable":null,"is_engravable":null,"is_fragrance":null,"is_giftable":null,"is_giftwrap":false,"is_inactive":null,"is_multi_shaded":null,"is_out_of_stock":null,"is_preorder":false,"is_preorderable":null,"is_promotional":null,"is_replenishable":false,"is_search_suppressed":null,"is_searchable":true,"is_shaded":null,"is_sized":null,"is_sold_out":null,"is_under_weight_hazmat":false,"is_vto_enabled":null,"life_of_product":"Basic Reorder","material_code":"ZEK2050001","media":{"large":[{"alt":"クリニーク ポップ ","height":1200,"position":1,"src":"/media/export/cms/products/1200x1500/cl_sku_ZEK205_1200x1500_0.png","type":"image","width":1500}],"medium":[{"alt":"クリニーク ポップ ","height":600,"position":2,"src":"/media/export/cms/products/600x750/cl_sku_ZEK205_600x750_0.png","type":"image","width":750}],"model":null,"poster":null,"small":[{"alt":"クリニーク ポップ ","height":1200,"position":3,"src":"/media/export/cms/products/1200x1500/cl_sku_ZEK205_1200x1500_0.png","type":"image","width":1500}],"smoosh":[{"alt":"クリニーク ポップ ","height":1200,"position":0,"src":"/media/export/cms/products/1200x1500/swatches_v3/38_ns_ng.png","type":"image","width":1500}],"xl":null},"out_of_stock_threshold":null,"perlgem":{"SKU_BASE_ID":62430},"preorder_date":null,"prices":[{"currency":"JPY","exclude_tax":{"original_price":3200,"original_price_formatted":"¥3,200","price":3200,"price_formatted":"¥3,200","price_per_unit":null,"price_per_unit_formatted":""},"include_tax":{"original_price":3520,"original_price_formatted":"¥3,520","price":3520,"price_formatted":"¥3,520","price_per_unit":null,"price_per_unit_formatted":""},"is_discounted":false}],"purchase_limit":null,"replenishment":{"message":null},"reviews":{"average_rating":null,"number_of_questions":null,"number_of_reviews":null},"set_components":null,"shade_groups":null,"shades":[{"description":"優しい印象になれる、ミルキーなコーラルオレンジ","hex_val":"#f47b74","image":{"height":null,"src":"","width":null},"name":"05 メロン ポップ","smoosh_design":{"group_id":null,"name":"38::none::none"}}],"sizes":[{"key":1,"value":null}],"skin":{"tone":null,"type":[{"key":"dry-skintype","value":"dry_skintype"},{"key":"combination-skintype","value":"combination_skintype"},{"key":"oily-skintype","value":"oily_skintype"},{"key":"normal-skintype","value":"normal_skintype"}],"type_description":null},"sku_badge":null,"sku_badge_image":null,"sku_display_order":6,"sku_id":"ZEK205","sku_promo_messaging":null,"sku_type":"SE","sku_url":null,"tags":{"total":15,"items":[{"id":"15513","key":"recommendedforstudents","value":"RecommendedforStudents"},{"id":"22833","key":"3500円税抜以下のおすすめ製品","value":"3500円(税抜)以下のおすすめ製品"},{"id":"27171","key":"day4flashsale","value":"Day4FlashSale"},{"id":"11751","key":"line-limited","value":"Line_limited"},{"id":"18067","key":"価格別2200円","value":"価格別2200円"},{"id":"18453","key":"plus1","value":"Plus1"},{"id":"27172","key":"day5flashsale","value":"Day5FlashSale"},{"id":"17695","key":"gifts-for-her","value":"Gifts for her"},{"id":"13770","key":"gwp","value":"GWP"},{"id":"16760","key":"clinique-pop-series","value":"Clinique Pop Series"},{"id":"19570","key":"おすすめ製品","value":"おすすめ製品"},{"id":"16916","key":"gift-ideas-for-events","value":"Gift Ideas for Events"},{"id":"1000020","key":"スペシャルカテゴリ","value":"スペシャルカテゴリ"},{"id":"20524","key":"shop-the-movie-01","value":"Shop the Movie 01"},{"id":"1605","key":"リップスティック","value":"リップスティック"}]},"texture":null,"undertone":null,"unit_of_measure":null,"unit_size":null,"unit_size_formatted":null,"upc":"020714739300","vto":{"is_color_experience":null,"is_foundation_experience":null}},{"color_family":[{"key":"red-color","value":"red_color"}],"coverage_options":null,"cross_sell":null,"display_status":7,"finish":[{"key":"satin-finish","value":"satin_finish"}],"finish_options":[{"key":"satin-finish","value":"satin_finish"}],"fragrances":[{"family":null,"key":null,"value":null}],"iln_listing":"ヒマシ油・リンゴ酸ジイソステアリル・クエン酸トリオクチルドデシル・液状ラノリン・トリ（カプリル酸／カプリン酸）グリセリル・キャンデリラロウ・（イソステアリン酸／コハク酸）ヒマシ油・シリカ・オクチルドデカノール・オゾケライト・ポリエチレン・水添ポリデセン・ビスジグリセリルポリアシルアジペート－２・パルミチン酸エチルヘキシル・マイクロクリスタリンワックス・アストロカリウムムルムル脂・スクワラン・ＰＣＡラウリル・（メタクリル酸ラウリル／ジメタクリル酸エチレングリコール）コポリマー・コレステロール・リノール酸・酢酸トコフェロール・アンズ核油・シア脂・オオムギエキス・セラミド２・コムギ胚芽エキス・オレイン酸・ジメチルシリル化シリカ・ステアリン酸グリセリル・テトラ（ジ－ｔ－ブチルヒドロキシヒドロケイヒ酸）ペンタエリスリチル・リノレン酸・パルミチン酸・オリーブ果汁・ＢＧ・テトラヘキシルデカン酸アスコルビル・コレステロール（羊毛）・カプリリルグリコール・ヒアルロン酸Ｎａ・コムギフスマエキス・ヘキシレングリコール・硫酸Ｋ・ホウケイ酸（Ｃａ／Ｎａ）・ホウケイ酸（Ｃａ／Ａｌ）・合成金雲母・水酸化Ａｌ・フェノキシエタノール　＋／－　酸化チタン・硫酸Ｂａ・マイカ・酸化鉄・赤２０２・赤１０４（１）・黄４・赤２０１・アルミナ・青１・赤２２７・カルミン・酸化スズ<JILN6800>","iln_version_number":"JILN6800","inventory_status":"Active","is_active":true,"is_coming_soon":null,"is_default_sku":false,"is_discountable":true,"is_displayable":null,"is_engravable":null,"is_fragrance":null,"is_giftable":null,"is_giftwrap":false,"is_inactive":null,"is_multi_shaded":null,"is_out_of_stock":null,"is_preorder":false,"is_preorderable":null,"is_promotional":null,"is_replenishable":false,"is_search_suppressed":null,"is_searchable":true,"is_shaded":null,"is_sized":null,"is_sold_out":null,"is_under_weight_hazmat":false,"is_vto_enabled":null,"life_of_product":"Basic Reorder","material_code":"ZEK2060001","media":{"large":[{"alt":"クリニーク ポップ ","height":1200,"position":1,"src":"/media/export/cms/products/1200x1500/cl_sku_ZEK206_1200x1500_0.png","type":"image","width":1500}],"medium":[{"alt":"クリニーク ポップ ","height":600,"position":2,"src":"/media/export/cms/products/600x750/cl_sku_ZEK206_600x750_0.png","type":"image","width":750}],"model":null,"poster":null,"small":[{"alt":"クリニーク ポップ ","height":1200,"position":3,"src":"/media/export/cms/products/1200x1500/cl_sku_ZEK206_1200x1500_0.png","type":"image","width":1500}],"smoosh":[{"alt":"クリニーク ポップ ","height":1200,"position":0,"src":"/media/export/cms/products/1200x1500/swatches_v3/38_ns_ng.png","type":"image","width":1500}],"xl":null},"out_of_stock_threshold":null,"perlgem":{"SKU_BASE_ID":62432},"preorder_date":null,"prices":[{"currency":"JPY","exclude_tax":{"original_price":3200,"original_price_formatted":"¥3,200","price":3200,"price_formatted":"¥3,200","price_per_unit":null,"price_per_unit_formatted":""},"include_tax":{"original_price":3520,"original_price_formatted":"¥3,520","price":3520,"price_formatted":"¥3,520","price_per_unit":null,"price_per_unit_formatted":""},"is_discounted":false}],"purchase_limit":null,"replenishment":{"message":null},"reviews":{"average_rating":null,"number_of_questions":null,"number_of_reviews":null},"set_components":null,"shade_groups":null,"shades":[{"description":"元気でハッピーなポピーのように、キュートなオレンジレッド","hex_val":"#eb4944","image":{"height":null,"src":"","width":null},"name":"06 ポピー ポップ","smoosh_design":{"group_id":null,"name":"38::none::none"}}],"sizes":[{"key":1,"value":null}],"skin":{"tone":null,"type":null,"type_description":null},"sku_badge":null,"sku_badge_image":null,"sku_display_order":7,"sku_id":"ZEK206","sku_promo_messaging":null,"sku_type":"SE","sku_url":null,"tags":{"total":14,"items":[{"id":"15513","key":"recommendedforstudents","value":"RecommendedforStudents"},{"id":"22833","key":"3500円税抜以下のおすすめ製品","value":"3500円(税抜)以下のおすすめ製品"},{"id":"27171","key":"day4flashsale","value":"Day4FlashSale"},{"id":"11751","key":"line-limited","value":"Line_limited"},{"id":"18067","key":"価格別2200円","value":"価格別2200円"},{"id":"18453","key":"plus1","value":"Plus1"},{"id":"27172","key":"day5flashsale","value":"Day5FlashSale"},{"id":"17695","key":"gifts-for-her","value":"Gifts for her"},{"id":"13770","key":"gwp","value":"GWP"},{"id":"16760","key":"clinique-pop-series","value":"Clinique Pop Series"},{"id":"19570","key":"おすすめ製品","value":"おすすめ製品"},{"id":"16916","key":"gift-ideas-for-events","value":"Gift Ideas for Events"},{"id":"1000020","key":"スペシャルカテゴリ","value":"スペシャルカテゴリ"},{"id":"1605","key":"リップスティック","value":"リップスティック"}]},"texture":null,"undertone":null,"unit_of_measure":null,"unit_size":null,"unit_size_formatted":null,"upc":"020714739317","vto":{"is_color_experience":null,"is_foundation_experience":null}},{"color_family":[{"key":"pink-color","value":"pink_color"}],"coverage_options":null,"cross_sell":null,"display_status":7,"finish":[{"key":"satin-finish","value":"satin_finish"}],"finish_options":[{"key":"satin-finish","value":"satin_finish"}],"fragrances":[{"family":null,"key":null,"value":null}],"iln_listing":"ヒマシ油・リンゴ酸ジイソステアリル・クエン酸トリオクチルドデシル・液状ラノリン・トリ（カプリル酸／カプリン酸）グリセリル・キャンデリラロウ・（イソステアリン酸／コハク酸）ヒマシ油・シリカ・オクチルドデカノール・オゾケライト・ポリエチレン・水添ポリデセン・ビスジグリセリルポリアシルアジペート－２・パルミチン酸エチルヘキシル・マイクロクリスタリンワックス・アストロカリウムムルムル脂・スクワラン・ＰＣＡラウリル・（メタクリル酸ラウリル／ジメタクリル酸エチレングリコール）コポリマー・コレステロール・リノール酸・酢酸トコフェロール・アンズ核油・シア脂・オオムギエキス・セラミド２・コムギ胚芽エキス・オレイン酸・ジメチルシリル化シリカ・ステアリン酸グリセリル・テトラ（ジ－ｔ－ブチルヒドロキシヒドロケイヒ酸）ペンタエリスリチル・リノレン酸・パルミチン酸・オリーブ果汁・ＢＧ・テトラヘキシルデカン酸アスコルビル・コレステロール（羊毛）・カプリリルグリコール・ヒアルロン酸Ｎａ・コムギフスマエキス・ヘキシレングリコール・硫酸Ｋ・ホウケイ酸（Ｃａ／Ｎａ）・ホウケイ酸（Ｃａ／Ａｌ）・合成金雲母・水酸化Ａｌ・フェノキシエタノール　＋／－　酸化チタン・硫酸Ｂａ・マイカ・酸化鉄・赤２０２・赤１０４（１）・黄４・赤２０１・アルミナ・青１・赤２２７・カルミン・酸化スズ<JILN6800>","iln_version_number":"JILN6800","inventory_status":"Active","is_active":true,"is_coming_soon":null,"is_default_sku":false,"is_discountable":true,"is_displayable":null,"is_engravable":null,"is_fragrance":null,"is_giftable":null,"is_giftwrap":false,"is_inactive":null,"is_multi_shaded":null,"is_out_of_stock":null,"is_preorder":false,"is_preorderable":null,"is_promotional":null,"is_replenishable":false,"is_search_suppressed":null,"is_searchable":true,"is_shaded":null,"is_sized":null,"is_sold_out":null,"is_under_weight_hazmat":false,"is_vto_enabled":null,"life_of_product":"Basic Reorder","material_code":"ZEK2090001","media":{"large":[{"alt":"クリニーク ポップ ","height":1200,"position":1,"src":"/media/export/cms/products/1200x1500/cl_sku_ZEK209_1200x1500_0.png","type":"image","width":1500}],"medium":[{"alt":"クリニーク ポップ ","height":600,"position":2,"src":"/media/export/cms/products/600x750/cl_sku_ZEK209_600x750_0.png","type":"image","width":750}],"model":null,"poster":null,"small":[{"alt":"クリニーク ポップ ","height":1200,"position":3,"src":"/media/export/cms/products/1200x1500/cl_sku_ZEK209_1200x1500_0.png","type":"image","width":1500}],"smoosh":[{"alt":"クリニーク ポップ ","height":1200,"position":0,"src":"/media/export/cms/products/1200x1500/swatches_v3/38_ns_ng.png","type":"image","width":1500}],"xl":null},"out_of_stock_threshold":null,"perlgem":{"SKU_BASE_ID":62434},"preorder_date":null,"prices":[{"currency":"JPY","exclude_tax":{"original_price":3200,"original_price_formatted":"¥3,200","price":3200,"price_formatted":"¥3,200","price_per_unit":null,"price_per_unit_formatted":""},"include_tax":{"original_price":3520,"original_price_formatted":"¥3,520","price":3520,"price_formatted":"¥3,520","price_per_unit":null,"price_per_unit_formatted":""},"is_discounted":false}],"purchase_limit":null,"replenishment":{"message":null},"reviews":{"average_rating":null,"number_of_questions":null,"number_of_reviews":null},"set_components":null,"shade_groups":null,"shades":[{"description":"自分の中の少女が目覚める、スウィートな鮮やかピンク","hex_val":"#eb6b8a","image":{"height":null,"src":"","width":null},"name":"09 スウィート ポップ","smoosh_design":{"group_id":null,"name":"38::none::none"}}],"sizes":[{"key":1,"value":null}],"skin":{"tone":null,"type":null,"type_description":null},"sku_badge":null,"sku_badge_image":null,"sku_display_order":9,"sku_id":"ZEK209","sku_promo_messaging":null,"sku_type":"SE","sku_url":null,"tags":{"total":15,"items":[{"id":"15513","key":"recommendedforstudents","value":"RecommendedforStudents"},{"id":"22833","key":"3500円税抜以下のおすすめ製品","value":"3500円(税抜)以下のおすすめ製品"},{"id":"27171","key":"day4flashsale","value":"Day4FlashSale"},{"id":"11751","key":"line-limited","value":"Line_limited"},{"id":"18067","key":"価格別2200円","value":"価格別2200円"},{"id":"18453","key":"plus1","value":"Plus1"},{"id":"27172","key":"day5flashsale","value":"Day5FlashSale"},{"id":"17695","key":"gifts-for-her","value":"Gifts for her"},{"id":"13770","key":"gwp","value":"GWP"},{"id":"16760","key":"clinique-pop-series","value":"Clinique Pop Series"},{"id":"19570","key":"おすすめ製品","value":"おすすめ製品"},{"id":"16916","key":"gift-ideas-for-events","value":"Gift Ideas for Events"},{"id":"1000020","key":"スペシャルカテゴリ","value":"スペシャルカテゴリ"},{"id":"1605","key":"リップスティック","value":"リップスティック"},{"id":"27174","key":"day7flashsale","value":"Day7FlashSale"}]},"texture":null,"undertone":null,"unit_of_measure":null,"unit_size":null,"unit_size_formatted":null,"upc":"020714739348","vto":{"is_color_experience":null,"is_foundation_experience":null}},{"color_family":[{"key":"violet-color","value":"violet_color"}],"coverage_options":null,"cross_sell":null,"display_status":7,"finish":[{"key":"satin-finish","value":"satin_finish"}],"finish_options":[{"key":"satin-finish","value":"satin_finish"}],"fragrances":[{"family":null,"key":null,"value":null}],"iln_listing":"ヒマシ油・リンゴ酸ジイソステアリル・クエン酸トリオクチルドデシル・液状ラノリン・トリ（カプリル酸／カプリン酸）グリセリル・キャンデリラロウ・（イソステアリン酸／コハク酸）ヒマシ油・シリカ・オクチルドデカノール・オゾケライト・ポリエチレン・水添ポリデセン・ビスジグリセリルポリアシルアジペート－２・パルミチン酸エチルヘキシル・マイクロクリスタリンワックス・アストロカリウムムルムル脂・スクワラン・ＰＣＡラウリル・（メタクリル酸ラウリル／ジメタクリル酸エチレングリコール）コポリマー・コレステロール・リノール酸・酢酸トコフェロール・アンズ核油・シア脂・オオムギエキス・セラミド２・コムギ胚芽エキス・オレイン酸・ジメチルシリル化シリカ・ステアリン酸グリセリル・テトラ（ジ－ｔ－ブチルヒドロキシヒドロケイヒ酸）ペンタエリスリチル・リノレン酸・パルミチン酸・オリーブ果汁・ＢＧ・テトラヘキシルデカン酸アスコルビル・コレステロール（羊毛）・カプリリルグリコール・ヒアルロン酸Ｎａ・コムギフスマエキス・ヘキシレングリコール・硫酸Ｋ・ホウケイ酸（Ｃａ／Ｎａ）・ホウケイ酸（Ｃａ／Ａｌ）・合成金雲母・水酸化Ａｌ・フェノキシエタノール　＋／－　酸化チタン・硫酸Ｂａ・マイカ・酸化鉄・赤２０２・赤１０４（１）・黄４・赤２０１・アルミナ・青１・赤２２７・カルミン・酸化スズ<JILN6800>","iln_version_number":"JILN6800","inventory_status":"Active","is_active":true,"is_coming_soon":null,"is_default_sku":true,"is_discountable":true,"is_displayable":null,"is_engravable":null,"is_fragrance":null,"is_giftable":null,"is_giftwrap":false,"is_inactive":null,"is_multi_shaded":null,"is_out_of_stock":null,"is_preorder":false,"is_preorderable":null,"is_promotional":null,"is_replenishable":false,"is_search_suppressed":null,"is_searchable":true,"is_shaded":null,"is_sized":null,"is_sold_out":null,"is_under_weight_hazmat":false,"is_vto_enabled":null,"life_of_product":"Basic Reorder","material_code":"ZEK2140001","media":{"large":[{"alt":"クリニーク ポップ ","height":1200,"position":1,"src":"/media/export/cms/products/1200x1500/cl_sku_ZEK214_1200x1500_0.png","type":"image","width":1500}],"medium":[{"alt":"クリニーク ポップ ","height":600,"position":2,"src":"/media/export/cms/products/600x750/cl_sku_ZEK214_600x750_0.png","type":"image","width":750},{"alt":"クリニーク ポップ ","height":600,"position":3,"src":"/media/export/cms/products/600x750/cl_sku_ZEK214_600x750_1.png","type":"image","width":750}],"model":null,"poster":null,"small":[{"alt":"クリニーク ポップ ","height":1200,"position":4,"src":"/media/export/cms/products/1200x1500/cl_sku_ZEK214_1200x1500_0.png","type":"image","width":1500}],"smoosh":[{"alt":"クリニーク ポップ ","height":1200,"position":0,"src":"/media/export/cms/products/1200x1500/swatches_v3/38_ns_ng.png","type":"image","width":1500}],"xl":null},"out_of_stock_threshold":null,"perlgem":{"SKU_BASE_ID":62440},"preorder_date":null,"prices":[{"currency":"JPY","exclude_tax":{"original_price":3200,"original_price_formatted":"¥3,200","price":3200,"price_formatted":"¥3,200","price_per_unit":null,"price_per_unit_formatted":""},"include_tax":{"original_price":3520,"original_price_formatted":"¥3,520","price":3520,"price_formatted":"¥3,520","price_per_unit":null,"price_per_unit_formatted":""},"is_discounted":false}],"purchase_limit":null,"replenishment":{"message":null},"reviews":{"average_rating":null,"number_of_questions":null,"number_of_reviews":null},"set_components":null,"shade_groups":null,"shades":[{"description":"華やかさも持ち合わせたモーブピンク","hex_val":"#b45865","image":{"height":null,"src":"","width":null},"name":"14 プラム ポップ","smoosh_design":{"group_id":null,"name":"38::none::none"}}],"sizes":[{"key":1,"value":null}],"skin":{"tone":null,"type":null,"type_description":null},"sku_badge":null,"sku_badge_image":null,"sku_display_order":11,"sku_id":"ZEK214","sku_promo_messaging":null,"sku_type":"SE","sku_url":null,"tags":{"total":15,"items":[{"id":"15513","key":"recommendedforstudents","value":"RecommendedforStudents"},{"id":"22833","key":"3500円税抜以下のおすすめ製品","value":"3500円(税抜)以下のおすすめ製品"},{"id":"27171","key":"day4flashsale","value":"Day4FlashSale"},{"id":"11751","key":"line-limited","value":"Line_limited"},{"id":"18067","key":"価格別2200円","value":"価格別2200円"},{"id":"18453","key":"plus1","value":"Plus1"},{"id":"27172","key":"day5flashsale","value":"Day5FlashSale"},{"id":"17695","key":"gifts-for-her","value":"Gifts for her"},{"id":"13770","key":"gwp","value":"GWP"},{"id":"16760","key":"clinique-pop-series","value":"Clinique Pop Series"},{"id":"19570","key":"おすすめ製品","value":"おすすめ製品"},{"id":"16916","key":"gift-ideas-for-events","value":"Gift Ideas for Events"},{"id":"1000020","key":"スペシャルカテゴリ","value":"スペシャルカテゴリ"},{"id":"1605","key":"リップスティック","value":"リップスティック"},{"id":"27174","key":"day7flashsale","value":"Day7FlashSale"}]},"texture":null,"undertone":null,"unit_of_measure":null,"unit_size":null,"unit_size_formatted":null,"upc":"020714739393","vto":{"is_color_experience":null,"is_foundation_experience":null}},{"color_family":[{"key":"red-color","value":"red_color"}],"coverage_options":null,"cross_sell":null,"display_status":7,"finish":[{"key":"satin-finish","value":"satin_finish"}],"finish_options":[{"key":"satin-finish","value":"satin_finish"}],"fragrances":[{"family":null,"key":null,"value":null}],"iln_listing":"ヒマシ油・リンゴ酸ジイソステアリル・クエン酸トリオクチルドデシル・液状ラノリン・トリ（カプリル酸／カプリン酸）グリセリル・キャンデリラロウ・（イソステアリン酸／コハク酸）ヒマシ油・シリカ・オクチルドデカノール・オゾケライト・ポリエチレン・水添ポリデセン・ビスジグリセリルポリアシルアジペート－２・パルミチン酸エチルヘキシル・マイクロクリスタリンワックス・アストロカリウムムルムル脂・スクワラン・ＰＣＡラウリル・（メタクリル酸ラウリル／ジメタクリル酸エチレングリコール）コポリマー・コレステロール・リノール酸・酢酸トコフェロール・アンズ核油・シア脂・オオムギエキス・セラミド２・コムギ胚芽エキス・オレイン酸・ジメチルシリル化シリカ・ステアリン酸グリセリル・テトラ（ジ－ｔ－ブチルヒドロキシヒドロケイヒ酸）ペンタエリスリチル・リノレン酸・パルミチン酸・オリーブ果汁・ＢＧ・テトラヘキシルデカン酸アスコルビル・コレステロール（羊毛）・カプリリルグリコール・ヒアルロン酸Ｎａ・コムギフスマエキス・ヘキシレングリコール・硫酸Ｋ・ホウケイ酸（Ｃａ／Ｎａ）・ホウケイ酸（Ｃａ／Ａｌ）・合成金雲母・水酸化Ａｌ・フェノキシエタノール　＋／－　酸化チタン・硫酸Ｂａ・マイカ・酸化鉄・赤２０２・赤１０４（１）・黄４・赤２０１・アルミナ・青１・赤２２７・カルミン・酸化スズ<JILN6800>","iln_version_number":"JILN6800","inventory_status":"Active","is_active":true,"is_coming_soon":null,"is_default_sku":false,"is_discountable":true,"is_displayable":null,"is_engravable":null,"is_fragrance":null,"is_giftable":null,"is_giftwrap":false,"is_inactive":null,"is_multi_shaded":null,"is_out_of_stock":null,"is_preorder":false,"is_preorderable":null,"is_promotional":null,"is_replenishable":false,"is_search_suppressed":null,"is_searchable":true,"is_shaded":null,"is_sized":null,"is_sold_out":null,"is_under_weight_hazmat":false,"is_vto_enabled":null,"life_of_product":"Basic Reorder","material_code":"ZEK2080001","media":{"large":[{"alt":"クリニーク ポップ ","height":1200,"position":1,"src":"/media/export/cms/products/1200x1500/cl_sku_ZEK208_1200x1500_0.png","type":"image","width":1500}],"medium":[{"alt":"クリニーク ポップ ","height":600,"position":2,"src":"/media/export/cms/products/600x750/cl_sku_ZEK208_600x750_0.png","type":"image","width":750}],"model":null,"poster":null,"small":[{"alt":"クリニーク ポップ ","height":1200,"position":3,"src":"/media/export/cms/products/1200x1500/cl_sku_ZEK208_1200x1500_0.png","type":"image","width":1500}],"smoosh":[{"alt":"クリニーク ポップ ","height":1200,"position":0,"src":"/media/export/cms/products/1200x1500/swatches_v3/38_ns_ng.png","type":"image","width":1500}],"xl":null},"out_of_stock_threshold":null,"perlgem":{"SKU_BASE_ID":61900},"preorder_date":null,"prices":[{"currency":"JPY","exclude_tax":{"original_price":3200,"original_price_formatted":"¥3,200","price":3200,"price_formatted":"¥3,200","price_per_unit":null,"price_per_unit_formatted":""},"include_tax":{"original_price":3520,"original_price_formatted":"¥3,520","price":3520,"price_formatted":"¥3,520","price_per_unit":null,"price_per_unit_formatted":""},"is_discounted":false}],"purchase_limit":null,"replenishment":{"message":null},"reviews":{"average_rating":null,"number_of_questions":null,"number_of_reviews":null},"set_components":null,"shade_groups":null,"shades":[{"description":"少しピンクを感じるが―リーなチェリーレッド","hex_val":"#b90e26","image":{"height":null,"src":"","width":null},"name":"08 チェリー ポップ","smoosh_design":{"group_id":null,"name":"38::none::none"}}],"sizes":[{"key":1,"value":null}],"skin":{"tone":null,"type":null,"type_description":null},"sku_badge":null,"sku_badge_image":null,"sku_display_order":12,"sku_id":"ZEK208","sku_promo_messaging":null,"sku_type":"SE","sku_url":null,"tags":{"total":18,"items":[{"id":"15513","key":"recommendedforstudents","value":"RecommendedforStudents"},{"id":"13562","key":"makeup","value":"Makeup"},{"id":"22833","key":"3500円税抜以下のおすすめ製品","value":"3500円(税抜)以下のおすすめ製品"},{"id":"27171","key":"day4flashsale","value":"Day4FlashSale"},{"id":"11751","key":"line-limited","value":"Line_limited"},{"id":"18067","key":"価格別2200円","value":"価格別2200円"},{"id":"18453","key":"plus1","value":"Plus1"},{"id":"27172","key":"day5flashsale","value":"Day5FlashSale"},{"id":"17695","key":"gifts-for-her","value":"Gifts for her"},{"id":"13770","key":"gwp","value":"GWP"},{"id":"13569","key":"gifts-under-25","value":"Gifts Under $25"},{"id":"16760","key":"clinique-pop-series","value":"Clinique Pop Series"},{"id":"19570","key":"おすすめ製品","value":"おすすめ製品"},{"id":"16916","key":"gift-ideas-for-events","value":"Gift Ideas for Events"},{"id":"1000020","key":"スペシャルカテゴリ","value":"スペシャルカテゴリ"},{"id":"13561","key":"holiday-2014","value":"Holiday 2014"},{"id":"1605","key":"リップスティック","value":"リップスティック"},{"id":"27174","key":"day7flashsale","value":"Day7FlashSale"}]},"texture":null,"undertone":null,"unit_of_measure":null,"unit_size":null,"unit_size_formatted":null,"upc":"020714739331","vto":{"is_color_experience":null,"is_foundation_experience":null}},{"color_family":[{"key":"pink-color","value":"pink_color"}],"coverage_options":null,"cross_sell":null,"display_status":7,"finish":[{"key":"satin-finish","value":"satin_finish"}],"finish_options":[{"key":"satin-finish","value":"satin_finish"}],"fragrances":[{"family":null,"key":null,"value":null}],"iln_listing":"ヒマシ油・リンゴ酸ジイソステアリル・クエン酸トリオクチルドデシル・液状ラノリン・トリ（カプリル酸／カプリン酸）グリセリル・キャンデリラロウ・（イソステアリン酸／コハク酸）ヒマシ油・シリカ・オクチルドデカノール・オゾケライト・ポリエチレン・水添ポリデセン・ビスジグリセリルポリアシルアジペート－２・パルミチン酸エチルヘキシル・マイクロクリスタリンワックス・アストロカリウムムルムル脂・スクワラン・ＰＣＡラウリル・（メタクリル酸ラウリル／ジメタクリル酸エチレングリコール）コポリマー・コレステロール・リノール酸・酢酸トコフェロール・アンズ核油・シア脂・オオムギエキス・セラミド２・コムギ胚芽エキス・オレイン酸・ジメチルシリル化シリカ・ステアリン酸グリセリル・テトラ（ジ－ｔ－ブチルヒドロキシヒドロケイヒ酸）ペンタエリスリチル・リノレン酸・パルミチン酸・オリーブ果汁・ＢＧ・テトラヘキシルデカン酸アスコルビル・コレステロール（羊毛）・カプリリルグリコール・ヒアルロン酸Ｎａ・コムギフスマエキス・ヘキシレングリコール・硫酸Ｋ・ホウケイ酸（Ｃａ／Ｎａ）・ホウケイ酸（Ｃａ／Ａｌ）・合成金雲母・水酸化Ａｌ・フェノキシエタノール　＋／－　酸化チタン・硫酸Ｂａ・マイカ・酸化鉄・赤２０２・赤１０４（１）・黄４・赤２０１・アルミナ・青１・赤２２７・カルミン・酸化スズ<JILN6800>","iln_version_number":"JILN6800","inventory_status":"Active","is_active":true,"is_coming_soon":null,"is_default_sku":false,"is_discountable":true,"is_displayable":null,"is_engravable":null,"is_fragrance":null,"is_giftable":null,"is_giftwrap":false,"is_inactive":null,"is_multi_shaded":null,"is_out_of_stock":null,"is_preorder":false,"is_preorderable":null,"is_promotional":null,"is_replenishable":false,"is_search_suppressed":null,"is_searchable":true,"is_shaded":null,"is_sized":null,"is_sold_out":null,"is_under_weight_hazmat":false,"is_vto_enabled":null,"life_of_product":"Basic Reorder","material_code":"ZEK2100001","media":{"large":[{"alt":"クリニーク ポップ ","height":1200,"position":1,"src":"/media/export/cms/products/1200x1500/cl_sku_ZEK210_1200x1500_0.png","type":"image","width":1500}],"medium":[{"alt":"クリニーク ポップ ","height":600,"position":2,"src":"/media/export/cms/products/600x750/cl_sku_ZEK210_600x750_0.png","type":"image","width":750}],"model":null,"poster":null,"small":[{"alt":"クリニーク ポップ ","height":1200,"position":3,"src":"/media/export/cms/products/1200x1500/cl_sku_ZEK210_1200x1500_0.png","type":"image","width":1500}],"smoosh":[{"alt":"クリニーク ポップ ","height":1200,"position":0,"src":"/media/export/cms/products/1200x1500/swatches_v3/38_ns_ng.png","type":"image","width":1500}],"xl":null},"out_of_stock_threshold":null,"perlgem":{"SKU_BASE_ID":61901},"preorder_date":null,"prices":[{"currency":"JPY","exclude_tax":{"original_price":3200,"original_price_formatted":"¥3,200","price":3200,"price_formatted":"¥3,200","price_per_unit":null,"price_per_unit_formatted":""},"include_tax":{"original_price":3520,"original_price_formatted":"¥3,520","price":3520,"price_formatted":"¥3,520","price_per_unit":null,"price_per_unit_formatted":""},"is_discounted":false}],"purchase_limit":null,"replenishment":{"message":null},"reviews":{"average_rating":null,"number_of_questions":null,"number_of_reviews":null},"set_components":null,"shade_groups":null,"shades":[{"description":"女性らしいビビッドなローズピンク","hex_val":"#cb254c","image":{"height":null,"src":"","width":null},"name":"10 パンチ ポップ","smoosh_design":{"group_id":null,"name":"38::none::none"}}],"sizes":[{"key":1,"value":null}],"skin":{"tone":null,"type":null,"type_description":null},"sku_badge":null,"sku_badge_image":null,"sku_display_order":13,"sku_id":"ZEK210","sku_promo_messaging":null,"sku_type":"SE","sku_url":null,"tags":{"total":15,"items":[{"id":"15513","key":"recommendedforstudents","value":"RecommendedforStudents"},{"id":"22833","key":"3500円税抜以下のおすすめ製品","value":"3500円(税抜)以下のおすすめ製品"},{"id":"27171","key":"day4flashsale","value":"Day4FlashSale"},{"id":"11751","key":"line-limited","value":"Line_limited"},{"id":"18067","key":"価格別2200円","value":"価格別2200円"},{"id":"18453","key":"plus1","value":"Plus1"},{"id":"27172","key":"day5flashsale","value":"Day5FlashSale"},{"id":"17695","key":"gifts-for-her","value":"Gifts for her"},{"id":"13770","key":"gwp","value":"GWP"},{"id":"16760","key":"clinique-pop-series","value":"Clinique Pop Series"},{"id":"19570","key":"おすすめ製品","value":"おすすめ製品"},{"id":"16916","key":"gift-ideas-for-events","value":"Gift Ideas for Events"},{"id":"1000020","key":"スペシャルカテゴリ","value":"スペシャルカテゴリ"},{"id":"1605","key":"リップスティック","value":"リップスティック"},{"id":"27174","key":"day7flashsale","value":"Day7FlashSale"}]},"texture":null,"undertone":null,"unit_of_measure":null,"unit_size":null,"unit_size_formatted":null,"upc":"020714739355","vto":{"is_color_experience":null,"is_foundation_experience":null}},{"color_family":[{"key":"violet-color","value":"violet_color"}],"coverage_options":null,"cross_sell":null,"display_status":7,"finish":[{"key":"satin-finish","value":"satin_finish"}],"finish_options":[{"key":"satin-finish","value":"satin_finish"}],"fragrances":[{"family":null,"key":null,"value":null}],"iln_listing":"ヒマシ油・リンゴ酸ジイソステアリル・クエン酸トリオクチルドデシル・液状ラノリン・トリ（カプリル酸／カプリン酸）グリセリル・キャンデリラロウ・（イソステアリン酸／コハク酸）ヒマシ油・シリカ・オクチルドデカノール・オゾケライト・ポリエチレン・水添ポリデセン・ビスジグリセリルポリアシルアジペート－２・パルミチン酸エチルヘキシル・マイクロクリスタリンワックス・アストロカリウムムルムル脂・スクワラン・ＰＣＡラウリル・（メタクリル酸ラウリル／ジメタクリル酸エチレングリコール）コポリマー・コレステロール・リノール酸・酢酸トコフェロール・アンズ核油・シア脂・オオムギエキス・セラミド２・コムギ胚芽エキス・オレイン酸・ジメチルシリル化シリカ・ステアリン酸グリセリル・テトラ（ジ－ｔ－ブチルヒドロキシヒドロケイヒ酸）ペンタエリスリチル・リノレン酸・パルミチン酸・オリーブ果汁・ＢＧ・テトラヘキシルデカン酸アスコルビル・コレステロール（羊毛）・カプリリルグリコール・ヒアルロン酸Ｎａ・コムギフスマエキス・ヘキシレングリコール・硫酸Ｋ・ホウケイ酸（Ｃａ／Ｎａ）・ホウケイ酸（Ｃａ／Ａｌ）・合成金雲母・水酸化Ａｌ・フェノキシエタノール　＋／－　酸化チタン・硫酸Ｂａ・マイカ・酸化鉄・赤２０２・赤１０４（１）・黄４・赤２０１・アルミナ・青１・赤２２７・カルミン・酸化スズ<JILN6800>","iln_version_number":"JILN6800","inventory_status":"Active","is_active":true,"is_coming_soon":null,"is_default_sku":false,"is_discountable":true,"is_displayable":null,"is_engravable":null,"is_fragrance":null,"is_giftable":null,"is_giftwrap":false,"is_inactive":null,"is_multi_shaded":null,"is_out_of_stock":null,"is_preorder":false,"is_preorderable":null,"is_promotional":null,"is_replenishable":false,"is_search_suppressed":null,"is_searchable":true,"is_shaded":null,"is_sized":null,"is_sold_out":null,"is_under_weight_hazmat":false,"is_vto_enabled":null,"life_of_product":"Basic Reorder","material_code":"ZEK1300001","media":{"large":[{"alt":"クリニーク ポップ ","height":1200,"position":1,"src":"/media/export/cms/products/1200x1500/cl_sku_ZEK213_1200x1500_0.png","type":"image","width":1500}],"medium":[{"alt":"クリニーク ポップ ","height":600,"position":2,"src":"/media/export/cms/products/600x750/cl_sku_ZEK213_600x750_0.png","type":"image","width":750}],"model":null,"poster":null,"small":[{"alt":"クリニーク ポップ ","height":1200,"position":3,"src":"/media/export/cms/products/1200x1500/cl_sku_ZEK213_1200x1500_0.png","type":"image","width":1500}],"smoosh":[{"alt":"クリニーク ポップ ","height":1200,"position":0,"src":"/media/export/cms/products/1200x1500/swatches_v3/38_ns_ng.png","type":"image","width":1500}],"xl":null},"out_of_stock_threshold":null,"perlgem":{"SKU_BASE_ID":61902},"preorder_date":null,"prices":[{"currency":"JPY","exclude_tax":{"original_price":3200,"original_price_formatted":"¥3,200","price":3200,"price_formatted":"¥3,200","price_per_unit":null,"price_per_unit_formatted":""},"include_tax":{"original_price":3520,"original_price_formatted":"¥3,520","price":3520,"price_formatted":"¥3,520","price_per_unit":null,"price_per_unit_formatted":""},"is_discounted":false}],"purchase_limit":null,"replenishment":{"message":null},"reviews":{"average_rating":null,"number_of_questions":null,"number_of_reviews":null},"set_components":null,"shade_groups":null,"shades":[{"description":"愛され顔をつくる大人ローズ","hex_val":"#8d3949","image":{"height":null,"src":"","width":null},"name":"13 ラブ ポップ","smoosh_design":{"group_id":null,"name":"38::none::none"}}],"sizes":[{"key":1,"value":null}],"skin":{"tone":null,"type":null,"type_description":null},"sku_badge":null,"sku_badge_image":null,"sku_display_order":14,"sku_id":"ZEK213","sku_promo_messaging":null,"sku_type":"SE","sku_url":null,"tags":{"total":15,"items":[{"id":"15513","key":"recommendedforstudents","value":"RecommendedforStudents"},{"id":"22833","key":"3500円税抜以下のおすすめ製品","value":"3500円(税抜)以下のおすすめ製品"},{"id":"27171","key":"day4flashsale","value":"Day4FlashSale"},{"id":"11751","key":"line-limited","value":"Line_limited"},{"id":"18067","key":"価格別2200円","value":"価格別2200円"},{"id":"18453","key":"plus1","value":"Plus1"},{"id":"27172","key":"day5flashsale","value":"Day5FlashSale"},{"id":"17695","key":"gifts-for-her","value":"Gifts for her"},{"id":"13770","key":"gwp","value":"GWP"},{"id":"16760","key":"clinique-pop-series","value":"Clinique Pop Series"},{"id":"19570","key":"おすすめ製品","value":"おすすめ製品"},{"id":"16916","key":"gift-ideas-for-events","value":"Gift Ideas for Events"},{"id":"1000020","key":"スペシャルカテゴリ","value":"スペシャルカテゴリ"},{"id":"1605","key":"リップスティック","value":"リップスティック"},{"id":"27174","key":"day7flashsale","value":"Day7FlashSale"}]},"texture":null,"undertone":null,"unit_of_measure":null,"unit_size":null,"unit_size_formatted":null,"upc":"020714739386","vto":{"is_color_experience":null,"is_foundation_experience":null}},{"color_family":[{"key":"violet-color","value":"violet_color"}],"coverage_options":null,"cross_sell":null,"display_status":7,"finish":[{"key":"satin-finish","value":"satin_finish"}],"finish_options":[{"key":"satin-finish","value":"satin_finish"}],"fragrances":[{"family":null,"key":null,"value":null}],"iln_listing":"ヒマシ油・リンゴ酸ジイソステアリル・クエン酸トリオクチルドデシル・液状ラノリン・トリ（カプリル酸／カプリン酸）グリセリル・キャンデリラロウ・（イソステアリン酸／コハク酸）ヒマシ油・シリカ・オクチルドデカノール・オゾケライト・ポリエチレン・水添ポリデセン・ビスジグリセリルポリアシルアジペート－２・パルミチン酸エチルヘキシル・マイクロクリスタリンワックス・アストロカリウムムルムル脂・スクワラン・ＰＣＡラウリル・（メタクリル酸ラウリル／ジメタクリル酸エチレングリコール）コポリマー・コレステロール・リノール酸・酢酸トコフェロール・アンズ核油・シア脂・オオムギエキス・セラミド２・コムギ胚芽エキス・オレイン酸・ジメチルシリル化シリカ・ステアリン酸グリセリル・テトラ（ジ－ｔ－ブチルヒドロキシヒドロケイヒ酸）ペンタエリスリチル・リノレン酸・パルミチン酸・オリーブ果汁・ＢＧ・テトラヘキシルデカン酸アスコルビル・コレステロール（羊毛）・カプリリルグリコール・ヒアルロン酸Ｎａ・コムギフスマエキス・ヘキシレングリコール・硫酸Ｋ・ホウケイ酸（Ｃａ／Ｎａ）・ホウケイ酸（Ｃａ／Ａｌ）・合成金雲母・水酸化Ａｌ・フェノキシエタノール　＋／－　酸化チタン・硫酸Ｂａ・マイカ・酸化鉄・赤２０２・赤１０４（１）・黄４・赤２０１・アルミナ・青１・赤２２７・カルミン・酸化スズ<JILN6800>","iln_version_number":"JILN6800","inventory_status":"Active","is_active":true,"is_coming_soon":null,"is_default_sku":false,"is_discountable":true,"is_displayable":null,"is_engravable":null,"is_fragrance":null,"is_giftable":null,"is_giftwrap":false,"is_inactive":null,"is_multi_shaded":null,"is_out_of_stock":null,"is_preorder":false,"is_preorderable":null,"is_promotional":null,"is_replenishable":false,"is_search_suppressed":null,"is_searchable":true,"is_shaded":null,"is_sized":null,"is_sold_out":null,"is_under_weight_hazmat":false,"is_vto_enabled":null,"life_of_product":"Basic Reorder","material_code":"ZEK2150001","media":{"large":[{"alt":"クリニーク ポップ ","height":1200,"position":1,"src":"/media/export/cms/products/1200x1500/cl_sku_ZEK215_1200x1500_0.png","type":"image","width":1500}],"medium":[{"alt":"クリニーク ポップ ","height":600,"position":2,"src":"/media/export/cms/products/600x750/cl_sku_ZEK215_600x750_0.png","type":"image","width":750}],"model":null,"poster":null,"small":[{"alt":"クリニーク ポップ ","height":1200,"position":3,"src":"/media/export/cms/products/1200x1500/cl_sku_ZEK215_1200x1500_0.png","type":"image","width":1500}],"smoosh":[{"alt":"クリニーク ポップ ","height":1200,"position":0,"src":"/media/export/cms/products/1200x1500/swatches_v3/38_ns_ng.png","type":"image","width":1500}],"xl":null},"out_of_stock_threshold":null,"perlgem":{"SKU_BASE_ID":62442},"preorder_date":null,"prices":[{"currency":"JPY","exclude_tax":{"original_price":3200,"original_price_formatted":"¥3,200","price":3200,"price_formatted":"¥3,200","price_per_unit":null,"price_per_unit_formatted":""},"include_tax":{"original_price":3520,"original_price_formatted":"¥3,520","price":3520,"price_formatted":"¥3,520","price_per_unit":null,"price_per_unit_formatted":""},"is_discounted":false}],"purchase_limit":null,"replenishment":{"message":null},"reviews":{"average_rating":null,"number_of_questions":null,"number_of_reviews":null},"set_components":null,"shade_groups":null,"shades":[{"description":"ほんのり色っぽいシックなボルドーカラー","hex_val":"#641126","image":{"height":null,"src":"","width":null},"name":"15 ベリー ポップ","smoosh_design":{"group_id":null,"name":"38::none::none"}}],"sizes":[{"key":1,"value":null}],"skin":{"tone":null,"type":null,"type_description":null},"sku_badge":null,"sku_badge_image":null,"sku_display_order":15,"sku_id":"ZEK215","sku_promo_messaging":null,"sku_type":"SE","sku_url":null,"tags":{"total":11,"items":[{"id":"15513","key":"recommendedforstudents","value":"RecommendedforStudents"},{"id":"22833","key":"3500円税抜以下のおすすめ製品","value":"3500円(税抜)以下のおすすめ製品"},{"id":"27171","key":"day4flashsale","value":"Day4FlashSale"},{"id":"11751","key":"line-limited","value":"Line_limited"},{"id":"27172","key":"day5flashsale","value":"Day5FlashSale"},{"id":"13770","key":"gwp","value":"GWP"},{"id":"16760","key":"clinique-pop-series","value":"Clinique Pop Series"},{"id":"19570","key":"おすすめ製品","value":"おすすめ製品"},{"id":"16916","key":"gift-ideas-for-events","value":"Gift Ideas for Events"},{"id":"1000020","key":"スペシャルカテゴリ","value":"スペシャルカテゴリ"},{"id":"1605","key":"リップスティック","value":"リップスティック"}]},"texture":null,"undertone":null,"unit_of_measure":null,"unit_size":null,"unit_size_formatted":null,"upc":"020714739409","vto":{"is_color_experience":null,"is_foundation_experience":null}},{"color_family":[{"key":"violet-color","value":"violet_color"}],"coverage_options":null,"cross_sell":null,"display_status":7,"finish":[{"key":"satin-finish","value":"satin_finish"}],"finish_options":[{"key":"satin-finish","value":"satin_finish"}],"fragrances":[{"family":null,"key":null,"value":null}],"iln_listing":"ヒマシ油・リンゴ酸ジイソステアリル・クエン酸トリオクチルドデシル・液状ラノリン・トリ（カプリル酸／カプリン酸）グリセリル・キャンデリラロウ・（イソステアリン酸／コハク酸）ヒマシ油・シリカ・オクチルドデカノール・オゾケライト・ポリエチレン・水添ポリデセン・ビスジグリセリルポリアシルアジペート－２・パルミチン酸エチルヘキシル・マイクロクリスタリンワックス・アストロカリウムムルムル脂・スクワラン・ＰＣＡラウリル・（メタクリル酸ラウリル／ジメタクリル酸エチレングリコール）コポリマー・コレステロール・リノール酸・酢酸トコフェロール・アンズ核油・シア脂・オオムギエキス・セラミド２・コムギ胚芽エキス・オレイン酸・ジメチルシリル化シリカ・ステアリン酸グリセリル・テトラ（ジ－ｔ－ブチルヒドロキシヒドロケイヒ酸）ペンタエリスリチル・リノレン酸・パルミチン酸・オリーブ果汁・ＢＧ・テトラヘキシルデカン酸アスコルビル・コレステロール（羊毛）・カプリリルグリコール・ヒアルロン酸Ｎａ・コムギフスマエキス・ヘキシレングリコール・硫酸Ｋ・ホウケイ酸（Ｃａ／Ｎａ）・ホウケイ酸（Ｃａ／Ａｌ）・合成金雲母・水酸化Ａｌ・フェノキシエタノール　＋／－　酸化チタン・硫酸Ｂａ・マイカ・酸化鉄・赤２０２・赤１０４（１）・黄４・赤２０１・アルミナ・青１・赤２２７・カルミン・酸化スズ<JILN6800>","iln_version_number":"JILN6800","inventory_status":"Active","is_active":true,"is_coming_soon":null,"is_default_sku":false,"is_discountable":true,"is_displayable":null,"is_engravable":null,"is_fragrance":null,"is_giftable":null,"is_giftwrap":false,"is_inactive":null,"is_multi_shaded":null,"is_out_of_stock":null,"is_preorder":false,"is_preorderable":null,"is_promotional":null,"is_replenishable":false,"is_search_suppressed":null,"is_searchable":true,"is_shaded":null,"is_sized":null,"is_sold_out":null,"is_under_weight_hazmat":false,"is_vto_enabled":null,"life_of_product":"Basic Reorder","material_code":"ZEK2160001","media":{"large":[{"alt":"クリニーク ポップ ","height":1200,"position":1,"src":"/media/export/cms/products/1200x1500/cl_sku_ZEK216_1200x1500_0.png","type":"image","width":1500}],"medium":[{"alt":"クリニーク ポップ ","height":600,"position":2,"src":"/media/export/cms/products/600x750/cl_sku_ZEK216_600x750_0.png","type":"image","width":750}],"model":null,"poster":null,"small":[{"alt":"クリニーク ポップ ","height":1200,"position":3,"src":"/media/export/cms/products/1200x1500/cl_sku_ZEK216_1200x1500_0.png","type":"image","width":1500}],"smoosh":[{"alt":"クリニーク ポップ ","height":1200,"position":0,"src":"/media/export/cms/products/1200x1500/swatches_v3/38_ns_ng.png","type":"image","width":1500}],"xl":null},"out_of_stock_threshold":null,"perlgem":{"SKU_BASE_ID":62443},"preorder_date":null,"prices":[{"currency":"JPY","exclude_tax":{"original_price":3200,"original_price_formatted":"¥3,200","price":3200,"price_formatted":"¥3,200","price_per_unit":null,"price_per_unit_formatted":""},"include_tax":{"original_price":3520,"original_price_formatted":"¥3,520","price":3520,"price_formatted":"¥3,520","price_per_unit":null,"price_per_unit_formatted":""},"is_discounted":false}],"purchase_limit":null,"replenishment":{"message":null},"reviews":{"average_rating":null,"number_of_questions":null,"number_of_reviews":null},"set_components":null,"shade_groups":null,"shades":[{"description":"一気にモード顔になれる青みがあるパープルモーブ","hex_val":"#974b6a","image":{"height":null,"src":"","width":null},"name":"16 グレープポップ","smoosh_design":{"group_id":null,"name":"38::none::none"}}],"sizes":[{"key":1,"value":null}],"skin":{"tone":null,"type":null,"type_description":null},"sku_badge":null,"sku_badge_image":null,"sku_display_order":16,"sku_id":"ZEK216","sku_promo_messaging":null,"sku_type":"SE","sku_url":null,"tags":{"total":15,"items":[{"id":"15513","key":"recommendedforstudents","value":"RecommendedforStudents"},{"id":"22833","key":"3500円税抜以下のおすすめ製品","value":"3500円(税抜)以下のおすすめ製品"},{"id":"27171","key":"day4flashsale","value":"Day4FlashSale"},{"id":"11751","key":"line-limited","value":"Line_limited"},{"id":"18067","key":"価格別2200円","value":"価格別2200円"},{"id":"18453","key":"plus1","value":"Plus1"},{"id":"27172","key":"day5flashsale","value":"Day5FlashSale"},{"id":"17695","key":"gifts-for-her","value":"Gifts for her"},{"id":"13770","key":"gwp","value":"GWP"},{"id":"16760","key":"clinique-pop-series","value":"Clinique Pop Series"},{"id":"19570","key":"おすすめ製品","value":"おすすめ製品"},{"id":"16916","key":"gift-ideas-for-events","value":"Gift Ideas for Events"},{"id":"1000020","key":"スペシャルカテゴリ","value":"スペシャルカテゴリ"},{"id":"1605","key":"リップスティック","value":"リップスティック"},{"id":"27174","key":"day7flashsale","value":"Day7FlashSale"}]},"texture":null,"undertone":null,"unit_of_measure":null,"unit_size":null,"unit_size_formatted":null,"upc":"020714739416","vto":{"is_color_experience":null,"is_foundation_experience":null}},{"color_family":[{"key":"nude-color","value":"nude_color"}],"coverage_options":null,"cross_sell":null,"display_status":7,"finish":[{"key":"satin-finish","value":"satin_finish"}],"finish_options":[{"key":"satin-finish","value":"satin_finish"}],"fragrances":[{"family":null,"key":null,"value":null}],"iln_listing":"ヒマシ油・リンゴ酸ジイソステアリル・クエン酸トリオクチルドデシル・液状ラノリン・トリ（カプリル酸／カプリン酸）グリセリル・キャンデリラロウ・（イソステアリン酸／コハク酸）ヒマシ油・シリカ・オクチルドデカノール・オゾケライト・ポリエチレン・水添ポリデセン・ビスジグリセリルポリアシルアジペート－２・パルミチン酸エチルヘキシル・マイクロクリスタリンワックス・アストロカリウムムルムル脂・スクワラン・ＰＣＡラウリル・（メタクリル酸ラウリル／ジメタクリル酸エチレングリコール）コポリマー・コレステロール・リノール酸・酢酸トコフェロール・アンズ核油・シア脂・オオムギエキス・セラミド２・コムギ胚芽エキス・オレイン酸・ジメチルシリル化シリカ・ステアリン酸グリセリル・テトラ（ジ－ｔ－ブチルヒドロキシヒドロケイヒ酸）ペンタエリスリチル・リノレン酸・パルミチン酸・オリーブ果汁・ＢＧ・テトラヘキシルデカン酸アスコルビル・コレステロール（羊毛）・カプリリルグリコール・ヒアルロン酸Ｎａ・コムギフスマエキス・ヘキシレングリコール・硫酸Ｋ・ホウケイ酸（Ｃａ／Ｎａ）・ホウケイ酸（Ｃａ／Ａｌ）・合成金雲母・水酸化Ａｌ・フェノキシエタノール　＋／－　酸化チタン・硫酸Ｂａ・マイカ・酸化鉄・赤２０２・赤１０４（１）・黄４・赤２０１・アルミナ・青１・赤２２７・カルミン・酸化スズ<JILN6800>","iln_version_number":"JILN6800","inventory_status":"Active","is_active":true,"is_coming_soon":null,"is_default_sku":false,"is_discountable":true,"is_displayable":null,"is_engravable":null,"is_fragrance":null,"is_giftable":null,"is_giftwrap":false,"is_inactive":null,"is_multi_shaded":null,"is_out_of_stock":null,"is_preorder":false,"is_preorderable":null,"is_promotional":null,"is_replenishable":false,"is_search_suppressed":null,"is_searchable":true,"is_shaded":null,"is_sized":null,"is_sold_out":null,"is_under_weight_hazmat":false,"is_vto_enabled":null,"life_of_product":"Basic Reorder","material_code":"ZEK2030000","media":{"large":[{"alt":"クリニーク ポップ ","height":1200,"position":1,"src":"/media/export/cms/products/1200x1500/cl_sku_ZEK203_1200x1500_0.png","type":"image","width":1500}],"medium":[{"alt":"クリニーク ポップ ","height":600,"position":2,"src":"/media/export/cms/products/600x750/cl_sku_ZEK203_600x750_0.png","type":"image","width":750}],"model":null,"poster":null,"small":[{"alt":"クリニーク ポップ ","height":1200,"position":3,"src":"/media/export/cms/products/1200x1500/cl_sku_ZEK203_1200x1500_0.png","type":"image","width":1500}],"smoosh":[{"alt":"クリニーク ポップ ","height":1200,"position":0,"src":"/media/export/cms/products/1200x1500/swatches_v3/38_ns_ng.png","type":"image","width":1500}],"xl":null},"out_of_stock_threshold":null,"perlgem":{"SKU_BASE_ID":63256},"preorder_date":null,"prices":[{"currency":"JPY","exclude_tax":{"original_price":3200,"original_price_formatted":"¥3,200","price":3200,"price_formatted":"¥3,200","price_per_unit":null,"price_per_unit_formatted":""},"include_tax":{"original_price":3520,"original_price_formatted":"¥3,520","price":3520,"price_formatted":"¥3,520","price_per_unit":null,"price_per_unit_formatted":""},"is_discounted":false}],"purchase_limit":null,"replenishment":{"message":null},"reviews":{"average_rating":null,"number_of_questions":null,"number_of_reviews":null},"set_components":null,"shade_groups":null,"shades":[{"description":"深みのあるこっくりとした大人ブラウン","hex_val":"#5a1e1b","image":{"height":null,"src":"","width":null},"name":"03 コーラ ポップ","smoosh_design":{"group_id":null,"name":"38::none::none"}}],"sizes":[{"key":1,"value":null}],"skin":{"tone":null,"type":[{"key":"dry-skintype","value":"dry_skintype"},{"key":"combination-skintype","value":"combination_skintype"},{"key":"oily-skintype","value":"oily_skintype"},{"key":"normal-skintype","value":"normal_skintype"}],"type_description":null},"sku_badge":null,"sku_badge_image":null,"sku_display_order":17,"sku_id":"ZEK203","sku_promo_messaging":null,"sku_type":"SE","sku_url":null,"tags":{"total":13,"items":[{"id":"15513","key":"recommendedforstudents","value":"RecommendedforStudents"},{"id":"4323","key":"just-arrived","value":"Just Arrived"},{"id":"22833","key":"3500円税抜以下のおすすめ製品","value":"3500円(税抜)以下のおすすめ製品"},{"id":"27171","key":"day4flashsale","value":"Day4FlashSale"},{"id":"11751","key":"line-limited","value":"Line_limited"},{"id":"27172","key":"day5flashsale","value":"Day5FlashSale"},{"id":"13770","key":"gwp","value":"GWP"},{"id":"16760","key":"clinique-pop-series","value":"Clinique Pop Series"},{"id":"19570","key":"おすすめ製品","value":"おすすめ製品"},{"id":"16916","key":"gift-ideas-for-events","value":"Gift Ideas for Events"},{"id":"1000020","key":"スペシャルカテゴリ","value":"スペシャルカテゴリ"},{"id":"1605","key":"リップスティック","value":"リップスティック"},{"id":"27174","key":"day7flashsale","value":"Day7FlashSale"}]},"texture":null,"undertone":null,"unit_of_measure":null,"unit_size":null,"unit_size_formatted":null,"upc":"020714739287","vto":{"is_color_experience":null,"is_foundation_experience":null}}]},"sub_display_name":"クリニーク ポップ ","sub_header":null,"tags":{"total":25,"items":[{"id":"14715","key":"mothers-day-gift-sets","parent_tag_id":"4323","product_display_order":0,"value":"Mother's Day Gift Sets"},{"id":"15513","key":"recommendedforstudents","parent_tag_id":"4323","product_display_order":0,"value":"RecommendedforStudents"},{"id":"13562","key":"makeup","parent_tag_id":"13561","product_display_order":0,"value":"Makeup"},{"id":"4323","key":"just-arrived","parent_tag_id":null,"product_display_order":0,"value":"Just Arrived"},{"id":"22833","key":"3500円税抜以下のおすすめ製品","parent_tag_id":"1000020","product_display_order":14,"value":"3500円(税抜)以下のおすすめ製品"},{"id":"27171","key":"day4flashsale","parent_tag_id":"1590","product_display_order":44,"value":"Day4FlashSale"},{"id":"11751","key":"line-limited","parent_tag_id":"1000020","product_display_order":0,"value":"Line_limited"},{"id":"1575","key":"ベストセラー","parent_tag_id":null,"product_display_order":51,"value":"ベストセラー"},{"id":"18067","key":"価格別2200円","parent_tag_id":"1000020","product_display_order":3,"value":"価格別2200円"},{"id":"18453","key":"plus1","parent_tag_id":null,"product_display_order":8,"value":"Plus1"},{"id":"27172","key":"day5flashsale","parent_tag_id":"1590","product_display_order":0,"value":"Day5FlashSale"},{"id":"17695","key":"gifts-for-her","parent_tag_id":"1000020","product_display_order":13,"value":"Gifts for her"},{"id":"12537","key":"メークアップ-ベストセラー","parent_tag_id":"1592","product_display_order":6,"value":"メークアップ ベストセラー"},{"id":"13770","key":"gwp","parent_tag_id":null,"product_display_order":0,"value":"GWP"},{"id":"13569","key":"gifts-under-25","parent_tag_id":"13561","product_display_order":0,"value":"Gifts Under $25"},{"id":"16760","key":"clinique-pop-series","parent_tag_id":"1592","product_display_order":1,"value":"Clinique Pop Series"},{"id":"19570","key":"おすすめ製品","parent_tag_id":"1000020","product_display_order":75,"value":"おすすめ製品"},{"id":"16916","key":"gift-ideas-for-events","parent_tag_id":"1000020","product_display_order":20,"value":"Gift Ideas for Events"},{"id":"1000020","key":"スペシャルカテゴリ","parent_tag_id":null,"product_display_order":0,"value":"スペシャルカテゴリ"},{"id":"13561","key":"holiday-2014","parent_tag_id":null,"product_display_order":0,"value":"Holiday 2014"},{"id":"20524","key":"shop-the-movie-01","parent_tag_id":"1000020","product_display_order":9,"value":"Shop the Movie 01"},{"id":"1605","key":"リップスティック","parent_tag_id":"1592","product_display_order":29,"value":"リップスティック"},{"id":"27174","key":"day7flashsale","parent_tag_id":"1590","product_display_order":0,"value":"Day7FlashSale"},{"id":"1602","key":"セットギフト","parent_tag_id":"1600","product_display_order":168,"value":"セット&ギフト"},{"id":"20850","key":"shop-the-movie-03","parent_tag_id":"1000020","product_display_order":4,"value":"Shop the Movie 03"}]},"usage":[{"content":null,"label":"PRODUCT USAGE","type":"product_usage"},{"content":null,"label":"HOW DOES IT WORK","type":"how_does_it_work"},{"content":"すべてのスキンタイプ","label":"WHO IT IS FOR","type":"who_it_is_for"},{"content":null,"label":"GREAT TO KNOW","type":"great_to_know"},{"content":"肌印象さえ明るくするポップな発色が、鮮やかにあなたの魅力を彩ります。色合いと潤いがいつまでも続きます。","label":"WHAT_IT_DOES","type":"what_it_does"},{"content":"ヒアルロン酸<sup>＊</sup>で潤うクリーミーなプライマー。全18色。<br><small>＊ 保湿成分</small>","label":"WHAT_IT_IS","type":"what_it_is"}],"objectID":"35082"},{"benefit":{"statement":null,"benefits":null},"brand":null,"collection":null,"coverage":null,"cross_sell":[{"sku_id":"Z51201","sort_key":1},{"sku_id":"ZGXE01","sort_key":2},{"sku_id":"Z7W201","sort_key":3}],"default_category":{"id":"1683","key":"アイ-リップ-ケア"},"description":"デリケートな目もとに表れたエイジングサイン*１を、集中的にケアするアイトリートメント。<br>目もとを若々しく見せ、明るく、くっきりとした印象に。乾燥による小ジワを目立たなくさせ＊２、目もとに潤いとなめらかさを与えます。<br>＊１　乾燥などによる<br>＊２　効能評価試験済<br><br>クリニーク クリーン フィロソフィー<br><br>パラベンフリー<br>フタル酸エステル不使用<br>無香料<br>肌が喜ぶスキンケア","display_mode":null,"display_name":"クリニーク スマート カスタム リペア アイ トリートメント","display_status":7,"finish":null,"form":null,"formula_type":null,"fragrance_family":null,"indexable_keywords":null,"is_hazmat":false,"is_product_coming_soon":null,"is_product_displayable":true,"is_product_searchable":true,"is_product_shoppable":true,"is_product_sold_out":null,"is_product_temporarily_out_of_stock":null,"is_search_suppressed":null,"key_ingredient":null,"media":{"large":[{"alt":"クリニーク スマート カスタム リペア アイ トリートメント","height":1200,"position":0,"src":"/media/export/cms/products/1200x1500/cl_prod_35249_1200x1500_0.png","type":"image","width":1500}],"medium":null,"poster":null,"small":[{"alt":"クリニーク スマート カスタム リペア アイ トリートメント","height":1200,"position":1,"src":"/media/export/cms/products/1200x1500/cl_prod_35249_1200x1500_0.png","type":"image","width":1500}],"videos":[{"position":null,"poster":{"height":null,"src":null,"width":null},"provider":null,"src":null},{"position":null,"poster":{"height":null,"src":null,"width":null},"provider":null,"src":null},{"position":null,"poster":{"height":null,"src":null,"width":null},"provider":null,"src":null}],"xl":null},"meta":{"description":null,"keywords":null},"parent_category":[{"id":"1683","value":"アイ & リップ ケア"},{"id":"1667","value":"スキンケア"}],"product_badge":null,"product_id":"35249","product_title_tag":null,"product_type":"Other","product_url":"/product/1683/35249/-/--/clinique-smarttm-custom-repair-eye-treatment","reviews":{"average_rating":null,"number_of_questions":null,"number_of_reviews":null},"shade_groups":null,"short_description":"デリケートな目もとに表れたエイジングサイン*１を、集中的にケアするアイトリートメント。<br>目もとを若々しく見せ、明るく、くっきりとした印象に。乾燥による小ジワを目立たなくさせ＊２、目もとに潤いとなめらかさを与えます。<br>＊１　乾燥などによる<br>＊２　効能評価試験済<br><br>クリニーク クリーン フィロソフィー<br><br>パラベンフリー<br>フタル酸エステル不使用<br>無香料<br>肌が喜ぶスキンケア","skin":null,"skin_goal":null,"skus":{"total":1,"items":[{"color_family":null,"coverage_options":null,"cross_sell":null,"display_status":7,"finish":null,"finish_options":null,"fragrances":[{"family":null,"key":null,"value":null}],"iln_listing":"水・イソドデカン・ジメチコン・シクロペンタシロキサン・ポリシリコーン－１１・ＢＧ・ＰＥＧ－１０ジメチコン・ＰＥＧ－６・（アクリルアミド／アクリロイルジメチルタウリンＮａ）コポリマー・（アクリロイルジメチルタウリンアンモニウム／ＶＰ）コポリマー・イソヘキサデカン・アスコルビルグルコシド・ポリソルベート２０・ホエイタンパク（牛乳）・アルゲエキス・グリセリン・酢酸トコフェロール・カプリリルグリコール・エチルヘキシルグリセリン・ジカプリン酸ＰＧ・ヒマワリ油粕・トロメタミン・ツクシメナモミエキス・カフェイン・酸化チタン・ポリソルベート８０・ポリメタクリル酸グリセリル・マイカ・グリチルレチン酸・ジメトキシトリルプロピルレゾルシノール・ヒアルロン酸Ｎａ・アセチルグルコサミン・コレステロール・スクワラン・ゲンチアナエキス・ＥＤＴＡ－２Ｎａ・デキストリン・コメヌカエキス・ＰＥＧ－８・レシチン・グレープフルーツ果皮エキス・クロミグワ根皮エキス・ダイズタンパク・シリカ・オオムギ種子エキス・オウゴン根エキス・バクガ液汁・コムギ胚芽エキス・ＲＮＡ－Ｎａ・プルーン分解物・オオムギエキス・ミクロコッカス溶解液・キュウリ果実エキス・加水分解コメヌカエキス・酵母エキス・プランクトンエキス・オキナワモズクエキス・加水分解コメタンパク・アセチルヘキサペプチド－８・ブドウ果実エキス・ブドウ種子エキス・エルゴチオネイン・シメチコン・キサンタンガム・パルミトイルオリゴペプチド・フェノキシエタノール・ソルビン酸Ｋ・安息香酸Ｎａ<JILN006866>","iln_version_number":"JILN006866","inventory_status":"Active","is_active":true,"is_coming_soon":null,"is_default_sku":true,"is_discountable":true,"is_displayable":null,"is_engravable":null,"is_fragrance":null,"is_giftable":null,"is_giftwrap":false,"is_inactive":null,"is_multi_shaded":null,"is_out_of_stock":null,"is_preorder":false,"is_preorderable":null,"is_promotional":null,"is_replenishable":false,"is_search_suppressed":null,"is_searchable":true,"is_shaded":null,"is_sized":null,"is_sold_out":null,"is_under_weight_hazmat":false,"is_vto_enabled":null,"life_of_product":"Basic Reorder","material_code":"ZCH5010001","media":{"large":[{"alt":"クリニーク スマート カスタム リペア アイ トリートメント","height":1200,"position":0,"src":"/media/export/cms/products/1200x1500/cl_sku_ZCH501_1200x1500_0.png","type":"image","width":1500}],"medium":[{"alt":"クリニーク スマート カスタム リペア アイ トリートメント","height":600,"position":1,"src":"/media/export/cms/products/600x750/cl_sku_ZCH501_600x750_0.png","type":"image","width":750},{"alt":"クリニーク スマート カスタム リペア アイ トリートメント","height":600,"position":2,"src":"/media/export/cms/products/600x750/cl_sku_ZCH501_600x750_1.png","type":"image","width":750}],"model":null,"poster":null,"small":[{"alt":"クリニーク スマート カスタム リペア アイ トリートメント","height":1200,"position":3,"src":"/media/export/cms/products/1200x1500/cl_sku_ZCH501_1200x1500_0.png","type":"image","width":1500}],"smoosh":null,"xl":null},"out_of_stock_threshold":null,"perlgem":{"SKU_BASE_ID":62186},"preorder_date":null,"prices":[{"currency":"JPY","exclude_tax":{"original_price":7200,"original_price_formatted":"¥7,200","price":7200,"price_formatted":"¥7,200","price_per_unit":null,"price_per_unit_formatted":""},"include_tax":{"original_price":7920,"original_price_formatted":"¥7,920","price":7920,"price_formatted":"¥7,920","price_per_unit":null,"price_per_unit_formatted":""},"is_discounted":false}],"purchase_limit":null,"replenishment":{"message":null},"reviews":{"average_rating":null,"number_of_questions":null,"number_of_reviews":null},"set_components":null,"shade_groups":null,"shades":null,"sizes":[{"key":1,"value":"15mL"}],"skin":{"tone":null,"type":null,"type_description":null},"sku_badge":null,"sku_badge_image":null,"sku_display_order":0,"sku_id":"ZCH501","sku_promo_messaging":null,"sku_type":"SE","sku_url":null,"tags":{"total":8,"items":[{"id":"13051","key":"スキンケア-ベストセラー","value":"スキンケア ベストセラー"},{"id":"27172","key":"day5flashsale","value":"Day5FlashSale"},{"id":"27174","key":"day7flashsale","value":"Day7FlashSale"},{"id":"1575","key":"ベストセラー","value":"ベストセラー"},{"id":"1683","key":"アイ-リップ-ケア","value":"アイ & リップ ケア"},{"id":"27169","key":"day2flashsale","value":"Day2FlashSale"},{"id":"16320","key":"clinique-smart","value":"Clinique Smart"},{"id":"1674","key":"ディ-エイジング","value":"ディ-エイジング"}]},"texture":null,"undertone":null,"unit_of_measure":null,"unit_size":null,"unit_size_formatted":null,"upc":"020714729622","vto":{"is_color_experience":null,"is_foundation_experience":null}}]},"sub_display_name":"クリニーク スマート カスタム リペア アイ トリートメント","sub_header":null,"tags":{"total":8,"items":[{"id":"13051","key":"スキンケア-ベストセラー","parent_tag_id":"1667","product_display_order":29,"value":"スキンケア ベストセラー"},{"id":"27172","key":"day5flashsale","parent_tag_id":"1590","product_display_order":14,"value":"Day5FlashSale"},{"id":"27174","key":"day7flashsale","parent_tag_id":"1590","product_display_order":0,"value":"Day7FlashSale"},{"id":"1575","key":"ベストセラー","parent_tag_id":null,"product_display_order":81,"value":"ベストセラー"},{"id":"1683","key":"アイ-リップ-ケア","parent_tag_id":"1667","product_display_order":15,"value":"アイ & リップ ケア"},{"id":"27169","key":"day2flashsale","parent_tag_id":"1590","product_display_order":0,"value":"Day2FlashSale"},{"id":"16320","key":"clinique-smart","parent_tag_id":"1667","product_display_order":0,"value":"Clinique Smart"},{"id":"1674","key":"ディ-エイジング","parent_tag_id":"1667","product_display_order":0,"value":"ディ-エイジング"}]},"usage":[{"content":"朝と夜、乳液の後、目の周りに優しくなじませます。<BR>（1プッシュで両方の目もと）","label":"PRODUCT USAGE","type":"product_usage"},{"content":null,"label":"HOW DOES IT WORK","type":"how_does_it_work"},{"content":null,"label":"WHO IT IS FOR","type":"who_it_is_for"},{"content":null,"label":"GREAT TO KNOW","type":"great_to_know"},{"content":null,"label":"WHAT_IT_DOES","type":"what_it_does"},{"content":null,"label":"WHAT_IT_IS","type":"what_it_is"}],"objectID":"35249"},{"benefit":{"statement":null,"benefits":null},"brand":null,"collection":null,"coverage":null,"cross_sell":null,"default_category":{"id":"13305","key":"メーク下地uvケア"},"description":"ノンケミカル フォーミュラ(紫外線吸収剤フリー）の日焼け止め。軽やかなつけ心地で、肌にスーッとのびます。ナチュラルな肌色に整えるシアー ティントと、明るく肌色を整えるシアーの2色。<BR>SPF50/PA++++","display_mode":null,"display_name":"イーブン ベター ダーク スポット ディフェンス 50","display_status":7,"finish":null,"form":null,"formula_type":null,"fragrance_family":null,"indexable_keywords":[{"value":"Even"},{"value":"Even Better"},{"value":"イーブン ベター"},{"value":"イーブン"},{"value":" skintone"},{"value":" skin tone"},{"value":" even out"},{"value":" flawless"},{"value":" complexion"},{"value":" face"},{"value":" spf"},{"value":" suncare"},{"value":" spf 45"},{"value":" spf45"},{"value":" sun"},{"value":" protection"},{"value":" dark spot"},{"value":" corrector"},{"value":"日焼け止め"},{"value":"SPF"},{"value":"肌色"},{"value":"シミ"},{"value":"ソバカス"}],"is_hazmat":false,"is_product_coming_soon":null,"is_product_displayable":true,"is_product_searchable":true,"is_product_shoppable":true,"is_product_sold_out":null,"is_product_temporarily_out_of_stock":null,"is_search_suppressed":null,"key_ingredient":null,"media":{"large":null,"medium":null,"poster":null,"small":null,"videos":[{"position":null,"poster":{"height":null,"src":null,"width":null},"provider":"YouTube","src":null},{"position":null,"poster":{"height":null,"src":null,"width":null},"provider":"YouTube","src":null},{"position":null,"poster":{"height":null,"src":null,"width":null},"provider":"YouTube","src":null}],"xl":null},"meta":{"description":",日焼け止め,SPF,肌色,シミ,ソバカス","keywords":"日焼け止め,SPF,肌色,シミ,ソバカス"},"parent_category":[{"id":"13305","value":"メーク下地・UVケア"},{"id":"1667","value":"スキンケア"}],"product_badge":null,"product_id":"35802","product_title_tag":null,"product_type":"Shaded","product_url":"/product/13305/35802/uv/--50/even-better-dark-spot-defense-spf-50","reviews":{"average_rating":null,"number_of_questions":null,"number_of_reviews":null},"shade_groups":null,"short_description":"ノンケミカル フォーミュラ(紫外線吸収剤フリー）の日焼け止め。軽やかなつけ心地で、肌にスーッとのびます。ナチュラルな肌色に整えるシアー ティントと、明るく肌色を整えるシアーの2色。<BR>SPF50/PA++++","skin":null,"skin_goal":null,"skus":{"total":2,"items":[{"color_family":null,"coverage_options":null,"cross_sell":null,"display_status":7,"finish":null,"finish_options":null,"fragrances":[{"family":null,"key":null,"value":null}],"iln_listing":"水・ジメチコン・酸化チタン・ポリジエチルシロキサン・サリチル酸ブチルオクチル・酸化亜鉛・安息香酸アルキル（Ｃ１２－１５）・イソノナン酸イソノニル・コハク酸ジオクチル・ジヘプタン酸ネオペンチルグリコール・メチルトリメチコン・エチルヘキシルメトキシクリレン・ＢＧ・ラウリルＰＥＧ－９ポリジメチルシロキシエチルジメチコン・シリカ・セチルＰＥＧ／ＰＰＧ－１０／１ジメチコン・ラウレス－４・トリポリヒドロキシステアリン酸ジペンタエリスリチル・ジメチコンシリレート・（ジメチコン／（ＰＥＧ－１０／１５））クロスポリマー・（加水分解コムギタンパク／ＰＶＰ）クロスポリマー・イソステアリン酸・カプリリルグリコール・ジメチコンクロスポリマー－３・ポリヒドロキシステアリン酸・ＤＰＧ・トコフェロール・酸化鉄・トリエトキシカプリリルシラン・フェノキシエタノール・ソルビン酸Ｋ<JILN006771>","iln_version_number":"JILN006771","inventory_status":"Active","is_active":true,"is_coming_soon":null,"is_default_sku":false,"is_discountable":true,"is_displayable":null,"is_engravable":null,"is_fragrance":null,"is_giftable":null,"is_giftwrap":false,"is_inactive":null,"is_multi_shaded":null,"is_out_of_stock":null,"is_preorder":false,"is_preorderable":null,"is_promotional":null,"is_replenishable":false,"is_search_suppressed":null,"is_searchable":true,"is_shaded":null,"is_sized":null,"is_sold_out":null,"is_under_weight_hazmat":false,"is_vto_enabled":null,"life_of_product":"Basic Reorder","material_code":"ZAHJ02L001","media":{"large":[{"alt":"イーブン ベター ダーク スポット ディフェンス 50","height":1200,"position":1,"src":"/media/export/cms/products/1200x1500/cl_sku_ZAHJ02_1200x1500_0.png","type":"image","width":1500}],"medium":[{"alt":"イーブン ベター ダーク スポット ディフェンス 50","height":600,"position":2,"src":"/media/export/cms/products/600x750/cl_sku_ZAHJ02_600x750_0.png","type":"image","width":750}],"model":null,"poster":null,"small":[{"alt":"イーブン ベター ダーク スポット ディフェンス 50","height":1200,"position":3,"src":"/media/export/cms/products/1200x1500/cl_sku_ZAHJ02_1200x1500_0.png","type":"image","width":1500}],"smoosh":[{"alt":"イーブン ベター ダーク スポット ディフェンス 50","height":1200,"position":0,"src":"/media/export/cms/products/1200x1500/swatches_v3/01_ms_ng.png","type":"image","width":1500}],"xl":null},"out_of_stock_threshold":null,"perlgem":{"SKU_BASE_ID":60675},"preorder_date":null,"prices":[{"currency":"JPY","exclude_tax":{"original_price":5200,"original_price_formatted":"¥5,200","price":5200,"price_formatted":"¥5,200","price_per_unit":173.33,"price_per_unit_formatted":"¥173.33 / 1ml"},"include_tax":{"original_price":5720,"original_price_formatted":"¥5,720","price":5720,"price_formatted":"¥5,720","price_per_unit":190,"price_per_unit_formatted":"¥190 / 1ml"},"is_discounted":false}],"purchase_limit":null,"replenishment":{"message":null},"reviews":{"average_rating":null,"number_of_questions":null,"number_of_reviews":null},"set_components":null,"shade_groups":null,"shades":[{"description":"","hex_val":"#F7F7FC","image":{"height":null,"src":"","width":null},"name":"02 シアー","smoosh_design":{"group_id":null,"name":"01::medium::none"}}],"sizes":[{"key":1,"value":"30mL"}],"skin":{"tone":null,"type":null,"type_description":null},"sku_badge":null,"sku_badge_image":null,"sku_display_order":0,"sku_id":"ZAHJ02","sku_promo_messaging":null,"sku_type":"SE","sku_url":null,"tags":{"total":2,"items":[{"id":"13305","key":"メーク下地uvケア","value":"メーク下地・UVケア"},{"id":"1661","key":"サンケア","value":"サンケア"}]},"texture":null,"undertone":null,"unit_of_measure":"ml","unit_size":1,"unit_size_formatted":"1ml","upc":"020714720940","vto":{"is_color_experience":null,"is_foundation_experience":null}},{"color_family":null,"coverage_options":null,"cross_sell":null,"display_status":7,"finish":null,"finish_options":null,"fragrances":[{"family":null,"key":null,"value":null}],"iln_listing":"水・ジメチコン・酸化チタン・ポリジエチルシロキサン・サリチル酸ブチルオクチル・酸化亜鉛・安息香酸アルキル（Ｃ１２－１５）・イソノナン酸イソノニル・コハク酸ジオクチル・ジヘプタン酸ネオペンチルグリコール・メチルトリメチコン・エチルヘキシルメトキシクリレン・ＢＧ・ラウリルＰＥＧ－９ポリジメチルシロキシエチルジメチコン・シリカ・セチルＰＥＧ／ＰＰＧ－１０／１ジメチコン・ラウレス－４・トリポリヒドロキシステアリン酸ジペンタエリスリチル・ジメチコンシリレート・（ジメチコン／（ＰＥＧ－１０／１５））クロスポリマー・（加水分解コムギタンパク／ＰＶＰ）クロスポリマー・イソステアリン酸・カプリリルグリコール・ジメチコンクロスポリマー－３・ポリヒドロキシステアリン酸・ＤＰＧ・トコフェロール・酸化鉄・トリエトキシカプリリルシラン・フェノキシエタノール・ソルビン酸Ｋ<JILN006771>","iln_version_number":"JILN006771","inventory_status":"Active","is_active":true,"is_coming_soon":null,"is_default_sku":false,"is_discountable":true,"is_displayable":null,"is_engravable":null,"is_fragrance":null,"is_giftable":null,"is_giftwrap":false,"is_inactive":null,"is_multi_shaded":null,"is_out_of_stock":null,"is_preorder":false,"is_preorderable":null,"is_promotional":null,"is_replenishable":false,"is_search_suppressed":null,"is_searchable":true,"is_shaded":null,"is_sized":null,"is_sold_out":null,"is_under_weight_hazmat":false,"is_vto_enabled":null,"life_of_product":"Basic Reorder","material_code":"ZAHJ01A000","media":{"large":[{"alt":"イーブン ベター ダーク スポット ディフェンス 50","height":1200,"position":1,"src":"/media/export/cms/products/1200x1500/cl_sku_ZAHJ01_1200x1500_0.png","type":"image","width":1500}],"medium":[{"alt":"イーブン ベター ダーク スポット ディフェンス 50","height":600,"position":2,"src":"/media/export/cms/products/600x750/cl_sku_ZAHJ01_600x750_0.png","type":"image","width":750}],"model":null,"poster":null,"small":[{"alt":"イーブン ベター ダーク スポット ディフェンス 50","height":1200,"position":3,"src":"/media/export/cms/products/1200x1500/cl_sku_ZAHJ01_1200x1500_0.png","type":"image","width":1500}],"smoosh":[{"alt":"イーブン ベター ダーク スポット ディフェンス 50","height":1200,"position":0,"src":"/media/export/cms/products/1200x1500/swatches_v3/01_ms_ng.png","type":"image","width":1500}],"xl":null},"out_of_stock_threshold":null,"perlgem":{"SKU_BASE_ID":63167},"preorder_date":null,"prices":[{"currency":"JPY","exclude_tax":{"original_price":5200,"original_price_formatted":"¥5,200","price":5200,"price_formatted":"¥5,200","price_per_unit":null,"price_per_unit_formatted":""},"include_tax":{"original_price":5720,"original_price_formatted":"¥5,720","price":5720,"price_formatted":"¥5,720","price_per_unit":null,"price_per_unit_formatted":""},"is_discounted":false}],"purchase_limit":null,"replenishment":{"message":null},"reviews":{"average_rating":null,"number_of_questions":null,"number_of_reviews":null},"set_components":null,"shade_groups":null,"shades":[{"description":"","hex_val":"#ffc4a6","image":{"height":null,"src":"","width":null},"name":"01 シアーティント","smoosh_design":{"group_id":null,"name":"01::medium::none"}}],"sizes":[{"key":1,"value":"30mL"}],"skin":{"tone":null,"type":null,"type_description":null},"sku_badge":null,"sku_badge_image":null,"sku_display_order":0,"sku_id":"ZAHJ01","sku_promo_messaging":null,"sku_type":"SE","sku_url":null,"tags":{"total":2,"items":[{"id":"13305","key":"メーク下地uvケア","value":"メーク下地・UVケア"},{"id":"1661","key":"サンケア","value":"サンケア"}]},"texture":null,"undertone":null,"unit_of_measure":null,"unit_size":null,"unit_size_formatted":null,"upc":"020714720933","vto":{"is_color_experience":null,"is_foundation_experience":null}}]},"sub_display_name":"イーブン ベター ダーク スポット ディフェンス 50","sub_header":null,"tags":{"total":2,"items":[{"id":"13305","key":"メーク下地uvケア","parent_tag_id":"1667","product_display_order":4,"value":"メーク下地・UVケア"},{"id":"1661","key":"サンケア","parent_tag_id":"1659","product_display_order":5,"value":"サンケア"}]},"usage":[{"content":"<U>キャップをしたまま良く振ってから、ご使用ください。</U>適量を、顔全体に均一になじませます。","label":"PRODUCT USAGE","type":"product_usage"},{"content":null,"label":"HOW DOES IT WORK","type":"how_does_it_work"},{"content":null,"label":"WHO IT IS FOR","type":"who_it_is_for"},{"content":null,"label":"GREAT TO KNOW","type":"great_to_know"},{"content":null,"label":"WHAT_IT_DOES","type":"what_it_does"},{"content":null,"label":"WHAT_IT_IS","type":"what_it_is"}],"objectID":"35802"},{"benefit":{"statement":null,"benefits":null},"brand":null,"collection":null,"coverage":null,"cross_sell":[{"sku_id":"6PAY01","sort_key":1},{"sku_id":"ZHK411","sort_key":2},{"sku_id":null,"sort_key":3},{"sku_id":"6FLK01","sort_key":4},{"sku_id":"Z9FF02","sort_key":5},{"sku_id":"6H9K01","sort_key":6}],"default_category":{"id":"1597","key":"アイライナー"},"description":"<P>ひと筆で、狙い通りの目ヂカラへ。</P><P>スルスルなめらかな描き心地で、扱いやすい。<BR>簡単にキレイなラインが描ける、筆ペンタイプのリキッド アイライナー。<BR>肌への密着度が高く、皮脂・汗ににじみにくいから、美しい発色が長時間持続。<BR>きっとあなたの想像以上に、瞳の魅力をアップさせます。</P>","display_mode":null,"display_name":"プリティ イージー リキッド アイライニング ペン","display_status":7,"finish":null,"form":null,"formula_type":null,"fragrance_family":null,"indexable_keywords":[{"value":"color"},{"value":"カラー"},{"value":"メークアップ"},{"value":"メイクアップ"},{"value":"eyeliner"},{"value":"makeup"},{"value":"make up"},{"value":"アイライナー"},{"value":"リキッド アイライナー"}],"is_hazmat":false,"is_product_coming_soon":null,"is_product_displayable":true,"is_product_searchable":true,"is_product_shoppable":true,"is_product_sold_out":null,"is_product_temporarily_out_of_stock":null,"is_search_suppressed":null,"key_ingredient":null,"media":{"large":null,"medium":null,"poster":null,"small":null,"videos":[{"position":null,"poster":{"height":null,"src":null,"width":null},"provider":null,"src":null},{"position":null,"poster":{"height":null,"src":null,"width":null},"provider":null,"src":null},{"position":null,"poster":{"height":null,"src":null,"width":null},"provider":null,"src":null}],"xl":null},"meta":{"description":null,"keywords":"color,カラー,メークアップ,メイクアップ,eyeliner,makeup,make up,アイライナー,リキッド アイライナー"},"parent_category":[{"id":"1597","value":"アイライナー"},{"id":"1592","value":"メーク"}],"product_badge":null,"product_id":"36520","product_title_tag":null,"product_type":"Shaded","product_url":"/product/1597/36520/-/pretty-easy-liquid-eyelining-pen","reviews":{"average_rating":null,"number_of_questions":null,"number_of_reviews":null},"shade_groups":null,"short_description":"<P>ひと筆で、狙い通りの目ヂカラへ。</P><P>スルスルなめらかな描き心地で、扱いやすい。<BR>簡単にキレイなラインが描ける、筆ペンタイプのリキッド アイライナー。<BR>肌への密着度が高く、皮脂・汗ににじみにくいから、美しい発色が長時間持続。<BR>きっとあなたの想像以上に、瞳の魅力をアップさせます。</P>","skin":null,"skin_goal":null,"skus":{"total":2,"items":[{"color_family":null,"coverage_options":null,"cross_sell":null,"display_status":7,"finish":null,"finish_options":null,"fragrances":[{"family":null,"key":null,"value":null}],"iln_listing":"水・ＢＧ・エタノール・アクリレーツコポリマーアンモニウム・アクリレーツコポリマー・１，２－ヘキサンジオール・フェノキシエタノール・ベヘネス－３０・エチルヘキシルグリセリン・ＡＭＰ・シメチコン・トコフェロール・パルミチン酸ソルビタン・ラウリン酸ソルビタン・水添パーム油脂肪酸グリセリズ・トリオレイン酸ソルビタン・パルミチン酸スクロース　＋／－　酸化鉄・カーボンブラック<JILN6868>","iln_version_number":"JILN6868","inventory_status":"Active","is_active":true,"is_coming_soon":null,"is_default_sku":false,"is_discountable":true,"is_displayable":null,"is_engravable":null,"is_fragrance":null,"is_giftable":null,"is_giftwrap":false,"is_inactive":null,"is_multi_shaded":null,"is_out_of_stock":null,"is_preorder":false,"is_preorderable":null,"is_promotional":null,"is_replenishable":false,"is_search_suppressed":null,"is_searchable":true,"is_shaded":null,"is_sized":null,"is_sold_out":null,"is_under_weight_hazmat":false,"is_vto_enabled":null,"life_of_product":"Basic Reorder","material_code":"ZGC0020001","media":{"large":[{"alt":"プリティ イージー リキッド アイライニング ペン","height":1200,"position":1,"src":"/media/export/cms/products/1200x1500/cl_sku_ZGC002_1200x1500_0.png","type":"image","width":1500}],"medium":[{"alt":"プリティ イージー リキッド アイライニング ペン","height":600,"position":2,"src":"/media/export/cms/products/600x750/cl_sku_ZGC002_600x750_0.png","type":"image","width":750}],"model":null,"poster":null,"small":[{"alt":"プリティ イージー リキッド アイライニング ペン","height":1200,"position":3,"src":"/media/export/cms/products/1200x1500/cl_sku_ZGC002_1200x1500_0.png","type":"image","width":1500}],"smoosh":[{"alt":"プリティ イージー リキッド アイライニング ペン","height":1200,"position":0,"src":"/media/export/cms/products/1200x1500/swatches_v3/70_ns_ng.png","type":"image","width":1500}],"xl":null},"out_of_stock_threshold":null,"perlgem":{"SKU_BASE_ID":64250},"preorder_date":null,"prices":[{"currency":"JPY","exclude_tax":{"original_price":2600,"original_price_formatted":"¥2,600","price":2600,"price_formatted":"¥2,600","price_per_unit":null,"price_per_unit_formatted":""},"include_tax":{"original_price":2860,"original_price_formatted":"¥2,860","price":2860,"price_formatted":"¥2,860","price_per_unit":null,"price_per_unit_formatted":""},"is_discounted":false}],"purchase_limit":null,"replenishment":{"message":null},"reviews":{"average_rating":null,"number_of_questions":null,"number_of_reviews":null},"set_components":null,"shade_groups":null,"shades":[{"description":"やわらかな印象のブラウン","hex_val":"#452a29","image":{"height":null,"src":"","width":null},"name":"02 ブラウン","smoosh_design":{"group_id":null,"name":"70::none::none"}}],"sizes":[{"key":1,"value":"0.67ｇ"}],"skin":{"tone":null,"type":null,"type_description":null},"sku_badge":null,"sku_badge_image":null,"sku_display_order":0,"sku_id":"ZGC002","sku_promo_messaging":null,"sku_type":"SE","sku_url":null,"tags":{"total":5,"items":[{"id":"27171","key":"day4flashsale","value":"Day4FlashSale"},{"id":"27174","key":"day7flashsale","value":"Day7FlashSale"},{"id":"1597","key":"アイライナー","value":"アイライナー"},{"id":"12537","key":"メークアップ-ベストセラー","value":"メークアップ ベストセラー"},{"id":"27172","key":"day5flashsale","value":"Day5FlashSale"}]},"texture":null,"undertone":null,"unit_of_measure":null,"unit_size":null,"unit_size_formatted":null,"upc":"020714754099","vto":{"is_color_experience":null,"is_foundation_experience":null}},{"color_family":null,"coverage_options":null,"cross_sell":null,"display_status":7,"finish":null,"finish_options":null,"fragrances":[{"family":null,"key":null,"value":null}],"iln_listing":"水・ＢＧ・エタノール・アクリレーツコポリマーアンモニウム・アクリレーツコポリマー・１，２－ヘキサンジオール・フェノキシエタノール・ベヘネス－３０・エチルヘキシルグリセリン・ＡＭＰ・シメチコン・トコフェロール・パルミチン酸ソルビタン・ラウリン酸ソルビタン・水添パーム油脂肪酸グリセリズ・トリオレイン酸ソルビタン・パルミチン酸スクロース　＋／－　酸化鉄・カーボンブラック<JILN6868>","iln_version_number":"JILN6868","inventory_status":"Active","is_active":true,"is_coming_soon":null,"is_default_sku":false,"is_discountable":true,"is_displayable":null,"is_engravable":null,"is_fragrance":null,"is_giftable":null,"is_giftwrap":false,"is_inactive":null,"is_multi_shaded":null,"is_out_of_stock":null,"is_preorder":false,"is_preorderable":null,"is_promotional":null,"is_replenishable":false,"is_search_suppressed":null,"is_searchable":true,"is_shaded":null,"is_sized":null,"is_sold_out":null,"is_under_weight_hazmat":false,"is_vto_enabled":null,"life_of_product":"Basic Reorder","material_code":"ZGC001A000","media":{"large":[{"alt":"プリティ イージー リキッド アイライニング ペン","height":1200,"position":1,"src":"/media/export/cms/products/1200x1500/cl_sku_ZGC001_1200x1500_0.png","type":"image","width":1500}],"medium":[{"alt":"プリティ イージー リキッド アイライニング ペン","height":600,"position":2,"src":"/media/export/cms/products/600x750/cl_sku_ZGC001_600x750_0.png","type":"image","width":750}],"model":null,"poster":null,"small":[{"alt":"プリティ イージー リキッド アイライニング ペン","height":1200,"position":3,"src":"/media/export/cms/products/1200x1500/cl_sku_ZGC001_1200x1500_0.png","type":"image","width":1500}],"smoosh":[{"alt":"プリティ イージー リキッド アイライニング ペン","height":1200,"position":0,"src":"/media/export/cms/products/1200x1500/swatches_v3/70_ns_ng.png","type":"image","width":1500}],"xl":null},"out_of_stock_threshold":null,"perlgem":{"SKU_BASE_ID":64249},"preorder_date":null,"prices":[{"currency":"JPY","exclude_tax":{"original_price":2600,"original_price_formatted":"¥2,600","price":2600,"price_formatted":"¥2,600","price_per_unit":null,"price_per_unit_formatted":""},"include_tax":{"original_price":2860,"original_price_formatted":"¥2,860","price":2860,"price_formatted":"¥2,860","price_per_unit":null,"price_per_unit_formatted":""},"is_discounted":false}],"purchase_limit":null,"replenishment":{"message":null},"reviews":{"average_rating":null,"number_of_questions":null,"number_of_reviews":null},"set_components":null,"shade_groups":null,"shades":[{"description":"つややかで深みのある黒","hex_val":"#2d2a29","image":{"height":null,"src":"","width":null},"name":"01 ブラック","smoosh_design":{"group_id":null,"name":"70::none::none"}}],"sizes":[{"key":1,"value":"0.67ｇ"}],"skin":{"tone":null,"type":null,"type_description":null},"sku_badge":null,"sku_badge_image":null,"sku_display_order":0,"sku_id":"ZGC001","sku_promo_messaging":null,"sku_type":"SE","sku_url":null,"tags":{"total":7,"items":[{"id":"27171","key":"day4flashsale","value":"Day4FlashSale"},{"id":"27174","key":"day7flashsale","value":"Day7FlashSale"},{"id":"1597","key":"アイライナー","value":"アイライナー"},{"id":"12537","key":"メークアップ-ベストセラー","value":"メークアップ ベストセラー"},{"id":"13561","key":"holiday-2014","value":"Holiday 2014"},{"id":"27172","key":"day5flashsale","value":"Day5FlashSale"},{"id":"25565","key":"justarrivednew","value":"justarrivednew"}]},"texture":null,"undertone":null,"unit_of_measure":null,"unit_size":null,"unit_size_formatted":null,"upc":"020714754082","vto":{"is_color_experience":null,"is_foundation_experience":null}}]},"sub_display_name":"プリティ イージー リキッド アイライニング ペン","sub_header":null,"tags":{"total":7,"items":[{"id":"27171","key":"day4flashsale","parent_tag_id":"1590","product_display_order":13,"value":"Day4FlashSale"},{"id":"27174","key":"day7flashsale","parent_tag_id":"1590","product_display_order":0,"value":"Day7FlashSale"},{"id":"1597","key":"アイライナー","parent_tag_id":"1592","product_display_order":1,"value":"アイライナー"},{"id":"12537","key":"メークアップ-ベストセラー","parent_tag_id":"1592","product_display_order":15,"value":"メークアップ ベストセラー"},{"id":"13561","key":"holiday-2014","parent_tag_id":null,"product_display_order":0,"value":"Holiday 2014"},{"id":"27172","key":"day5flashsale","parent_tag_id":"1590","product_display_order":0,"value":"Day5FlashSale"},{"id":"25565","key":"justarrivednew","parent_tag_id":null,"product_display_order":4,"value":"justarrivednew"}]},"usage":[{"content":null,"label":"PRODUCT USAGE","type":"product_usage"},{"content":null,"label":"HOW DOES IT WORK","type":"how_does_it_work"},{"content":null,"label":"WHO IT IS FOR","type":"who_it_is_for"},{"content":null,"label":"GREAT TO KNOW","type":"great_to_know"},{"content":null,"label":"WHAT_IT_DOES","type":"what_it_does"},{"content":null,"label":"WHAT_IT_IS","type":"what_it_is"}],"objectID":"36520"},{"benefit":{"statement":null,"benefits":null},"brand":null,"collection":null,"coverage":null,"cross_sell":[{"sku_id":"ZHK401","sort_key":1},{"sku_id":"ZGC001","sort_key":2},{"sku_id":"ZEK201","sort_key":3},{"sku_id":"Z9FF02","sort_key":4},{"sku_id":"ZCAE02","sort_key":5},{"sku_id":"60MK01","sort_key":6}],"default_category":{"id":"1595","key":"アイブロー"},"description":"<P>サッと美眉へ、スタイリング。<BR>クリニークから、待望のアイブロー マスカラが全4色誕生。</P><P>コンパクトなブラシでサッと毛流れに沿って塗るだけで、眉1本1本を自然に色づけ、立体的に仕上げます。<BR>眉がちょっと薄めの人から、しっかりした人まで、どんなタイプでも選べる4色を取り揃えました。</P>","display_mode":null,"display_name":"ジャスト ブロージング ブラッシュ オン スタイリング ムース","display_status":7,"finish":null,"form":null,"formula_type":null,"fragrance_family":null,"indexable_keywords":[{"value":"アイブロー"},{"value":"まゆげ"},{"value":"眉マスカラ"},{"value":"マスカラ"},{"value":"アイブロー マスカラ"}],"is_hazmat":false,"is_product_coming_soon":null,"is_product_displayable":true,"is_product_searchable":true,"is_product_shoppable":true,"is_product_sold_out":null,"is_product_temporarily_out_of_stock":null,"is_search_suppressed":null,"key_ingredient":null,"media":{"large":null,"medium":null,"poster":null,"small":null,"videos":[{"position":null,"poster":{"height":null,"src":null,"width":null},"provider":null,"src":null},{"position":null,"poster":{"height":null,"src":null,"width":null},"provider":null,"src":null},{"position":null,"poster":{"height":null,"src":null,"width":null},"provider":null,"src":null}],"xl":null},"meta":{"description":null,"keywords":"アイブロー,まゆげ,眉マスカラ,マスカラ,アイブロー マスカラ,"},"parent_category":[{"id":"1595","value":"アイブロー"},{"id":"1592","value":"メーク"}],"product_badge":null,"product_id":"36585","product_title_tag":null,"product_type":"Shaded","product_url":"/product/1595/36585/--/just-browsing-brush-on-styling-mousse","reviews":{"average_rating":null,"number_of_questions":null,"number_of_reviews":null},"shade_groups":null,"short_description":"<P>サッと美眉へ、スタイリング。<BR>クリニークから、待望のアイブロー マスカラが全4色誕生。</P><P>コンパクトなブラシでサッと毛流れに沿って塗るだけで、眉1本1本を自然に色づけ、立体的に仕上げます。<BR>眉がちょっと薄めの人から、しっかりした人まで、どんなタイプでも選べる4色を取り揃えました。</P>","skin":null,"skin_goal":null,"skus":{"total":3,"items":[{"color_family":null,"coverage_options":null,"cross_sell":null,"display_status":7,"finish":null,"finish_options":null,"fragrances":[{"family":null,"key":null,"value":null}],"iln_listing":"イソドデカン・メチルトリメチコン・ポリエチレン・シリカ・オゾケライト・トリメチルシロキシケイ酸・マイクロクリスタリンワックス・ジステアルジモニウムヘクトライト・炭酸プロピレン・フェニルトリメチコン・レシチン・エチルヘキシルグリセリン・水添ポリイソブテン・テトラ（ジ－ｔ－ブチルヒドロキシヒドロケイヒ酸）ペンタエリスリチル　＋／－　硫酸Ｂａ・酸化鉄・酸化チタン<JILN006960>","iln_version_number":"JILN006960","inventory_status":"Active","is_active":true,"is_coming_soon":null,"is_default_sku":false,"is_discountable":true,"is_displayable":null,"is_engravable":null,"is_fragrance":null,"is_giftable":null,"is_giftwrap":false,"is_inactive":null,"is_multi_shaded":null,"is_out_of_stock":null,"is_preorder":false,"is_preorderable":null,"is_promotional":null,"is_replenishable":false,"is_search_suppressed":null,"is_searchable":true,"is_shaded":null,"is_sized":null,"is_sold_out":null,"is_under_weight_hazmat":false,"is_vto_enabled":null,"life_of_product":"Basic Reorder","material_code":"ZGH5020001","media":{"large":[{"alt":"ジャスト ブロージング ブラッシュ オン スタイリング ムース","height":1200,"position":1,"src":"/media/export/cms/products/1200x1500/cl_sku_ZGH502_1200x1500_0.png","type":"image","width":1500}],"medium":[{"alt":"ジャスト ブロージング ブラッシュ オン スタイリング ムース","height":600,"position":2,"src":"/media/export/cms/products/600x750/cl_sku_ZGH502_600x750_0.png","type":"image","width":750}],"model":null,"poster":null,"small":[{"alt":"ジャスト ブロージング ブラッシュ オン スタイリング ムース","height":1200,"position":3,"src":"/media/export/cms/products/1200x1500/cl_sku_ZGH502_1200x1500_0.png","type":"image","width":1500}],"smoosh":[{"alt":"ジャスト ブロージング ブラッシュ オン スタイリング ムース","height":1200,"position":0,"src":"/media/export/cms/products/1200x1500/swatches_v3/05_ns_ng.png","type":"image","width":1500}],"xl":null},"out_of_stock_threshold":null,"perlgem":{"SKU_BASE_ID":64330},"preorder_date":null,"prices":[{"currency":"JPY","exclude_tax":{"original_price":2200,"original_price_formatted":"¥2,200","price":2200,"price_formatted":"¥2,200","price_per_unit":null,"price_per_unit_formatted":""},"include_tax":{"original_price":2420,"original_price_formatted":"¥2,420","price":2420,"price_formatted":"¥2,420","price_per_unit":null,"price_per_unit_formatted":""},"is_discounted":false}],"purchase_limit":null,"replenishment":{"message":null},"reviews":{"average_rating":null,"number_of_questions":null,"number_of_reviews":null},"set_components":null,"shade_groups":null,"shades":[{"description":"ほんのり赤味のある明るいブラウン","hex_val":"#74523c","image":{"height":null,"src":"","width":null},"name":"02 ライト ブラウン","smoosh_design":{"group_id":null,"name":"05::none::none"}}],"sizes":[{"key":1,"value":"2mL"}],"skin":{"tone":null,"type":null,"type_description":null},"sku_badge":null,"sku_badge_image":null,"sku_display_order":1,"sku_id":"ZGH502","sku_promo_messaging":null,"sku_type":"SE","sku_url":null,"tags":{"total":4,"items":[{"id":"1597","key":"アイライナー","value":"アイライナー"},{"id":"1595","key":"アイブロー","value":"アイブロー"},{"id":"25565","key":"justarrivednew","value":"justarrivednew"},{"id":"20524","key":"shop-the-movie-01","value":"Shop the Movie 01"}]},"texture":null,"undertone":null,"unit_of_measure":null,"unit_size":null,"unit_size_formatted":null,"upc":"020714755881","vto":{"is_color_experience":null,"is_foundation_experience":null}},{"color_family":null,"coverage_options":null,"cross_sell":null,"display_status":7,"finish":null,"finish_options":null,"fragrances":[{"family":null,"key":null,"value":null}],"iln_listing":"イソドデカン・メチルトリメチコン・ポリエチレン・シリカ・オゾケライト・トリメチルシロキシケイ酸・マイクロクリスタリンワックス・ジステアルジモニウムヘクトライト・炭酸プロピレン・フェニルトリメチコン・レシチン・エチルヘキシルグリセリン・水添ポリイソブテン・テトラ（ジ－ｔ－ブチルヒドロキシヒドロケイヒ酸）ペンタエリスリチル　＋／－　硫酸Ｂａ・酸化鉄・酸化チタン<JILN006960>","iln_version_number":"JILN006960","inventory_status":"Active","is_active":true,"is_coming_soon":null,"is_default_sku":false,"is_discountable":true,"is_displayable":null,"is_engravable":null,"is_fragrance":null,"is_giftable":null,"is_giftwrap":false,"is_inactive":null,"is_multi_shaded":null,"is_out_of_stock":null,"is_preorder":false,"is_preorderable":null,"is_promotional":null,"is_replenishable":false,"is_search_suppressed":null,"is_searchable":true,"is_shaded":null,"is_sized":null,"is_sold_out":null,"is_under_weight_hazmat":false,"is_vto_enabled":null,"life_of_product":"Basic Reorder","material_code":"ZGH5030001","media":{"large":[{"alt":"ジャスト ブロージング ブラッシュ オン スタイリング ムース","height":1200,"position":1,"src":"/media/export/cms/products/1200x1500/cl_sku_ZGH503_1200x1500_0.png","type":"image","width":1500}],"medium":[{"alt":"ジャスト ブロージング ブラッシュ オン スタイリング ムース","height":600,"position":2,"src":"/media/export/cms/products/600x750/cl_sku_ZGH503_600x750_0.png","type":"image","width":750}],"model":null,"poster":null,"small":[{"alt":"ジャスト ブロージング ブラッシュ オン スタイリング ムース","height":1200,"position":3,"src":"/media/export/cms/products/1200x1500/cl_sku_ZGH503_1200x1500_0.png","type":"image","width":1500}],"smoosh":[{"alt":"ジャスト ブロージング ブラッシュ オン スタイリング ムース","height":1200,"position":0,"src":"/media/export/cms/products/1200x1500/swatches_v3/05_ns_ng.png","type":"image","width":1500}],"xl":null},"out_of_stock_threshold":null,"perlgem":{"SKU_BASE_ID":64331},"preorder_date":null,"prices":[{"currency":"JPY","exclude_tax":{"original_price":2200,"original_price_formatted":"¥2,200","price":2200,"price_formatted":"¥2,200","price_per_unit":null,"price_per_unit_formatted":""},"include_tax":{"original_price":2420,"original_price_formatted":"¥2,420","price":2420,"price_formatted":"¥2,420","price_per_unit":null,"price_per_unit_formatted":""},"is_discounted":false}],"purchase_limit":null,"replenishment":{"message":null},"reviews":{"average_rating":null,"number_of_questions":null,"number_of_reviews":null},"set_components":null,"shade_groups":null,"shades":[{"description":"落ち着いたブラウン","hex_val":"#533d2a","image":{"height":null,"src":"","width":null},"name":"03 ディープ ブラウン","smoosh_design":{"group_id":null,"name":"05::none::none"}}],"sizes":[{"key":1,"value":"2mL"}],"skin":{"tone":null,"type":null,"type_description":null},"sku_badge":null,"sku_badge_image":null,"sku_display_order":2,"sku_id":"ZGH503","sku_promo_messaging":null,"sku_type":"SE","sku_url":null,"tags":{"total":2,"items":[{"id":"1597","key":"アイライナー","value":"アイライナー"},{"id":"1595","key":"アイブロー","value":"アイブロー"}]},"texture":null,"undertone":null,"unit_of_measure":null,"unit_size":null,"unit_size_formatted":null,"upc":"020714755898","vto":{"is_color_experience":null,"is_foundation_experience":null}},{"color_family":null,"coverage_options":null,"cross_sell":null,"display_status":7,"finish":null,"finish_options":null,"fragrances":[{"family":null,"key":null,"value":null}],"iln_listing":"イソドデカン・メチルトリメチコン・ポリエチレン・シリカ・オゾケライト・トリメチルシロキシケイ酸・マイクロクリスタリンワックス・ジステアルジモニウムヘクトライト・炭酸プロピレン・フェニルトリメチコン・レシチン・エチルヘキシルグリセリン・水添ポリイソブテン・テトラ（ジ－ｔ－ブチルヒドロキシヒドロケイヒ酸）ペンタエリスリチル　＋／－　硫酸Ｂａ・酸化鉄・酸化チタン<JILN6960>","iln_version_number":"JILN6960","inventory_status":"Active","is_active":true,"is_coming_soon":null,"is_default_sku":false,"is_discountable":true,"is_displayable":null,"is_engravable":null,"is_fragrance":null,"is_giftable":null,"is_giftwrap":false,"is_inactive":null,"is_multi_shaded":null,"is_out_of_stock":null,"is_preorder":false,"is_preorderable":null,"is_promotional":null,"is_replenishable":false,"is_search_suppressed":null,"is_searchable":true,"is_shaded":null,"is_sized":null,"is_sold_out":null,"is_under_weight_hazmat":false,"is_vto_enabled":null,"life_of_product":"Basic Reorder","material_code":"ZGH5040001","media":{"large":[{"alt":"ジャスト ブロージング ブラッシュ オン スタイリング ムース","height":1200,"position":1,"src":"/media/export/cms/products/1200x1500/cl_sku_ZGH504_1200x1500_0.png","type":"image","width":1500}],"medium":[{"alt":"ジャスト ブロージング ブラッシュ オン スタイリング ムース","height":600,"position":2,"src":"/media/export/cms/products/600x750/cl_sku_ZGH504_600x750_0.png","type":"image","width":750}],"model":null,"poster":null,"small":[{"alt":"ジャスト ブロージング ブラッシュ オン スタイリング ムース","height":1200,"position":3,"src":"/media/export/cms/products/1200x1500/cl_sku_ZGH504_1200x1500_0.png","type":"image","width":1500}],"smoosh":[{"alt":"ジャスト ブロージング ブラッシュ オン スタイリング ムース","height":1200,"position":0,"src":"/media/export/cms/products/1200x1500/swatches_v3/05_ns_ng.png","type":"image","width":1500}],"xl":null},"out_of_stock_threshold":null,"perlgem":{"SKU_BASE_ID":64332},"preorder_date":null,"prices":[{"currency":"JPY","exclude_tax":{"original_price":2200,"original_price_formatted":"¥2,200","price":2200,"price_formatted":"¥2,200","price_per_unit":null,"price_per_unit_formatted":""},"include_tax":{"original_price":2420,"original_price_formatted":"¥2,420","price":2420,"price_formatted":"¥2,420","price_per_unit":null,"price_per_unit_formatted":""},"is_discounted":false}],"purchase_limit":null,"replenishment":{"message":null},"reviews":{"average_rating":null,"number_of_questions":null,"number_of_reviews":null},"set_components":null,"shade_groups":null,"shades":[{"description":"黒に近いダーク ブラウン","hex_val":"#3e382e","image":{"height":null,"src":"","width":null},"name":"04 ブラック/ブラウン","smoosh_design":{"group_id":null,"name":"05::none::none"}}],"sizes":[{"key":1,"value":"2mL"}],"skin":{"tone":null,"type":null,"type_description":null},"sku_badge":null,"sku_badge_image":null,"sku_display_order":3,"sku_id":"ZGH504","sku_promo_messaging":null,"sku_type":"SE","sku_url":null,"tags":{"total":5,"items":[{"id":"13569","key":"gifts-under-25","value":"Gifts Under $25"},{"id":"4323","key":"just-arrived","value":"Just Arrived"},{"id":"13562","key":"makeup","value":"Makeup"},{"id":"1595","key":"アイブロー","value":"アイブロー"},{"id":"15513","key":"recommendedforstudents","value":"RecommendedforStudents"}]},"texture":null,"undertone":null,"unit_of_measure":null,"unit_size":null,"unit_size_formatted":null,"upc":"020714755904","vto":{"is_color_experience":null,"is_foundation_experience":null}}]},"sub_display_name":"ジャスト ブロージング ブラッシュ オン スタイリング ムース","sub_header":null,"tags":{"total":8,"items":[{"id":"13569","key":"gifts-under-25","parent_tag_id":"13561","product_display_order":0,"value":"Gifts Under $25"},{"id":"4323","key":"just-arrived","parent_tag_id":null,"product_display_order":27,"value":"Just Arrived"},{"id":"1597","key":"アイライナー","parent_tag_id":"1592","product_display_order":0,"value":"アイライナー"},{"id":"13562","key":"makeup","parent_tag_id":"13561","product_display_order":0,"value":"Makeup"},{"id":"1595","key":"アイブロー","parent_tag_id":"1592","product_display_order":0,"value":"アイブロー"},{"id":"25565","key":"justarrivednew","parent_tag_id":null,"product_display_order":3,"value":"justarrivednew"},{"id":"15513","key":"recommendedforstudents","parent_tag_id":"4323","product_display_order":0,"value":"RecommendedforStudents"},{"id":"20524","key":"shop-the-movie-01","parent_tag_id":"1000020","product_display_order":7,"value":"Shop the Movie 01"}]},"usage":[{"content":null,"label":"PRODUCT USAGE","type":"product_usage"},{"content":null,"label":"HOW DOES IT WORK","type":"how_does_it_work"},{"content":null,"label":"WHO IT IS FOR","type":"who_it_is_for"},{"content":null,"label":"GREAT TO KNOW","type":"great_to_know"},{"content":null,"label":"WHAT_IT_DOES","type":"what_it_does"},{"content":null,"label":"WHAT_IT_IS","type":"what_it_is"}],"objectID":"36585"},{"benefit":{"statement":null,"benefits":null},"brand":null,"collection":[{"key":"repairwear-collection","value":"repairwear_collection"}],"coverage":null,"cross_sell":[{"sku_id":"68LE01","sort_key":1},{"sku_id":"6F3701","sort_key":2},{"sku_id":"7C5H01","sort_key":3},{"sku_id":"7C5H01","sort_key":4},{"sku_id":"6CEG01","sort_key":5},{"sku_id":"68GK01","sort_key":6}],"default_category":{"id":"13303","key":"美容液"},"description":"スキンタイプ：すべてのスキンタイプ<br><span style=\"display:block;margin-bottom:0.5em;\">潤いを与えて乾燥による小ジワを目立たなくする<sup>＊2</sup>エイジングケア<sup>＊1</sup>美容液。<br>太陽光線などの外的要因による乾燥から肌をしっかり守ります。<br>肌表面をなめらかに、そしてふっくらとしたハリを与えて。</span><small>＊1 効能評価試験済　＊2 年齢に応じた肌のお手入れ</small><br>クリニーク クリーン フィロソフィー<br>パラベンフリー<br>フタル酸エステル不使用　<br>無香料<br>肌が喜ぶスキンケア","display_mode":null,"display_name":"リペアウェア レーザー フォーカス SRC","display_status":7,"finish":null,"form":[{"key":"serum-form","value":"serum_form"}],"formula_type":null,"fragrance_family":null,"indexable_keywords":[{"value":"エイジング"},{"value":" シワ"},{"value":" レーザー"},{"value":"　フォーカス"},{"value":"　リペアウェア"},{"value":" src"},{"value":"美容液"}],"is_hazmat":false,"is_product_coming_soon":null,"is_product_displayable":true,"is_product_searchable":true,"is_product_shoppable":true,"is_product_sold_out":null,"is_product_temporarily_out_of_stock":null,"is_search_suppressed":null,"key_ingredient":null,"media":{"large":null,"medium":null,"poster":null,"small":null,"videos":[{"position":null,"poster":{"height":null,"src":null,"width":null},"provider":"YouTube","src":null},{"position":null,"poster":{"height":null,"src":null,"width":null},"provider":"YouTube","src":null},{"position":null,"poster":{"height":null,"src":null,"width":null},"provider":"YouTube","src":null}],"xl":null},"meta":{"description":null,"keywords":"エイジング, シワ, レーザー,　フォーカス,　リペアウェア, src,美容液"},"parent_category":[{"id":"13303","value":"美容液"},{"id":"1667","value":"スキンケア"}],"product_badge":null,"product_id":"37233","product_title_tag":null,"product_type":"Sized","product_url":"/product/13303/37233/-src/repairwear-laser-focustm-smooths-restores-corrects","reviews":{"average_rating":null,"number_of_questions":null,"number_of_reviews":null},"shade_groups":null,"short_description":"潤いを与えて乾燥による小ジワを目立たなくする<sup>＊2</sup>エイジングケア<sup>＊1</sup>美容液。<br><small>＊１　効能評価試験済 ＊２　年齢に応じた肌のお手入れ</small>","skin":{"concern":[{"key":"anti-aging-concern","value":"anti_aging_concern"},{"key":"sagging-concern","value":"sagging_concern"},{"key":"lineswrinkles-concern","value":"lineswrinkles_concern"}]},"skin_goal":null,"skus":{"total":2,"items":[{"color_family":null,"coverage_options":null,"cross_sell":null,"display_status":7,"finish":null,"finish_options":null,"fragrances":[{"family":null,"key":null,"value":null}],"iln_listing":"水・メチルグルセス－２０・ＰＥＧ－７５・ビスＰＥＧ－１８メチルエーテルジメチルシラン・ＢＧ・グリセレス－２６・ＴＥＡ・アセチルグルコサミン・スクワラン・ベタイン・ホエイタンパク（牛乳）・オレス－３リン酸・オレス－３・グリセリン・カルボマー・エチルヘキシルグリセリン・オレス－５・カフェイン・ツクシメナモミエキス・酢酸トコフェロール・ポリメタクリル酸グリセリル・パンテチン・ヒアルロン酸Ｎａ・ビサボロール・ＥＤＴＡ－２Ｎａ・加水分解ホホバエステル・キサンタンガム・コレス－２４・レシチン・オニサルビアエキス・セテス－２４・リン酸アスコルビルアミノプロピル・ＰＥＧ－８・ダイズタンパク・クエン酸・ミクロコッカス溶解液・シーウィップエキス・カンゾウ葉エキス・プランクトンエキス・アセチルヘキサペプチド－８・酵母エキス・エルゴチオネイン・パルミトイルオリゴペプチド・フェノキシエタノール・ソルビン酸Ｋ<JILN007024>","iln_version_number":"JILN007024","inventory_status":"Active","is_active":true,"is_coming_soon":null,"is_default_sku":false,"is_discountable":true,"is_displayable":null,"is_engravable":null,"is_fragrance":null,"is_giftable":null,"is_giftwrap":false,"is_inactive":null,"is_multi_shaded":null,"is_out_of_stock":null,"is_preorder":false,"is_preorderable":null,"is_promotional":null,"is_replenishable":false,"is_search_suppressed":null,"is_searchable":true,"is_shaded":null,"is_sized":null,"is_sold_out":null,"is_under_weight_hazmat":false,"is_vto_enabled":null,"life_of_product":"Basic Reorder","material_code":"ZK46010001","media":{"large":[{"alt":"リペアウェア レーザー フォーカス SRC","height":1200,"position":0,"src":"/media/export/cms/products/1200x1500/cl_sku_ZK4601_1200x1500_0.png","type":"image","width":1500}],"medium":[{"alt":"リペアウェア レーザー フォーカス SRC","height":600,"position":1,"src":"/media/export/cms/products/600x750/cl_sku_ZK4601_600x750_0.png","type":"image","width":750}],"model":null,"poster":null,"small":[{"alt":"リペアウェア レーザー フォーカス SRC","height":1200,"position":2,"src":"/media/export/cms/products/1200x1500/cl_sku_ZK4601_1200x1500_0.png","type":"image","width":1500}],"smoosh":null,"xl":null},"out_of_stock_threshold":null,"perlgem":{"SKU_BASE_ID":65255},"preorder_date":null,"prices":[{"currency":"JPY","exclude_tax":{"original_price":12000,"original_price_formatted":"¥12,000","price":12000,"price_formatted":"¥12,000","price_per_unit":null,"price_per_unit_formatted":""},"include_tax":{"original_price":13200,"original_price_formatted":"¥13,200","price":13200,"price_formatted":"¥13,200","price_per_unit":null,"price_per_unit_formatted":""},"is_discounted":false}],"purchase_limit":null,"replenishment":{"message":"Recommended Auto-Ship cycle: 6 weeks  Learn more >"},"reviews":{"average_rating":null,"number_of_questions":null,"number_of_reviews":null},"set_components":null,"shade_groups":null,"shades":null,"sizes":[{"key":1,"value":"50mL"}],"skin":{"tone":null,"type":[{"key":"dry-skintype","value":"dry_skintype"},{"key":"combination-skintype","value":"combination_skintype"},{"key":"oily-skintype","value":"oily_skintype"},{"key":"normal-skintype","value":"normal_skintype"}],"type_description":null},"sku_badge":null,"sku_badge_image":null,"sku_display_order":0,"sku_id":"ZK4601","sku_promo_messaging":null,"sku_type":"SE","sku_url":null,"tags":{"total":14,"items":[{"id":"1980","key":"de-aging","value":"De-Aging"},{"id":"13303","key":"美容液","value":"美容液"},{"id":"1675","key":"守る防ぐ","value":"守る、防ぐ。"},{"id":"1628","key":"サンプル","value":"サンプル"},{"id":"4034","key":"serums","value":"Serums"},{"id":"16741","key":"blackheads","value":"Blackheads"},{"id":"1674","key":"ディ-エイジング","value":"ディ-エイジング"},{"id":"2752","key":"top-rated-skincare","value":"top rated skincare"},{"id":"1676","key":"外的ダメージをケア","value":"外的ダメージをケア。"},{"id":"1667","key":"スキンケア","value":"スキンケア"},{"id":"13051","key":"スキンケア-ベストセラー","value":"スキンケア ベストセラー"},{"id":"16916","key":"gift-ideas-for-events","value":"Gift Ideas for Events"},{"id":"18069","key":"価格別10000円","value":"価格別10000円"},{"id":"27172","key":"day5flashsale","value":"Day5FlashSale"}]},"texture":null,"undertone":null,"unit_of_measure":null,"unit_size":null,"unit_size_formatted":null,"upc":"020714777531","vto":{"is_color_experience":null,"is_foundation_experience":null}},{"color_family":null,"coverage_options":null,"cross_sell":null,"display_status":7,"finish":null,"finish_options":null,"fragrances":[{"family":null,"key":null,"value":null}],"iln_listing":"水・メチルグルセス－２０・ＰＥＧ－７５・ビスＰＥＧ－１８メチルエーテルジメチルシラン・ＢＧ・グリセレス－２６・ＴＥＡ・アセチルグルコサミン・スクワラン・ベタイン・ホエイタンパク（牛乳）・オレス－３リン酸・オレス－３・グリセリン・カルボマー・エチルヘキシルグリセリン・オレス－５・カフェイン・ツクシメナモミエキス・酢酸トコフェロール・ポリメタクリル酸グリセリル・パンテチン・ヒアルロン酸Ｎａ・ビサボロール・ＥＤＴＡ－２Ｎａ・加水分解ホホバエステル・キサンタンガム・コレス－２４・レシチン・オニサルビアエキス・セテス－２４・リン酸アスコルビルアミノプロピル・ＰＥＧ－８・ダイズタンパク・クエン酸・ミクロコッカス溶解液・シーウィップエキス・カンゾウ葉エキス・プランクトンエキス・アセチルヘキサペプチド－８・酵母エキス・エルゴチオネイン・パルミトイルオリゴペプチド・フェノキシエタノール・ソルビン酸Ｋ<JILN007024>","iln_version_number":"JILN007024","inventory_status":"Active","is_active":true,"is_coming_soon":null,"is_default_sku":false,"is_discountable":true,"is_displayable":null,"is_engravable":null,"is_fragrance":null,"is_giftable":null,"is_giftwrap":false,"is_inactive":null,"is_multi_shaded":null,"is_out_of_stock":null,"is_preorder":false,"is_preorderable":null,"is_promotional":null,"is_replenishable":false,"is_search_suppressed":null,"is_searchable":true,"is_shaded":null,"is_sized":null,"is_sold_out":null,"is_under_weight_hazmat":false,"is_vto_enabled":null,"life_of_product":"Basic Reorder","material_code":"ZK43010001","media":{"large":[{"alt":"リペアウェア レーザー フォーカス SRC","height":1200,"position":0,"src":"/media/export/cms/products/1200x1500/cl_sku_ZK4301_1200x1500_0.png","type":"image","width":1500}],"medium":[{"alt":"リペアウェア レーザー フォーカス SRC","height":600,"position":1,"src":"/media/export/cms/products/600x750/cl_sku_ZK4301_600x750_0.png","type":"image","width":750}],"model":null,"poster":null,"small":[{"alt":"リペアウェア レーザー フォーカス SRC","height":1200,"position":2,"src":"/media/export/cms/products/1200x1500/cl_sku_ZK4301_1200x1500_0.png","type":"image","width":1500}],"smoosh":null,"xl":null},"out_of_stock_threshold":null,"perlgem":{"SKU_BASE_ID":65254},"preorder_date":null,"prices":[{"currency":"JPY","exclude_tax":{"original_price":8500,"original_price_formatted":"¥8,500","price":8500,"price_formatted":"¥8,500","price_per_unit":null,"price_per_unit_formatted":""},"include_tax":{"original_price":9350,"original_price_formatted":"¥9,350","price":9350,"price_formatted":"¥9,350","price_per_unit":null,"price_per_unit_formatted":""},"is_discounted":false}],"purchase_limit":null,"replenishment":{"message":"Recommended Auto-Ship cycle: 4 weeks  Learn more >"},"reviews":{"average_rating":null,"number_of_questions":null,"number_of_reviews":null},"set_components":null,"shade_groups":null,"shades":null,"sizes":[{"key":1,"value":"30mL"}],"skin":{"tone":null,"type":[{"key":"dry-skintype","value":"dry_skintype"},{"key":"combination-skintype","value":"combination_skintype"},{"key":"oily-skintype","value":"oily_skintype"},{"key":"normal-skintype","value":"normal_skintype"}],"type_description":null},"sku_badge":null,"sku_badge_image":null,"sku_display_order":0,"sku_id":"ZK4301","sku_promo_messaging":null,"sku_type":"SE","sku_url":null,"tags":{"total":14,"items":[{"id":"1980","key":"de-aging","value":"De-Aging"},{"id":"13303","key":"美容液","value":"美容液"},{"id":"1675","key":"守る防ぐ","value":"守る、防ぐ。"},{"id":"4034","key":"serums","value":"Serums"},{"id":"16741","key":"blackheads","value":"Blackheads"},{"id":"27174","key":"day7flashsale","value":"Day7FlashSale"},{"id":"1674","key":"ディ-エイジング","value":"ディ-エイジング"},{"id":"2752","key":"top-rated-skincare","value":"top rated skincare"},{"id":"1676","key":"外的ダメージをケア","value":"外的ダメージをケア。"},{"id":"1667","key":"スキンケア","value":"スキンケア"},{"id":"27169","key":"day2flashsale","value":"Day2FlashSale"},{"id":"13051","key":"スキンケア-ベストセラー","value":"スキンケア ベストセラー"},{"id":"18069","key":"価格別10000円","value":"価格別10000円"},{"id":"27172","key":"day5flashsale","value":"Day5FlashSale"}]},"texture":null,"undertone":null,"unit_of_measure":null,"unit_size":null,"unit_size_formatted":null,"upc":"020714777500","vto":{"is_color_experience":null,"is_foundation_experience":null}}]},"sub_display_name":"リペアウェア レーザー フォーカス SRC","sub_header":null,"tags":{"total":16,"items":[{"id":"1980","key":"de-aging","parent_tag_id":"1674","product_display_order":0,"value":"De-Aging"},{"id":"13303","key":"美容液","parent_tag_id":"1667","product_display_order":10,"value":"美容液"},{"id":"1675","key":"守る防ぐ","parent_tag_id":"1674","product_display_order":0,"value":"守る、防ぐ。"},{"id":"1628","key":"サンプル","parent_tag_id":null,"product_display_order":173,"value":"サンプル"},{"id":"4034","key":"serums","parent_tag_id":"1667","product_display_order":0,"value":"Serums"},{"id":"16741","key":"blackheads","parent_tag_id":"1667","product_display_order":6,"value":"Blackheads"},{"id":"27174","key":"day7flashsale","parent_tag_id":"1590","product_display_order":0,"value":"Day7FlashSale"},{"id":"1674","key":"ディ-エイジング","parent_tag_id":"1667","product_display_order":4,"value":"ディ-エイジング"},{"id":"2752","key":"top-rated-skincare","parent_tag_id":"1667","product_display_order":0,"value":"top rated skincare"},{"id":"1676","key":"外的ダメージをケア","parent_tag_id":"1674","product_display_order":0,"value":"外的ダメージをケア。"},{"id":"1667","key":"スキンケア","parent_tag_id":null,"product_display_order":118,"value":"スキンケア"},{"id":"27169","key":"day2flashsale","parent_tag_id":"1590","product_display_order":0,"value":"Day2FlashSale"},{"id":"13051","key":"スキンケア-ベストセラー","parent_tag_id":"1667","product_display_order":21,"value":"スキンケア ベストセラー"},{"id":"16916","key":"gift-ideas-for-events","parent_tag_id":"1000020","product_display_order":15,"value":"Gift Ideas for Events"},{"id":"18069","key":"価格別10000円","parent_tag_id":"1000020","product_display_order":3,"value":"価格別10000円"},{"id":"27172","key":"day5flashsale","parent_tag_id":"1590","product_display_order":43,"value":"Day5FlashSale"}]},"usage":[{"content":"<UL><LI>朝と夜、3ステップ スキンケア（ソープ・ローション・乳液）の後、適量を、顔全体と目のまわりになじませます。</LI></UL>","label":"PRODUCT USAGE","type":"product_usage"},{"content":null,"label":"HOW DOES IT WORK","type":"how_does_it_work"},{"content":"すべてのスキンタイプ","label":"WHO IT IS FOR","type":"who_it_is_for"},{"content":"パラベンフリー、フタル酸エステル不使用、無香料","label":"GREAT TO KNOW","type":"great_to_know"},{"content":"太陽光線などの外的要因による乾燥から肌をしっかり守ります。肌表面をなめらかに、そしてふっくらとしたハリを与えて。","label":"WHAT_IT_DOES","type":"what_it_does"},{"content":"美容液","label":"WHAT_IT_IS","type":"what_it_is"}],"objectID":"37233"},{"benefit":{"statement":null,"benefits":null},"brand":null,"collection":null,"coverage":null,"cross_sell":[{"sku_id":"71PN01","sort_key":1},{"sku_id":"7JJ001","sort_key":2},{"sku_id":"7C2K01","sort_key":3},{"sku_id":"7C5H64","sort_key":4},{"sku_id":"6FGH01","sort_key":5},{"sku_id":"7JHT01","sort_key":6}],"default_category":{"id":"1683","key":"アイ-リップ-ケア"},"description":"乾燥による小ジワを目立たなくし＊、ハリのある目もとへと導くアイクリーム。<br>デリケートな目もとに潤いを与え、ふっくらとしたハリのある若々しい印象に。<br><br>＊　効能評価試験済<br><br>クリニーク クリーン フィロソフィー<br><br>パラベンフリー<br>フタル酸エステル不使用　<br>無香料<br>肌が喜ぶスキンケア","display_mode":null,"display_name":"リペアウェア レーザー フォーカス アイ クリーム","display_status":7,"finish":null,"form":null,"formula_type":null,"fragrance_family":null,"indexable_keywords":[{"value":"エイジング"},{"value":"シワ"},{"value":"レーザー"},{"value":"フォーカス"},{"value":"リペアウェア"},{"value":" src"},{"value":"たるみ"},{"value":"アイ"},{"value":"クリーム"}],"is_hazmat":false,"is_product_coming_soon":null,"is_product_displayable":true,"is_product_searchable":true,"is_product_shoppable":true,"is_product_sold_out":null,"is_product_temporarily_out_of_stock":null,"is_search_suppressed":null,"key_ingredient":null,"media":{"large":null,"medium":null,"poster":null,"small":null,"videos":[{"position":null,"poster":{"height":null,"src":null,"width":null},"provider":null,"src":null},{"position":null,"poster":{"height":null,"src":null,"width":null},"provider":null,"src":null},{"position":null,"poster":{"height":null,"src":null,"width":null},"provider":null,"src":null}],"xl":null},"meta":{"description":null,"keywords":null},"parent_category":[{"id":"1683","value":"アイ & リップ ケア"},{"id":"1667","value":"スキンケア"}],"product_badge":null,"product_id":"37235","product_title_tag":null,"product_type":"Other","product_url":"/product/1683/37235/-/-/repairwear-laser-focustm-wrinkle-correcting-eye-cream","reviews":{"average_rating":null,"number_of_questions":null,"number_of_reviews":null},"shade_groups":null,"short_description":"乾燥による小ジワを目立たなくし＊、ハリのある目もとへと導くアイクリーム。<br>デリケートな目もとに潤いを与え、ふっくらとしたハリのある若々しい印象に。<br><br>＊　効能評価試験済<br><br>クリニーク クリーン フィロソフィー<br><br>パラベンフリー<br>フタル酸エステル不使用　<br>無香料<br>肌が喜ぶスキンケア","skin":null,"skin_goal":null,"skus":{"total":1,"items":[{"color_family":null,"coverage_options":null,"cross_sell":null,"display_status":7,"finish":null,"finish_options":null,"fragrances":[{"family":null,"key":null,"value":null}],"iln_listing":"水・スクワラン・ＢＧ・パルミチン酸エチルヘキシル・グリセリン・トリ（カプリル酸／カプリン酸／ミリスチン酸／ステアリン酸）グリセリル・ジメチコン・メチルグルセス－２０・ステアリン酸ＰＥＧ－１００・セタノール・ステアリン酸グリセリル・ＰＥＧ－８・アボカドステロールズ・水添レシチン・ポリメチルシルセスキオキサン・チャ葉エキス・サッカロミセス培養液・ポリシリコーン－１１・ポリメタクリル酸グリセリル・トリ（カプリル酸／カプリン酸）グリセリル・ジカプリン酸ＰＧ・カギイバラノリエキス・アセチルグルコサミン・スクロース・トレハロース・ペンチレングリコール・酢酸トコフェロール・酸化チタン・カルボマー・ヒマワリ油粕・シマテングサエキス・トロメタミン・カプリリルグリコール・カフェイン・フィトスフィンゴシン・ツクシメナモミエキス・テトラヘキシルデカン酸アスコルビル・水添野菜油・コレステロール（羊毛）・ＰＣＡ亜鉛・ホエイタンパク（牛乳）・ＥＤＴＡ－２Ｎａ・クリスマムマリチマムエキス・ラミナリアディギタータエキス・ヘキシレングリコール・レシチン・ヒドロキシエチルセルロース・オオムギ種子エキス・クロレラエキス・ヒアルロン酸Ｎａ・硫酸Ｋ・クエン酸・クエン酸Ｎａ・キュウリ果実エキス・ミクロコッカス溶解液・ローズマリー葉エキス・パジナパボニカ葉状体エキス・ジスチリルビフェニルジスルホン酸２Ｎa・エルゴチオネイン・パルミトイルオリゴペプチド・ビオチン・塩化Ｎａ・フェノキシエタノール・ソルビン酸Ｋ<JILN006683>","iln_version_number":"JILN006683","inventory_status":"Active","is_active":true,"is_coming_soon":null,"is_default_sku":false,"is_discountable":true,"is_displayable":null,"is_engravable":null,"is_fragrance":null,"is_giftable":null,"is_giftwrap":false,"is_inactive":null,"is_multi_shaded":null,"is_out_of_stock":null,"is_preorder":false,"is_preorderable":null,"is_promotional":null,"is_replenishable":false,"is_search_suppressed":null,"is_searchable":true,"is_shaded":null,"is_sized":null,"is_sold_out":null,"is_under_weight_hazmat":false,"is_vto_enabled":null,"life_of_product":"Basic Reorder","material_code":"ZK4K010001","media":{"large":[{"alt":"リペアウェア レーザー フォーカス アイ クリーム","height":1200,"position":0,"src":"/media/export/cms/products/1200x1500/cl_sku_ZK4K01_1200x1500_0.png","type":"image","width":1500}],"medium":[{"alt":"リペアウェア レーザー フォーカス アイ クリーム","height":600,"position":1,"src":"/media/export/cms/products/600x750/cl_sku_ZK4K01_600x750_0.png","type":"image","width":750}],"model":null,"poster":null,"small":[{"alt":"リペアウェア レーザー フォーカス アイ クリーム","height":1200,"position":2,"src":"/media/export/cms/products/1200x1500/cl_sku_ZK4K01_1200x1500_0.png","type":"image","width":1500}],"smoosh":null,"xl":null},"out_of_stock_threshold":null,"perlgem":{"SKU_BASE_ID":65258},"preorder_date":null,"prices":[{"currency":"JPY","exclude_tax":{"original_price":6500,"original_price_formatted":"¥6,500","price":6500,"price_formatted":"¥6,500","price_per_unit":null,"price_per_unit_formatted":""},"include_tax":{"original_price":7150,"original_price_formatted":"¥7,150","price":7150,"price_formatted":"¥7,150","price_per_unit":null,"price_per_unit_formatted":""},"is_discounted":false}],"purchase_limit":null,"replenishment":{"message":null},"reviews":{"average_rating":null,"number_of_questions":null,"number_of_reviews":null},"set_components":null,"shade_groups":null,"shades":null,"sizes":[{"key":1,"value":"15mL"}],"skin":{"tone":null,"type":null,"type_description":null},"sku_badge":null,"sku_badge_image":null,"sku_display_order":0,"sku_id":"ZK4K01","sku_promo_messaging":null,"sku_type":"SE","sku_url":null,"tags":{"total":10,"items":[{"id":"27172","key":"day5flashsale","value":"Day5FlashSale"},{"id":"1683","key":"アイ-リップ-ケア","value":"アイ & リップ ケア"},{"id":"1676","key":"外的ダメージをケア","value":"外的ダメージをケア。"},{"id":"1667","key":"スキンケア","value":"スキンケア"},{"id":"1675","key":"守る防ぐ","value":"守る、防ぐ。"},{"id":"27174","key":"day7flashsale","value":"Day7FlashSale"},{"id":"27169","key":"day2flashsale","value":"Day2FlashSale"},{"id":"1980","key":"de-aging","value":"De-Aging"},{"id":"1674","key":"ディ-エイジング","value":"ディ-エイジング"},{"id":"16741","key":"blackheads","value":"Blackheads"}]},"texture":null,"undertone":null,"unit_of_measure":null,"unit_size":null,"unit_size_formatted":null,"upc":"020714777647","vto":{"is_color_experience":null,"is_foundation_experience":null}}]},"sub_display_name":"リペアウェア レーザー フォーカス アイ クリーム","sub_header":null,"tags":{"total":10,"items":[{"id":"27172","key":"day5flashsale","parent_tag_id":"1590","product_display_order":13,"value":"Day5FlashSale"},{"id":"1683","key":"アイ-リップ-ケア","parent_tag_id":"1667","product_display_order":16,"value":"アイ & リップ ケア"},{"id":"1676","key":"外的ダメージをケア","parent_tag_id":"1674","product_display_order":0,"value":"外的ダメージをケア。"},{"id":"1667","key":"スキンケア","parent_tag_id":null,"product_display_order":119,"value":"スキンケア"},{"id":"1675","key":"守る防ぐ","parent_tag_id":"1674","product_display_order":0,"value":"守る、防ぐ。"},{"id":"27174","key":"day7flashsale","parent_tag_id":"1590","product_display_order":0,"value":"Day7FlashSale"},{"id":"27169","key":"day2flashsale","parent_tag_id":"1590","product_display_order":0,"value":"Day2FlashSale"},{"id":"1980","key":"de-aging","parent_tag_id":"1674","product_display_order":0,"value":"De-Aging"},{"id":"1674","key":"ディ-エイジング","parent_tag_id":"1667","product_display_order":5,"value":"ディ-エイジング"},{"id":"16741","key":"blackheads","parent_tag_id":"1667","product_display_order":7,"value":"Blackheads"}]},"usage":[{"content":"朝と夜、3ステップ スキンケア（ソープ・ローション・乳液）の後、適量を、目のまわりに優しくなじませます。","label":"PRODUCT USAGE","type":"product_usage"},{"content":null,"label":"HOW DOES IT WORK","type":"how_does_it_work"},{"content":null,"label":"WHO IT IS FOR","type":"who_it_is_for"},{"content":null,"label":"GREAT TO KNOW","type":"great_to_know"},{"content":null,"label":"WHAT_IT_DOES","type":"what_it_does"},{"content":null,"label":"WHAT_IT_IS","type":"what_it_is"}],"objectID":"37235"},{"benefit":{"statement":null,"benefits":null},"brand":null,"collection":null,"coverage":null,"cross_sell":[{"sku_id":"6GEN01","sort_key":1},{"sku_id":"7WCP01","sort_key":2},{"sku_id":"60YE03","sort_key":3},{"sku_id":"Z54E61","sort_key":4}],"default_category":{"id":"1599","key":"ファンデーション"},"description":"パーフェクトを超える\"ビヨンド パーフェクト\"<br>完璧すぎるカバー力と信じられないほど軽いつけ心地が、ついに出逢った。<br>コンシーラー機能搭載のファンデーションで、さっとひと塗り、簡単キレイにつけられる。<br>独自設計のマジック ワンド(魔法の杖） アプリケーターを採用し、<br>毛穴 色ムラを忘れる、魔法のフィニッシュが、\"12時間\"<font size=\"1\">*1</font>続きます。<br>乾燥する部分には潤いを与え、テカリやすい部分は皮脂を吸収することで完璧を超える仕上がり。<br> <br><font size=\"1\">＊1化粧持ち（色落ち・よれ・毛穴落ち）データ取得済み。（当社調べ。効果には個人差があります）</font>","display_mode":null,"display_name":"ビヨンド パーフェクティング ファンデーション 19","display_status":7,"finish":null,"form":null,"formula_type":null,"fragrance_family":null,"indexable_keywords":[{"value":"リキッド"},{"value":"リキッド ファンデーション"},{"value":"コンシーラー"},{"value":"カバー力"},{"value":"魔法"},{"value":"パーフェクト"},{"value":"ビヨンド パーフェクト"},{"value":"軽い"},{"value":"liquid foundation"},{"value":"beyond perfecting foundation"},{"value":"SPF"}],"is_hazmat":false,"is_product_coming_soon":null,"is_product_displayable":true,"is_product_searchable":true,"is_product_shoppable":true,"is_product_sold_out":null,"is_product_temporarily_out_of_stock":null,"is_search_suppressed":null,"key_ingredient":null,"media":{"large":null,"medium":null,"poster":null,"small":null,"videos":[{"position":null,"poster":{"height":null,"src":null,"width":null},"provider":null,"src":null},{"position":null,"poster":{"height":null,"src":null,"width":null},"provider":null,"src":null},{"position":null,"poster":{"height":null,"src":null,"width":null},"provider":null,"src":null}],"xl":null},"meta":{"description":null,"keywords":"リキッド,リキッド ファンデーション,コンシーラー,カバー力,魔法,パーフェクト,ビヨンド パーフェクト,軽い,liquid foundation,beyond perfecting foundation,SPF,"},"parent_category":[{"id":"1599","value":"ファンデーション"},{"id":"1592","value":"メーク"}],"product_badge":null,"product_id":"37264","product_title_tag":null,"product_type":"Shaded","product_url":"/product/1599/37264/-19/beyond-perfecting-foundation-concealer-spf-19pa","reviews":{"average_rating":null,"number_of_questions":null,"number_of_reviews":null},"shade_groups":null,"short_description":"パーフェクトを超える\"ビヨンド パーフェクト\"<br>完璧すぎるカバー力と信じられないほど軽いつけ心地が、ついに出逢った。<br>コンシーラー機能搭載のファンデーションで、さっとひと塗り、簡単キレイにつけられる。<br>独自設計のマジック ワンド(魔法の杖） アプリケーターを採用し、<br>毛穴 色ムラを忘れる、魔法のフィニッシュが、\"12時間\"<font size=\"1\">*1</font>続きます。<br>乾燥する部分には潤いを与え、テカリやすい部分は皮脂を吸収することで完璧を超える仕上がり。<br> <br><font size=\"1\">＊1化粧持ち（色落ち・よれ・毛穴落ち）データ取得済み。（当社調べ。効果には個人差があります）</font>","skin":null,"skin_goal":null,"skus":{"total":6,"items":[{"color_family":null,"coverage_options":null,"cross_sell":null,"display_status":7,"finish":null,"finish_options":null,"fragrances":[{"family":null,"key":null,"value":null}],"iln_listing":"水・ＢＧ・シクロペンタシロキサン・ＰＥＧ－７ジメチコン・シクロヘキサシロキサン・ジエチルへキサン酸ネオペンチルグリコール・エチルヘキサン酸セチル・グリセリン・ナイロン－１２・水酸化Ａｌ・オクテニルコハク酸デンプンＡｌ・ジメチコン・ＰＥＧ－４００・ステアリン酸・（アクリレーツ／ジメチコン）コポリマー・ジメチルシリル化シリカ・ベタイン・ラウロイルグルタミン酸ジ（フィトステリル／オクチルドデシル）・窒化ホウ素・硫酸Ｍｇ・（ジメチコン／ビニルジメチコン）クロスポリマー・パルミチン酸デキストリン・水添レシチン・硫酸Ｂａ・ヒアルロン酸Ｎａ・トコフェロール・ハイドロゲンジメチコン・フェノキシエタノール・クロルフェネシン　＋／－　酸化チタン・酸化鉄・マイカ・タルク<JILN7020>","iln_version_number":"JILN7020","inventory_status":"Active","is_active":true,"is_coming_soon":null,"is_default_sku":false,"is_discountable":true,"is_displayable":null,"is_engravable":null,"is_fragrance":null,"is_giftable":null,"is_giftwrap":false,"is_inactive":null,"is_multi_shaded":null,"is_out_of_stock":null,"is_preorder":false,"is_preorderable":null,"is_promotional":null,"is_replenishable":false,"is_search_suppressed":null,"is_searchable":true,"is_shaded":null,"is_sized":null,"is_sold_out":null,"is_under_weight_hazmat":false,"is_vto_enabled":null,"life_of_product":"Basic Reorder","material_code":"ZHG5620000","media":{"large":[{"alt":"ビヨンド パーフェクティング ファンデーション 19","height":1200,"position":1,"src":"/media/export/cms/products/1200x1500/cl_sku_ZHG562_1200x1500_0.png","type":"image","width":1500}],"medium":[{"alt":"ビヨンド パーフェクティング ファンデーション 19","height":600,"position":3,"src":"/media/export/cms/products/600x750/cl_sku_ZHG562_600x750_0.png","type":"image","width":750}],"model":[{"alt":"ビヨンド パーフェクティング ファンデーション 19","height":null,"position":2,"src":"/media/export/cms/model/F2.jpg","type":"image","width":null}],"poster":null,"small":[{"alt":"ビヨンド パーフェクティング ファンデーション 19","height":1200,"position":4,"src":"/media/export/cms/products/1200x1500/cl_sku_ZHG562_1200x1500_0.png","type":"image","width":1500}],"smoosh":[{"alt":"ビヨンド パーフェクティング ファンデーション 19","height":1200,"position":0,"src":"/media/export/cms/products/1200x1500/swatches_v3/06_ns_ng.png","type":"image","width":1500}],"xl":null},"out_of_stock_threshold":null,"perlgem":{"SKU_BASE_ID":65288},"preorder_date":null,"prices":[{"currency":"JPY","exclude_tax":{"original_price":4800,"original_price_formatted":"¥4,800","price":4800,"price_formatted":"¥4,800","price_per_unit":null,"price_per_unit_formatted":""},"include_tax":{"original_price":5280,"original_price_formatted":"¥5,280","price":5280,"price_formatted":"¥5,280","price_per_unit":null,"price_per_unit_formatted":""},"is_discounted":false}],"purchase_limit":null,"replenishment":{"message":null},"reviews":{"average_rating":null,"number_of_questions":null,"number_of_reviews":null},"set_components":null,"shade_groups":null,"shades":[{"description":"","hex_val":"#f5cead","image":{"height":null,"src":"","width":null},"name":"62 ローズ ベージュ","smoosh_design":{"group_id":null,"name":"06::none::none"}}],"sizes":[{"key":1,"value":"30mL"}],"skin":{"tone":null,"type":null,"type_description":null},"sku_badge":null,"sku_badge_image":null,"sku_display_order":0,"sku_id":"ZHG562","sku_promo_messaging":null,"sku_type":"SE","sku_url":null,"tags":{"total":6,"items":[{"id":"1000020","key":"スペシャルカテゴリ","value":"スペシャルカテゴリ"},{"id":"1599","key":"ファンデーション","value":"ファンデーション"},{"id":"17726","key":"base-makeup","value":"Base Makeup"},{"id":"19123","key":"トライアルセット","value":"トライアルセット"},{"id":"18069","key":"価格別10000円","value":"価格別10000円"},{"id":"1659","key":"ボディサンケア","value":"ボディ＆サンケア"}]},"texture":null,"undertone":null,"unit_of_measure":null,"unit_size":null,"unit_size_formatted":null,"upc":"020714764272","vto":{"is_color_experience":null,"is_foundation_experience":null}},{"color_family":null,"coverage_options":null,"cross_sell":null,"display_status":7,"finish":null,"finish_options":null,"fragrances":[{"family":null,"key":null,"value":null}],"iln_listing":"水・ＢＧ・シクロペンタシロキサン・ＰＥＧ－７ジメチコン・シクロヘキサシロキサン・ジエチルへキサン酸ネオペンチルグリコール・エチルヘキサン酸セチル・グリセリン・ナイロン－１２・水酸化Ａｌ・オクテニルコハク酸デンプンＡｌ・ジメチコン・ＰＥＧ－４００・ステアリン酸・（アクリレーツ／ジメチコン）コポリマー・ジメチルシリル化シリカ・ベタイン・ラウロイルグルタミン酸ジ（フィトステリル／オクチルドデシル）・窒化ホウ素・硫酸Ｍｇ・（ジメチコン／ビニルジメチコン）クロスポリマー・パルミチン酸デキストリン・水添レシチン・硫酸Ｂａ・ヒアルロン酸Ｎａ・トコフェロール・ハイドロゲンジメチコン・フェノキシエタノール・クロルフェネシン　＋／－　酸化チタン・酸化鉄・マイカ・タルク<JILN7020>","iln_version_number":"JILN7020","inventory_status":"Active","is_active":true,"is_coming_soon":null,"is_default_sku":false,"is_discountable":true,"is_displayable":null,"is_engravable":null,"is_fragrance":null,"is_giftable":null,"is_giftwrap":false,"is_inactive":null,"is_multi_shaded":null,"is_out_of_stock":null,"is_preorder":false,"is_preorderable":null,"is_promotional":null,"is_replenishable":false,"is_search_suppressed":null,"is_searchable":true,"is_shaded":null,"is_sized":null,"is_sold_out":null,"is_under_weight_hazmat":false,"is_vto_enabled":null,"life_of_product":"Basic Reorder","material_code":"ZHG5630000","media":{"large":[{"alt":"ビヨンド パーフェクティング ファンデーション 19","height":1200,"position":1,"src":"/media/export/cms/products/1200x1500/cl_sku_ZHG563_1200x1500_0.png","type":"image","width":1500}],"medium":[{"alt":"ビヨンド パーフェクティング ファンデーション 19","height":600,"position":3,"src":"/media/export/cms/products/600x750/cl_sku_ZHG563_600x750_0.png","type":"image","width":750}],"model":[{"alt":"ビヨンド パーフェクティング ファンデーション 19","height":null,"position":2,"src":"/media/export/cms/model/F3.jpg","type":"image","width":null}],"poster":null,"small":[{"alt":"ビヨンド パーフェクティング ファンデーション 19","height":1200,"position":4,"src":"/media/export/cms/products/1200x1500/cl_sku_ZHG563_1200x1500_0.png","type":"image","width":1500}],"smoosh":[{"alt":"ビヨンド パーフェクティング ファンデーション 19","height":1200,"position":0,"src":"/media/export/cms/products/1200x1500/swatches_v3/06_ns_ng.png","type":"image","width":1500}],"xl":null},"out_of_stock_threshold":null,"perlgem":{"SKU_BASE_ID":65293},"preorder_date":null,"prices":[{"currency":"JPY","exclude_tax":{"original_price":4800,"original_price_formatted":"¥4,800","price":4800,"price_formatted":"¥4,800","price_per_unit":null,"price_per_unit_formatted":""},"include_tax":{"original_price":5280,"original_price_formatted":"¥5,280","price":5280,"price_formatted":"¥5,280","price_per_unit":null,"price_per_unit_formatted":""},"is_discounted":false}],"purchase_limit":null,"replenishment":{"message":null},"reviews":{"average_rating":null,"number_of_questions":null,"number_of_reviews":null},"set_components":null,"shade_groups":null,"shades":[{"description":"明るめ標準色","hex_val":"#f3d2a7","image":{"height":null,"src":"","width":null},"name":"63 フレッシュ ベージュ（明るめ標準色）","smoosh_design":{"group_id":null,"name":"06::none::none"}}],"sizes":[{"key":1,"value":"30mL"}],"skin":{"tone":null,"type":null,"type_description":null},"sku_badge":null,"sku_badge_image":null,"sku_display_order":1,"sku_id":"ZHG563","sku_promo_messaging":null,"sku_type":"SE","sku_url":null,"tags":{"total":6,"items":[{"id":"1000020","key":"スペシャルカテゴリ","value":"スペシャルカテゴリ"},{"id":"1599","key":"ファンデーション","value":"ファンデーション"},{"id":"17726","key":"base-makeup","value":"Base Makeup"},{"id":"19123","key":"トライアルセット","value":"トライアルセット"},{"id":"18069","key":"価格別10000円","value":"価格別10000円"},{"id":"1659","key":"ボディサンケア","value":"ボディ＆サンケア"}]},"texture":null,"undertone":null,"unit_of_measure":null,"unit_size":null,"unit_size_formatted":null,"upc":"020714764289","vto":{"is_color_experience":null,"is_foundation_experience":null}},{"color_family":null,"coverage_options":null,"cross_sell":null,"display_status":7,"finish":null,"finish_options":null,"fragrances":[{"family":null,"key":null,"value":null}],"iln_listing":"水・ＢＧ・シクロペンタシロキサン・ＰＥＧ－７ジメチコン・シクロヘキサシロキサン・ジエチルへキサン酸ネオペンチルグリコール・エチルヘキサン酸セチル・グリセリン・ナイロン－１２・オクテニルコハク酸デンプンＡｌ・水酸化Ａｌ・ジメチコン・ＰＥＧ－４００・ステアリン酸・（アクリレーツ／ジメチコン）コポリマー・ジメチルシリル化シリカ・ベタイン・ラウロイルグルタミン酸ジ（フィトステリル／オクチルドデシル）・窒化ホウ素・硫酸Ｍｇ・（ジメチコン／ビニルジメチコン）クロスポリマー・パルミチン酸デキストリン・水添レシチン・硫酸Ｂａ・ヒアルロン酸Ｎａ・トコフェロール・ハイドロゲンジメチコン・フェノキシエタノール・クロルフェネシン　＋／－　酸化チタン・酸化鉄・マイカ・タルク<JILN7021>","iln_version_number":"JILN7021","inventory_status":"Active","is_active":true,"is_coming_soon":null,"is_default_sku":false,"is_discountable":true,"is_displayable":null,"is_engravable":null,"is_fragrance":null,"is_giftable":null,"is_giftwrap":false,"is_inactive":null,"is_multi_shaded":null,"is_out_of_stock":null,"is_preorder":false,"is_preorderable":null,"is_promotional":null,"is_replenishable":false,"is_search_suppressed":null,"is_searchable":true,"is_shaded":null,"is_sized":null,"is_sold_out":null,"is_under_weight_hazmat":false,"is_vto_enabled":null,"life_of_product":"Basic Reorder","material_code":"ZHG5640000","media":{"large":[{"alt":"ビヨンド パーフェクティング ファンデーション 19","height":1200,"position":1,"src":"/media/export/cms/products/1200x1500/cl_sku_ZHG564_1200x1500_0.png","type":"image","width":1500}],"medium":[{"alt":"ビヨンド パーフェクティング ファンデーション 19","height":600,"position":3,"src":"/media/export/cms/products/600x750/cl_sku_ZHG564_600x750_0.png","type":"image","width":750}],"model":[{"alt":"ビヨンド パーフェクティング ファンデーション 19","height":null,"position":2,"src":"/media/export/cms/model/M1.jpg","type":"image","width":null}],"poster":null,"small":[{"alt":"ビヨンド パーフェクティング ファンデーション 19","height":1200,"position":4,"src":"/media/export/cms/products/1200x1500/cl_sku_ZHG564_1200x1500_0.png","type":"image","width":1500}],"smoosh":[{"alt":"ビヨンド パーフェクティング ファンデーション 19","height":1200,"position":0,"src":"/media/export/cms/products/1200x1500/swatches_v3/06_ns_ng.png","type":"image","width":1500}],"xl":null},"out_of_stock_threshold":null,"perlgem":{"SKU_BASE_ID":65295},"preorder_date":null,"prices":[{"currency":"JPY","exclude_tax":{"original_price":4800,"original_price_formatted":"¥4,800","price":4800,"price_formatted":"¥4,800","price_per_unit":null,"price_per_unit_formatted":""},"include_tax":{"original_price":5280,"original_price_formatted":"¥5,280","price":5280,"price_formatted":"¥5,280","price_per_unit":null,"price_per_unit_formatted":""},"is_discounted":false}],"purchase_limit":null,"replenishment":{"message":null},"reviews":{"average_rating":null,"number_of_questions":null,"number_of_reviews":null},"set_components":null,"shade_groups":null,"shades":[{"description":"標準色","hex_val":"#f1cb9a","image":{"height":null,"src":"","width":null},"name":"64 クリーム ベージュ（標準色）","smoosh_design":{"group_id":null,"name":"06::none::none"}}],"sizes":[{"key":1,"value":"30mL"}],"skin":{"tone":null,"type":null,"type_description":null},"sku_badge":null,"sku_badge_image":null,"sku_display_order":2,"sku_id":"ZHG564","sku_promo_messaging":null,"sku_type":"SE","sku_url":null,"tags":{"total":6,"items":[{"id":"1000020","key":"スペシャルカテゴリ","value":"スペシャルカテゴリ"},{"id":"1599","key":"ファンデーション","value":"ファンデーション"},{"id":"17726","key":"base-makeup","value":"Base Makeup"},{"id":"19123","key":"トライアルセット","value":"トライアルセット"},{"id":"18069","key":"価格別10000円","value":"価格別10000円"},{"id":"1659","key":"ボディサンケア","value":"ボディ＆サンケア"}]},"texture":null,"undertone":null,"unit_of_measure":null,"unit_size":null,"unit_size_formatted":null,"upc":"020714764296","vto":{"is_color_experience":null,"is_foundation_experience":null}},{"color_family":null,"coverage_options":null,"cross_sell":null,"display_status":7,"finish":null,"finish_options":null,"fragrances":[{"family":null,"key":null,"value":null}],"iln_listing":"水・ＢＧ・シクロペンタシロキサン・ＰＥＧ－７ジメチコン・シクロヘキサシロキサン・ジエチルへキサン酸ネオペンチルグリコール・エチルヘキサン酸セチル・グリセリン・ナイロン－１２・オクテニルコハク酸デンプンＡｌ・水酸化Ａｌ・ジメチコン・ＰＥＧ－４００・ステアリン酸・（アクリレーツ／ジメチコン）コポリマー・ジメチルシリル化シリカ・ベタイン・ラウロイルグルタミン酸ジ（フィトステリル／オクチルドデシル）・窒化ホウ素・硫酸Ｍｇ・（ジメチコン／ビニルジメチコン）クロスポリマー・パルミチン酸デキストリン・水添レシチン・硫酸Ｂａ・ヒアルロン酸Ｎａ・トコフェロール・ハイドロゲンジメチコン・フェノキシエタノール・クロルフェネシン　＋／－　酸化チタン・酸化鉄・マイカ・タルク<JILN7021>","iln_version_number":"JILN7021","inventory_status":"Active","is_active":true,"is_coming_soon":null,"is_default_sku":false,"is_discountable":true,"is_displayable":null,"is_engravable":null,"is_fragrance":null,"is_giftable":null,"is_giftwrap":false,"is_inactive":null,"is_multi_shaded":null,"is_out_of_stock":null,"is_preorder":false,"is_preorderable":null,"is_promotional":null,"is_replenishable":false,"is_search_suppressed":null,"is_searchable":true,"is_shaded":null,"is_sized":null,"is_sold_out":null,"is_under_weight_hazmat":false,"is_vto_enabled":null,"life_of_product":"Basic Reorder","material_code":"ZHG5650000","media":{"large":[{"alt":"ビヨンド パーフェクティング ファンデーション 19","height":1200,"position":1,"src":"/media/export/cms/products/1200x1500/cl_sku_ZHG565_1200x1500_0.png","type":"image","width":1500}],"medium":[{"alt":"ビヨンド パーフェクティング ファンデーション 19","height":600,"position":3,"src":"/media/export/cms/products/600x750/cl_sku_ZHG565_600x750_0.png","type":"image","width":750}],"model":[{"alt":"ビヨンド パーフェクティング ファンデーション 19","height":null,"position":2,"src":"/media/export/cms/model/M2.jpg","type":"image","width":null}],"poster":null,"small":[{"alt":"ビヨンド パーフェクティング ファンデーション 19","height":1200,"position":4,"src":"/media/export/cms/products/1200x1500/cl_sku_ZHG565_1200x1500_0.png","type":"image","width":1500}],"smoosh":[{"alt":"ビヨンド パーフェクティング ファンデーション 19","height":1200,"position":0,"src":"/media/export/cms/products/1200x1500/swatches_v3/06_ns_ng.png","type":"image","width":1500}],"xl":null},"out_of_stock_threshold":null,"perlgem":{"SKU_BASE_ID":65297},"preorder_date":null,"prices":[{"currency":"JPY","exclude_tax":{"original_price":4800,"original_price_formatted":"¥4,800","price":4800,"price_formatted":"¥4,800","price_per_unit":null,"price_per_unit_formatted":""},"include_tax":{"original_price":5280,"original_price_formatted":"¥5,280","price":5280,"price_formatted":"¥5,280","price_per_unit":null,"price_per_unit_formatted":""},"is_discounted":false}],"purchase_limit":null,"replenishment":{"message":null},"reviews":{"average_rating":null,"number_of_questions":null,"number_of_reviews":null},"set_components":null,"shade_groups":null,"shades":[{"description":"","hex_val":"#dbb286","image":{"height":null,"src":"","width":null},"name":"65 ニュートラル","smoosh_design":{"group_id":null,"name":"06::none::none"}}],"sizes":[{"key":1,"value":"30mL"}],"skin":{"tone":null,"type":null,"type_description":null},"sku_badge":null,"sku_badge_image":null,"sku_display_order":3,"sku_id":"ZHG565","sku_promo_messaging":null,"sku_type":"SE","sku_url":null,"tags":{"total":6,"items":[{"id":"1000020","key":"スペシャルカテゴリ","value":"スペシャルカテゴリ"},{"id":"1599","key":"ファンデーション","value":"ファンデーション"},{"id":"17726","key":"base-makeup","value":"Base Makeup"},{"id":"19123","key":"トライアルセット","value":"トライアルセット"},{"id":"18069","key":"価格別10000円","value":"価格別10000円"},{"id":"1659","key":"ボディサンケア","value":"ボディ＆サンケア"}]},"texture":null,"undertone":null,"unit_of_measure":null,"unit_size":null,"unit_size_formatted":null,"upc":"020714764302","vto":{"is_color_experience":null,"is_foundation_experience":null}},{"color_family":null,"coverage_options":null,"cross_sell":null,"display_status":7,"finish":null,"finish_options":null,"fragrances":[{"family":null,"key":null,"value":null}],"iln_listing":"水・ＢＧ・シクロペンタシロキサン・ＰＥＧ－７ジメチコン・シクロヘキサシロキサン・ジエチルへキサン酸ネオペンチルグリコール・エチルヘキサン酸セチル・グリセリン・ナイロン－１２・オクテニルコハク酸デンプンＡｌ・水酸化Ａｌ・ジメチコン・ＰＥＧ－４００・ステアリン酸・（アクリレーツ／ジメチコン）コポリマー・ジメチルシリル化シリカ・ベタイン・ラウロイルグルタミン酸ジ（フィトステリル／オクチルドデシル）・窒化ホウ素・硫酸Ｍｇ・（ジメチコン／ビニルジメチコン）クロスポリマー・パルミチン酸デキストリン・水添レシチン・硫酸Ｂａ・ヒアルロン酸Ｎａ・トコフェロール・ハイドロゲンジメチコン・フェノキシエタノール・クロルフェネシン　＋／－　酸化チタン・酸化鉄・マイカ・タルク<JILN7021>","iln_version_number":"JILN7021","inventory_status":"Active","is_active":true,"is_coming_soon":null,"is_default_sku":false,"is_discountable":true,"is_displayable":null,"is_engravable":null,"is_fragrance":null,"is_giftable":null,"is_giftwrap":false,"is_inactive":null,"is_multi_shaded":null,"is_out_of_stock":null,"is_preorder":false,"is_preorderable":null,"is_promotional":null,"is_replenishable":false,"is_search_suppressed":null,"is_searchable":true,"is_shaded":null,"is_sized":null,"is_sold_out":null,"is_under_weight_hazmat":false,"is_vto_enabled":null,"life_of_product":"Basic Reorder","material_code":"ZHG5660000","media":{"large":[{"alt":"ビヨンド パーフェクティング ファンデーション 19","height":1200,"position":1,"src":"/media/export/cms/products/1200x1500/cl_sku_ZHG566_1200x1500_0.png","type":"image","width":1500}],"medium":[{"alt":"ビヨンド パーフェクティング ファンデーション 19","height":600,"position":3,"src":"/media/export/cms/products/600x750/cl_sku_ZHG566_600x750_0.png","type":"image","width":750}],"model":[{"alt":"ビヨンド パーフェクティング ファンデーション 19","height":null,"position":2,"src":"/media/export/cms/model/M2,D1.jpg","type":"image","width":null}],"poster":null,"small":[{"alt":"ビヨンド パーフェクティング ファンデーション 19","height":1200,"position":4,"src":"/media/export/cms/products/1200x1500/cl_sku_ZHG566_1200x1500_0.png","type":"image","width":1500}],"smoosh":[{"alt":"ビヨンド パーフェクティング ファンデーション 19","height":1200,"position":0,"src":"/media/export/cms/products/1200x1500/swatches_v3/06_ns_ng.png","type":"image","width":1500}],"xl":null},"out_of_stock_threshold":null,"perlgem":{"SKU_BASE_ID":65299},"preorder_date":null,"prices":[{"currency":"JPY","exclude_tax":{"original_price":4800,"original_price_formatted":"¥4,800","price":4800,"price_formatted":"¥4,800","price_per_unit":null,"price_per_unit_formatted":""},"include_tax":{"original_price":5280,"original_price_formatted":"¥5,280","price":5280,"price_formatted":"¥5,280","price_per_unit":null,"price_per_unit_formatted":""},"is_discounted":false}],"purchase_limit":null,"replenishment":{"message":null},"reviews":{"average_rating":null,"number_of_questions":null,"number_of_reviews":null},"set_components":null,"shade_groups":null,"shades":[{"description":"","hex_val":"#deb285","image":{"height":null,"src":"","width":null},"name":"66 トゥルー ベージュ","smoosh_design":{"group_id":null,"name":"06::none::none"}}],"sizes":[{"key":1,"value":"30mL"}],"skin":{"tone":null,"type":null,"type_description":null},"sku_badge":null,"sku_badge_image":null,"sku_display_order":4,"sku_id":"ZHG566","sku_promo_messaging":null,"sku_type":"SE","sku_url":null,"tags":{"total":6,"items":[{"id":"1000020","key":"スペシャルカテゴリ","value":"スペシャルカテゴリ"},{"id":"1599","key":"ファンデーション","value":"ファンデーション"},{"id":"17726","key":"base-makeup","value":"Base Makeup"},{"id":"19123","key":"トライアルセット","value":"トライアルセット"},{"id":"18069","key":"価格別10000円","value":"価格別10000円"},{"id":"1659","key":"ボディサンケア","value":"ボディ＆サンケア"}]},"texture":null,"undertone":null,"unit_of_measure":null,"unit_size":null,"unit_size_formatted":null,"upc":"020714764319","vto":{"is_color_experience":null,"is_foundation_experience":null}},{"color_family":null,"coverage_options":null,"cross_sell":null,"display_status":7,"finish":null,"finish_options":null,"fragrances":[{"family":null,"key":null,"value":null}],"iln_listing":"水・ＢＧ・シクロペンタシロキサン・ＰＥＧ－７ジメチコン・シクロヘキサシロキサン・ジエチルへキサン酸ネオペンチルグリコール・エチルヘキサン酸セチル・グリセリン・ナイロン－１２・水酸化Ａｌ・オクテニルコハク酸デンプンＡｌ・ジメチコン・ＰＥＧ－４００・ステアリン酸・（アクリレーツ／ジメチコン）コポリマー・ジメチルシリル化シリカ・ベタイン・ラウロイルグルタミン酸ジ（フィトステリル／オクチルドデシル）・窒化ホウ素・硫酸Ｍｇ・（ジメチコン／ビニルジメチコン）クロスポリマー・パルミチン酸デキストリン・水添レシチン・硫酸Ｂａ・ヒアルロン酸Ｎａ・トコフェロール・ハイドロゲンジメチコン・フェノキシエタノール・クロルフェネシン　＋／－　酸化チタン・酸化鉄・マイカ・タルク<JILN7020>","iln_version_number":"JILN7020","inventory_status":"Active","is_active":true,"is_coming_soon":null,"is_default_sku":false,"is_discountable":true,"is_displayable":null,"is_engravable":null,"is_fragrance":null,"is_giftable":null,"is_giftwrap":false,"is_inactive":null,"is_multi_shaded":null,"is_out_of_stock":null,"is_preorder":false,"is_preorderable":null,"is_promotional":null,"is_replenishable":false,"is_search_suppressed":null,"is_searchable":true,"is_shaded":null,"is_sized":null,"is_sold_out":null,"is_under_weight_hazmat":false,"is_vto_enabled":null,"life_of_product":"Basic Reorder","material_code":"ZHG5610000","media":{"large":[{"alt":"ビヨンド パーフェクティング ファンデーション 19","height":1200,"position":1,"src":"/media/export/cms/products/1200x1500/cl_sku_ZHG561_1200x1500_0.png","type":"image","width":1500}],"medium":[{"alt":"ビヨンド パーフェクティング ファンデーション 19","height":600,"position":2,"src":"/media/export/cms/products/600x750/cl_sku_ZHG561_600x750_0.png","type":"image","width":750}],"model":null,"poster":null,"small":[{"alt":"ビヨンド パーフェクティング ファンデーション 19","height":1200,"position":3,"src":"/media/export/cms/products/1200x1500/cl_sku_ZHG561_1200x1500_0.png","type":"image","width":1500}],"smoosh":[{"alt":"ビヨンド パーフェクティング ファンデーション 19","height":1200,"position":0,"src":"/media/export/cms/products/1200x1500/swatches_v3/06_ns_ng.png","type":"image","width":1500}],"xl":null},"out_of_stock_threshold":null,"perlgem":{"SKU_BASE_ID":65287},"preorder_date":null,"prices":[{"currency":"JPY","exclude_tax":{"original_price":4800,"original_price_formatted":"¥4,800","price":4800,"price_formatted":"¥4,800","price_per_unit":null,"price_per_unit_formatted":""},"include_tax":{"original_price":5280,"original_price_formatted":"¥5,280","price":5280,"price_formatted":"¥5,280","price_per_unit":null,"price_per_unit_formatted":""},"is_discounted":false}],"purchase_limit":null,"replenishment":{"message":null},"reviews":{"average_rating":null,"number_of_questions":null,"number_of_reviews":null},"set_components":null,"shade_groups":null,"shades":[{"description":"","hex_val":"#f6dab5","image":{"height":null,"src":"","width":null},"name":"61 アイボリー","smoosh_design":{"group_id":null,"name":"06::none::none"}}],"sizes":[{"key":1,"value":"30mL"}],"skin":{"tone":null,"type":null,"type_description":null},"sku_badge":null,"sku_badge_image":null,"sku_display_order":5,"sku_id":"ZHG561","sku_promo_messaging":null,"sku_type":"SE","sku_url":null,"tags":{"total":6,"items":[{"id":"1000020","key":"スペシャルカテゴリ","value":"スペシャルカテゴリ"},{"id":"1599","key":"ファンデーション","value":"ファンデーション"},{"id":"17726","key":"base-makeup","value":"Base Makeup"},{"id":"19123","key":"トライアルセット","value":"トライアルセット"},{"id":"18069","key":"価格別10000円","value":"価格別10000円"},{"id":"1659","key":"ボディサンケア","value":"ボディ＆サンケア"}]},"texture":null,"undertone":null,"unit_of_measure":null,"unit_size":null,"unit_size_formatted":null,"upc":"020714764265","vto":{"is_color_experience":null,"is_foundation_experience":null}}]},"sub_display_name":"ビヨンド パーフェクティング ファンデーション 19","sub_header":null,"tags":{"total":6,"items":[{"id":"1000020","key":"スペシャルカテゴリ","parent_tag_id":null,"product_display_order":0,"value":"スペシャルカテゴリ"},{"id":"1599","key":"ファンデーション","parent_tag_id":"1592","product_display_order":28,"value":"ファンデーション"},{"id":"17726","key":"base-makeup","parent_tag_id":"1592","product_display_order":1,"value":"Base Makeup"},{"id":"19123","key":"トライアルセット","parent_tag_id":null,"product_display_order":9,"value":"トライアルセット"},{"id":"18069","key":"価格別10000円","parent_tag_id":"1000020","product_display_order":0,"value":"価格別10000円"},{"id":"1659","key":"ボディサンケア","parent_tag_id":null,"product_display_order":0,"value":"ボディ＆サンケア"}]},"usage":[{"content":null,"label":"PRODUCT USAGE","type":"product_usage"},{"content":null,"label":"HOW DOES IT WORK","type":"how_does_it_work"},{"content":null,"label":"WHO IT IS FOR","type":"who_it_is_for"},{"content":null,"label":"GREAT TO KNOW","type":"great_to_know"},{"content":null,"label":"WHAT_IT_DOES","type":"what_it_does"},{"content":null,"label":"WHAT_IT_IS","type":"what_it_is"}],"objectID":"37264"},{"benefit":{"statement":null,"benefits":null},"brand":null,"collection":null,"coverage":null,"cross_sell":[{"sku_id":"ZEX301","sort_key":1},{"sku_id":"Z93X01","sort_key":2},{"sku_id":"Z76401","sort_key":3},{"sku_id":"Z76001","sort_key":4}],"default_category":{"id":"13092","key":"音波洗顔ブラシ"},"description":"<P>1分間に約9,000回の微振動。あの大ヒットギア、ソニック洗顔ブラシの付け替えヘッドのニューアイテム。<BR>フェース ラインのお手入れにお使いください。<BR>メタル製のアプリケーターが肌をクールにリフレッシュし、明るく輝くような肌へ。　</P><P><a href=\"http://www.clinique.jp/product/13092/31327/Clinique-Sonic-System-Purifying-Cleansing-Brush\">*クリニーク ソニック システム ピュリファイング クレンジング ブラシ（本体）</a>\"11,500円（税抜）は、別売りです。</P>","display_mode":null,"display_name":"クリニーク ソニック システム トリートメント アプリケーター（替えヘッド）","display_status":7,"finish":null,"form":null,"formula_type":null,"fragrance_family":null,"indexable_keywords":[{"value":"sonic"},{"value":"sculpt"},{"value":"sculptwear"},{"value":"massage"},{"value":"head"},{"value":"brush head"},{"value":" brush"},{"value":"serum"},{"value":"face"},{"value":"ソニック"},{"value":"マッサージ"},{"value":"音波アプリケーター"},{"value":"顔"},{"value":"ハリ対策"},{"value":"シワ"},{"value":"ソニック システム"}],"is_hazmat":false,"is_product_coming_soon":null,"is_product_displayable":true,"is_product_searchable":true,"is_product_shoppable":true,"is_product_sold_out":null,"is_product_temporarily_out_of_stock":null,"is_search_suppressed":null,"key_ingredient":null,"media":{"large":null,"medium":null,"poster":null,"small":null,"videos":[{"position":null,"poster":{"height":null,"src":null,"width":null},"provider":null,"src":null},{"position":null,"poster":{"height":null,"src":null,"width":null},"provider":null,"src":null},{"position":null,"poster":{"height":null,"src":null,"width":null},"provider":null,"src":null}],"xl":null},"meta":{"description":null,"keywords":"sonic,sculpt,sculptwear,massage,head,brush head, brush,serum,face,ソニック,マッサージ,音波アプリケーター,顔,ハリ対策,シワ,ソニック システム"},"parent_category":[{"id":"13092","value":"音波洗顔ブラシ"},{"id":"1667","value":"スキンケア"}],"product_badge":null,"product_id":"37504","product_title_tag":null,"product_type":"Other","product_url":"/product/13092/37504/-/clinique-sonic-system-massaging-treatment-applicator","reviews":{"average_rating":null,"number_of_questions":null,"number_of_reviews":null},"shade_groups":null,"short_description":"<P>1分間に約9,000回の微振動。あの大ヒットギア、ソニック洗顔ブラシの付け替えヘッドのニューアイテム。<BR>フェース ラインのお手入れにお使いください。<BR>メタル製のアプリケーターが肌をクールにリフレッシュし、明るく輝くような肌へ。　</P><P><A href=\"http://www.clinique.jp/product/13092/31327/Clinique-Sonic-System-Purifying-Cleansing-Brush\">*クリニーク ソニック システム ピュリファイング クレンジング ブラシ（本体）</A>\"11,500円（税抜）は、別売りです。</P>","skin":null,"skin_goal":null,"skus":{"total":1,"items":[{"color_family":null,"coverage_options":null,"cross_sell":null,"display_status":7,"finish":null,"finish_options":null,"fragrances":[{"family":null,"key":null,"value":null}],"iln_listing":null,"iln_version_number":null,"inventory_status":"Active","is_active":true,"is_coming_soon":null,"is_default_sku":false,"is_discountable":true,"is_displayable":null,"is_engravable":null,"is_fragrance":null,"is_giftable":null,"is_giftwrap":false,"is_inactive":null,"is_multi_shaded":null,"is_out_of_stock":null,"is_preorder":false,"is_preorderable":null,"is_promotional":null,"is_replenishable":false,"is_search_suppressed":null,"is_searchable":true,"is_shaded":null,"is_sized":null,"is_sold_out":null,"is_under_weight_hazmat":false,"is_vto_enabled":null,"life_of_product":"Basic Reorder","material_code":"ZCRG010000","media":{"large":[{"alt":"クリニーク ソニック システム トリートメント アプリケーター（替えヘッド）","height":1200,"position":0,"src":"/media/export/cms/products/1200x1500/cl_sku_ZCRG01_1200x1500_0.png","type":"image","width":1500}],"medium":[{"alt":"クリニーク ソニック システム トリートメント アプリケーター（替えヘッド）","height":600,"position":1,"src":"/media/export/cms/products/600x750/cl_sku_ZCRG01_600x750_0.png","type":"image","width":750}],"model":null,"poster":null,"small":[{"alt":"クリニーク ソニック システム トリートメント アプリケーター（替えヘッド）","height":1200,"position":2,"src":"/media/export/cms/products/1200x1500/cl_sku_ZCRG01_1200x1500_0.png","type":"image","width":1500}],"smoosh":null,"xl":null},"out_of_stock_threshold":null,"perlgem":{"SKU_BASE_ID":65678},"preorder_date":null,"prices":[{"currency":"JPY","exclude_tax":{"original_price":3500,"original_price_formatted":"¥3,500","price":3500,"price_formatted":"¥3,500","price_per_unit":null,"price_per_unit_formatted":""},"include_tax":{"original_price":3850,"original_price_formatted":"¥3,850","price":3850,"price_formatted":"¥3,850","price_per_unit":null,"price_per_unit_formatted":""},"is_discounted":false}],"purchase_limit":null,"replenishment":{"message":null},"reviews":{"average_rating":null,"number_of_questions":null,"number_of_reviews":null},"set_components":null,"shade_groups":null,"shades":null,"sizes":[{"key":1,"value":null}],"skin":{"tone":null,"type":null,"type_description":null},"sku_badge":null,"sku_badge_image":null,"sku_display_order":0,"sku_id":"ZCRG01","sku_promo_messaging":null,"sku_type":"SE","sku_url":null,"tags":{"total":2,"items":[{"id":"13092","key":"音波洗顔ブラシ","value":"音波洗顔ブラシ"},{"id":"1000020","key":"スペシャルカテゴリ","value":"スペシャルカテゴリ"}]},"texture":null,"undertone":null,"unit_of_measure":null,"unit_size":1,"unit_size_formatted":null,"upc":"020714732073","vto":{"is_color_experience":null,"is_foundation_experience":null}}]},"sub_display_name":"クリニーク ソニック システム トリートメント アプリケーター（替えヘッド）","sub_header":null,"tags":{"total":2,"items":[{"id":"13092","key":"音波洗顔ブラシ","parent_tag_id":"1667","product_display_order":6,"value":"音波洗顔ブラシ"},{"id":"1000020","key":"スペシャルカテゴリ","parent_tag_id":null,"product_display_order":0,"value":"スペシャルカテゴリ"}]},"usage":[{"content":"<UL><LI>クリーム*を顔全体にのばします。</LI><LI>ソニック システムの電源を入れ、顔の凸凹や輪郭の顔筋を意識しながら、<BR>アプリケーターをあてて、音波振動を1分間稼働させます。<BR>（30秒自動停止×2回）ユニークなドット＆ウェーブ形状メタルヘッドがひんやりした使い心地と、<BR>低周波微振動による血行促進をもたらして、すっきり爽快な感覚になります。</LI></UL><P>*スカルプトウェア コントゥーリング マッサージ クリーム マスク、または、リペアウェア スカルプティング ナイトクリーム などのクリーム</P>","label":"PRODUCT USAGE","type":"product_usage"},{"content":null,"label":"HOW DOES IT WORK","type":"how_does_it_work"},{"content":null,"label":"WHO IT IS FOR","type":"who_it_is_for"},{"content":null,"label":"GREAT TO KNOW","type":"great_to_know"},{"content":null,"label":"WHAT_IT_DOES","type":"what_it_does"},{"content":null,"label":"WHAT_IT_IS","type":"what_it_is"}],"objectID":"37504"},{"benefit":{"statement":null,"benefits":null},"brand":null,"collection":[{"key":"repairwear-collection","value":"repairwear_collection"}],"coverage":null,"cross_sell":[{"sku_id":"Z75Y01","sort_key":1},{"sku_id":"Z51201","sort_key":2},{"sku_id":"7T5R01","sort_key":3},{"sku_id":"60MK01","sort_key":4},{"sku_id":"61CE01","sort_key":5}],"default_category":{"id":"14706","key":"スペシャルケア"},"description":"ハリや弾力不足が気になり始めた肌のための日中用クリーム。紫外線など日中の環境ストレスから肌を守り、ダメージをケア。<BR>SPF15/PA＋＋","display_mode":null,"display_name":"リペアウェア レーザー フォーカス デイ クリーム 15","display_status":7,"finish":null,"form":[{"key":"cream-form","value":"cream_form"}],"formula_type":null,"fragrance_family":null,"indexable_keywords":null,"is_hazmat":false,"is_product_coming_soon":null,"is_product_displayable":true,"is_product_searchable":true,"is_product_shoppable":true,"is_product_sold_out":null,"is_product_temporarily_out_of_stock":null,"is_search_suppressed":null,"key_ingredient":null,"media":{"large":null,"medium":null,"poster":null,"small":null,"videos":[{"position":null,"poster":{"height":null,"src":null,"width":null},"provider":null,"src":null},{"position":null,"poster":{"height":null,"src":null,"width":null},"provider":null,"src":null},{"position":null,"poster":{"height":null,"src":null,"width":null},"provider":null,"src":null}],"xl":null},"meta":{"description":null,"keywords":null},"parent_category":[{"id":"14706","value":"スペシャルケア"},{"id":"1667","value":"スキンケア"}],"product_badge":null,"product_id":"37678","product_title_tag":null,"product_type":"Sized","product_url":"/product/14706/37678/--15/repairwear-laser-focus-spf-15-line-smoothing-cream","reviews":{"average_rating":null,"number_of_questions":null,"number_of_reviews":null},"shade_groups":null,"short_description":"ハリや弾力不足が気になり始めた肌のための日中用クリーム。紫外線など日中の環境ストレスから肌を守り、ダメージをケア。<BR>SPF15/PA＋＋","skin":{"concern":[{"key":"anti-aging-concern","value":"anti_aging_concern"},{"key":"spf-concern","value":"spf_concern"}]},"skin_goal":null,"skus":{"total":2,"items":[{"color_family":null,"coverage_options":null,"cross_sell":null,"display_status":7,"finish":null,"finish_options":null,"fragrances":[{"family":null,"key":null,"value":null}],"iln_listing":"水・メトキシケイヒ酸エチルヘキシル・ジヘプタン酸ネオペンチルグリコール・サリチル酸エチルヘキシル・ホホバ脂・グリセリン・ワセリン・ネオペンタン酸オクチルドデシル・フマル酸ジアルキル（Ｃ１２－１５）・酸化チタン・ジメチコン・水添レシチン・ＢＧ・ステアリン酸ヘキシルデシル・テトラエチルヘキサン酸ペンタエリスリチル・水添ポリイソブテン・変性バレイショデンプン・ポリエチレン・ペンチレングリコール・ステアリン酸グリセリル・（アクリロイルジメチルタウリンアンモニウム／ＶＰ）コポリマー・ソルビトール・ベヘニルアルコール・アルゲエキス・酢酸トコフェロール・ステアリン酸ＰＥＧ－１００・カプリリルグリコール・（C１２－１６）アルコール・コレステロール・カフェイン・ポリシリコーン－１１・キサンタンガム・スクワラン・ＥＤＴＡ－２Ｎａ・ＲＮＡ－Ｎａ・ジパルミトイルヒドロキシプロリン・トレハロース・パルミチン酸・ヘキシレングリコール・クエン酸・コレウスバルバツス根エキス・コレステロール（羊毛）・リン酸アスコルビルアミノプロピル・ツクシメナモミエキス・アルミナ・メチコン・オオムギエキス・水酸化Ｎａ・ヒアルロン酸Ｎａ・パルミチン酸エチルヘキシル・コムギ胚芽エキス・デカルボキシカルノシンＨＣｌ・ＮＡＤＨ－２Ｎａ・リノール酸・硫酸Ｋ・グリシン・レシチン・カルボマー・加水分解コメエキス・オレイン酸・ヒドロキシプロリン・リノレン酸・プロリン・ラウリルジモニウムヒドロキシプロピル加水分解ダイズタンパク・ヨーロッパシラカバ樹皮エキス・パジナパボニカ葉状体エキス・アデノシンリン酸・アクリレーツコポリマー・クレアチン・アストロカリウムムルムル脂・ロブスタコーヒーノキ種子エキス・ステアリン酸エチルヘキシル・ジカプリン酸ＰＧ・フィトスフィンゴシン・アセチルヘキサペプチド－８・イタドリ根エキス・マンダリンオレンジ果皮エキス・サッカロミセス溶解質エキス・ＤＮＡ－Ｎａ・フェノキシエタノール・ソルビン酸Ｋ<JILN006969>","iln_version_number":"JILN006969","inventory_status":"Active","is_active":true,"is_coming_soon":null,"is_default_sku":false,"is_discountable":true,"is_displayable":null,"is_engravable":null,"is_fragrance":null,"is_giftable":null,"is_giftwrap":false,"is_inactive":null,"is_multi_shaded":null,"is_out_of_stock":null,"is_preorder":false,"is_preorderable":null,"is_promotional":null,"is_replenishable":false,"is_search_suppressed":null,"is_searchable":true,"is_shaded":null,"is_sized":null,"is_sold_out":null,"is_under_weight_hazmat":false,"is_vto_enabled":null,"life_of_product":"Basic Reorder","material_code":"ZK50010001","media":{"large":[{"alt":"リペアウェア レーザー フォーカス デイ クリーム 15","height":1200,"position":0,"src":"/media/export/cms/products/1200x1500/cl_sku_ZK5001_1200x1500_0.png","type":"image","width":1500}],"medium":[{"alt":"リペアウェア レーザー フォーカス デイ クリーム 15","height":600,"position":1,"src":"/media/export/cms/products/600x750/cl_sku_ZK5001_600x750_0.png","type":"image","width":750}],"model":null,"poster":null,"small":[{"alt":"リペアウェア レーザー フォーカス デイ クリーム 15","height":1200,"position":2,"src":"/media/export/cms/products/1200x1500/cl_sku_ZK5001_1200x1500_0.png","type":"image","width":1500}],"smoosh":null,"xl":null},"out_of_stock_threshold":null,"perlgem":{"SKU_BASE_ID":65977},"preorder_date":null,"prices":[{"currency":"JPY","exclude_tax":{"original_price":8500,"original_price_formatted":"¥8,500","price":8500,"price_formatted":"¥8,500","price_per_unit":null,"price_per_unit_formatted":""},"include_tax":{"original_price":9350,"original_price_formatted":"¥9,350","price":9350,"price_formatted":"¥9,350","price_per_unit":null,"price_per_unit_formatted":""},"is_discounted":false}],"purchase_limit":null,"replenishment":{"message":null},"reviews":{"average_rating":null,"number_of_questions":null,"number_of_reviews":null},"set_components":null,"shade_groups":null,"shades":null,"sizes":[{"key":1,"value":"50mL"}],"skin":{"tone":null,"type":[{"key":"very-dry-skintype","value":"very_dry_skintype"},{"key":"dry-skintype","value":"dry_skintype"}],"type_description":null},"sku_badge":null,"sku_badge_image":null,"sku_display_order":1,"sku_id":"ZK5001","sku_promo_messaging":null,"sku_type":"SE","sku_url":null,"tags":{"total":11,"items":[{"id":"13302","key":"クリーム","value":"クリーム"},{"id":"1675","key":"守る防ぐ","value":"守る、防ぐ。"},{"id":"16741","key":"blackheads","value":"Blackheads"},{"id":"1980","key":"de-aging","value":"De-Aging"},{"id":"13304","key":"スペシャルケア","value":"スペシャルケア"},{"id":"1676","key":"外的ダメージをケア","value":"外的ダメージをケア。"},{"id":"1674","key":"ディ-エイジング","value":"ディ-エイジング"},{"id":"1687","key":"乾燥","value":"乾燥"},{"id":"27172","key":"day5flashsale","value":"Day5FlashSale"},{"id":"14706","key":"スペシャルケア","value":"スペシャルケア"},{"id":"28314","key":"エイジングケアクリームセット","value":"エイジングケアクリームセット"}]},"texture":null,"undertone":null,"unit_of_measure":null,"unit_size":null,"unit_size_formatted":null,"upc":"020714777746","vto":{"is_color_experience":null,"is_foundation_experience":null}},{"color_family":null,"coverage_options":null,"cross_sell":null,"display_status":7,"finish":null,"finish_options":null,"fragrances":[{"family":null,"key":null,"value":null}],"iln_listing":"水・メトキシケイヒ酸エチルヘキシル・エチルヘキサン酸セチル・ＢＧ・ネオペンタン酸オクチルドデシル・酸化チタン・ステアリン酸ＰＥＧ－１００・ステアリン酸グリセリル・グリセリン・水添レシチン・シリカ・ペンチレングリコール・ポリエチレン・ベヘニルアルコール・セタノール・カプリリルグリコール・カルボマー・レシチン・コレステロール・カフェイン・アルゲエキス・ＥＤＴＡ－２Ｎａ・オリーブ果汁・キサンタンガム・水酸化Ｋ・リノール酸・ヘキシレングリコール・トレハロース・ＲＮＡ－Ｎａ・ジパルミトイルヒドロキシプロリン・コレステロール（羊毛）・ソルビトール・ヒアルロン酸Ｎａ・コレウスバルバツス根エキス・リン酸アスコルビルアミノプロピル・ツクシメナモミエキス・オレイン酸・アルミナ・メチコン・パルミチン酸エチルヘキシル・リノレン酸・コムギフスマエキス・硫酸Ｋ・デカルボキシカルノシンＨＣｌ・ＮＡＤＨ－２Ｎａ・加水分解コメエキス・ラウリルジモニウムヒドロキシプロピル加水分解ダイズタンパク・ヨーロッパシラカバ樹皮エキス・パジナパボニカ葉状体エキス・アデノシンリン酸・クレアチン・アストロカリウムムルムル脂・ロブスタコーヒーノキ種子エキス・ステアリン酸エチルヘキシル・グリシン・ジカプリン酸ＰＧ・フィトスフィンゴシン・アセチルヘキサペプチド－８・ヒドロキシプロリン・プロリン・マンダリンオレンジ果皮エキス・イタドリ根エキス・サッカロミセス溶解質エキス・アクリレーツコポリマー・ＢＨＴ・ＤＮＡ－Ｎａ・フェノキシエタノール・ソルビン酸Ｋ<JILN006965>","iln_version_number":"JILN006965","inventory_status":"Active","is_active":true,"is_coming_soon":null,"is_default_sku":false,"is_discountable":true,"is_displayable":null,"is_engravable":null,"is_fragrance":null,"is_giftable":null,"is_giftwrap":false,"is_inactive":null,"is_multi_shaded":null,"is_out_of_stock":null,"is_preorder":false,"is_preorderable":null,"is_promotional":null,"is_replenishable":false,"is_search_suppressed":null,"is_searchable":true,"is_shaded":null,"is_sized":null,"is_sold_out":null,"is_under_weight_hazmat":false,"is_vto_enabled":null,"life_of_product":"Basic Reorder","material_code":"ZK54010001","media":{"large":[{"alt":"リペアウェア レーザー フォーカス デイ クリーム 15","height":1200,"position":0,"src":"/media/export/cms/products/1200x1500/cl_sku_ZK5401_1200x1500_0.png","type":"image","width":1500}],"medium":[{"alt":"リペアウェア レーザー フォーカス デイ クリーム 15","height":600,"position":1,"src":"/media/export/cms/products/600x750/cl_sku_ZK5401_600x750_0.png","type":"image","width":750}],"model":null,"poster":null,"small":[{"alt":"リペアウェア レーザー フォーカス デイ クリーム 15","height":1200,"position":2,"src":"/media/export/cms/products/1200x1500/cl_sku_ZK5401_1200x1500_0.png","type":"image","width":1500}],"smoosh":null,"xl":null},"out_of_stock_threshold":null,"perlgem":{"SKU_BASE_ID":65978},"preorder_date":null,"prices":[{"currency":"JPY","exclude_tax":{"original_price":8500,"original_price_formatted":"¥8,500","price":8500,"price_formatted":"¥8,500","price_per_unit":null,"price_per_unit_formatted":""},"include_tax":{"original_price":9350,"original_price_formatted":"¥9,350","price":9350,"price_formatted":"¥9,350","price_per_unit":null,"price_per_unit_formatted":""},"is_discounted":false}],"purchase_limit":null,"replenishment":{"message":null},"reviews":{"average_rating":null,"number_of_questions":null,"number_of_reviews":null},"set_components":null,"shade_groups":null,"shades":null,"sizes":[{"key":1,"value":"50mL"}],"skin":{"tone":null,"type":[{"key":"combination-skintype","value":"combination_skintype"},{"key":"oily-skintype","value":"oily_skintype"}],"type_description":null},"sku_badge":null,"sku_badge_image":null,"sku_display_order":1,"sku_id":"ZK5401","sku_promo_messaging":null,"sku_type":"SE","sku_url":null,"tags":{"total":14,"items":[{"id":"13302","key":"クリーム","value":"クリーム"},{"id":"27174","key":"day7flashsale","value":"Day7FlashSale"},{"id":"1675","key":"守る防ぐ","value":"守る、防ぐ。"},{"id":"16741","key":"blackheads","value":"Blackheads"},{"id":"27168","key":"day1flashsale","value":"Day1FlashSale"},{"id":"13301","key":"乳液クリーム","value":"乳液・クリーム"},{"id":"1980","key":"de-aging","value":"De-Aging"},{"id":"13304","key":"スペシャルケア","value":"スペシャルケア"},{"id":"1676","key":"外的ダメージをケア","value":"外的ダメージをケア。"},{"id":"1674","key":"ディ-エイジング","value":"ディ-エイジング"},{"id":"1687","key":"乾燥","value":"乾燥"},{"id":"27172","key":"day5flashsale","value":"Day5FlashSale"},{"id":"14706","key":"スペシャルケア","value":"スペシャルケア"},{"id":"28314","key":"エイジングケアクリームセット","value":"エイジングケアクリームセット"}]},"texture":null,"undertone":null,"unit_of_measure":null,"unit_size":null,"unit_size_formatted":null,"upc":"020714777784","vto":{"is_color_experience":null,"is_foundation_experience":null}}]},"sub_display_name":"リペアウェア レーザー フォーカス デイ クリーム 15","sub_header":null,"tags":{"total":14,"items":[{"id":"13302","key":"クリーム","parent_tag_id":"1667","product_display_order":0,"value":"クリーム"},{"id":"27174","key":"day7flashsale","parent_tag_id":"1590","product_display_order":0,"value":"Day7FlashSale"},{"id":"1675","key":"守る防ぐ","parent_tag_id":"1674","product_display_order":0,"value":"守る、防ぐ。"},{"id":"16741","key":"blackheads","parent_tag_id":"1667","product_display_order":13,"value":"Blackheads"},{"id":"27168","key":"day1flashsale","parent_tag_id":"1590","product_display_order":0,"value":"Day1FlashSale"},{"id":"13301","key":"乳液クリーム","parent_tag_id":"1667","product_display_order":19,"value":"乳液・クリーム"},{"id":"1980","key":"de-aging","parent_tag_id":"1674","product_display_order":0,"value":"De-Aging"},{"id":"13304","key":"スペシャルケア","parent_tag_id":"1667","product_display_order":42,"value":"スペシャルケア"},{"id":"1676","key":"外的ダメージをケア","parent_tag_id":"1674","product_display_order":0,"value":"外的ダメージをケア。"},{"id":"1674","key":"ディ-エイジング","parent_tag_id":"1667","product_display_order":10,"value":"ディ-エイジング"},{"id":"1687","key":"乾燥","parent_tag_id":"1667","product_display_order":131,"value":"乾燥"},{"id":"27172","key":"day5flashsale","parent_tag_id":"1590","product_display_order":12,"value":"Day5FlashSale"},{"id":"14706","key":"スペシャルケア","parent_tag_id":"1667","product_display_order":28,"value":"スペシャルケア"},{"id":"28314","key":"エイジングケアクリームセット","parent_tag_id":"1667","product_display_order":7,"value":"エイジングケアクリームセット"}]},"usage":[{"content":"<UL><LI>朝、3ステップ　スキンケア（ソープ･ローション・乳液）の後、適量を取り、目のまわりを避けて、顔全体と首になじませます。 </LI></UL>","label":"PRODUCT USAGE","type":"product_usage"},{"content":null,"label":"HOW DOES IT WORK","type":"how_does_it_work"},{"content":null,"label":"WHO IT IS FOR","type":"who_it_is_for"},{"content":null,"label":"GREAT TO KNOW","type":"great_to_know"},{"content":null,"label":"WHAT_IT_DOES","type":"what_it_does"},{"content":null,"label":"WHAT_IT_IS","type":"what_it_is"}],"objectID":"37678"},{"benefit":{"statement":null,"benefits":null},"brand":null,"collection":[{"key":"repairwear-collection","value":"repairwear_collection"}],"coverage":null,"cross_sell":null,"default_category":{"id":"14706","key":"スペシャルケア"},"description":"ハリや弾力不足が気になり始めた肌のための夜用クリーム。外的ダメージをケアするだけではなく、肌の生まれ変わりに着目し、バリア機能をサポート。","display_mode":null,"display_name":"リペアウェア レーザー フォーカス ナイト クリーム","display_status":7,"finish":null,"form":[{"key":"cream-form","value":"cream_form"}],"formula_type":null,"fragrance_family":null,"indexable_keywords":null,"is_hazmat":false,"is_product_coming_soon":null,"is_product_displayable":true,"is_product_searchable":true,"is_product_shoppable":true,"is_product_sold_out":null,"is_product_temporarily_out_of_stock":null,"is_search_suppressed":null,"key_ingredient":null,"media":{"large":null,"medium":null,"poster":null,"small":null,"videos":[{"position":null,"poster":{"height":null,"src":null,"width":null},"provider":null,"src":null},{"position":null,"poster":{"height":null,"src":null,"width":null},"provider":null,"src":null},{"position":null,"poster":{"height":null,"src":null,"width":null},"provider":null,"src":null}],"xl":null},"meta":{"description":null,"keywords":null},"parent_category":[{"id":"14706","value":"スペシャルケア"},{"id":"1667","value":"スキンケア"}],"product_badge":null,"product_id":"37679","product_title_tag":null,"product_type":"Sized","product_url":"/product/14706/37679/-/repairwear-laser-focus-night-line-smoothing-cream","reviews":{"average_rating":null,"number_of_questions":null,"number_of_reviews":null},"shade_groups":null,"short_description":"ハリや弾力不足が気になり始めた肌のための夜用クリーム。外的ダメージをケアするだけではなく、肌の生まれ変わりに着目し、バリア機能をサポート。","skin":{"concern":[{"key":"anti-aging-concern","value":"anti_aging_concern"}]},"skin_goal":null,"skus":{"total":2,"items":[{"color_family":null,"coverage_options":null,"cross_sell":null,"display_status":7,"finish":null,"finish_options":null,"fragrances":[{"family":null,"key":null,"value":null}],"iln_listing":"水・メチルトリメチコン・変性アルコール・シリカ・ポリエチレン・グリセリン・ジメチコン・ＢＧ・ジステアルジモニウムヘクトライト・ホホバエステル・ＰＥＧ－１５０・カプリリルメチコン・塩化Ｎａ・ラウリルＰＥＧ－９ポリジメチルシロキシエチルジメチコン・ソルビトール・スクロース・トレハロース・ベタイン・ＰＥＧ－１０ジメチコン・ＲＮＡ－Ｎａ・アルゲエキス・カフェイン・スクワラン・コレステロール・ＤＰＧ・ジパルミトイルヒドロキシプロリン・酢酸トコフェロール・リノール酸・クエン酸・ＥＤＴＡ－２Ｎａ・テトラヘキシルデカン酸アスコルビル・ツクシメナモミエキス・ヒアルロン酸Ｎａ・オオムギエキス・酵母エキス・コムギ胚芽エキス・コレウスバルバツス根エキス・オレイン酸・リノレン酸・アルギニン・ダイズタンパク・レシチン・デカルボキシカルノシンＨＣｌ・グリシン・パルミチン酸エチルヘキシル・カルボマー・加水分解コメエキス・アルテミアエキス・バクガ液汁・ヒドロキシプロリン・アデノシンリン酸・プロリン・ミクロコッカス溶解液・ＮＡＤＨ－２Ｎａ・サッカロミセス溶解質エキス・アクリレーツコポリマー・パジナパボニカ葉状体エキス・ツボクサエキス・水添レシチン・ヨーロッパシラカバ樹皮エキス・アセチルヘキサペプチド－８・カプリリルグリコール・イタドリ根エキス・コレステロール（羊毛）・チャ葉エキス・キサンタンガム・ラウリルジモニウムヒドロキシプロピル加水分解ダイズタンパク・ローズマリー葉エキス・クレアチン・ノルジヒドログアイアレチン酸・マレイン酸アスコルビルトコフェリル・アストロカリウムムルムル脂・ロブスタコーヒーノキ種子エキス・ステアリン酸エチルヘキシル・アスパラサスリネアリス葉エキス・ジカプリン酸ＰＧ・フィトスフィンゴシン・ヘキシレングリコール・硫酸Ｋ・シメチコン・ＤＮＡ－Ｎａ・オウゴン根エキス・ヤマグワ根皮エキス・フェノキシエタノール・ソルビン酸Ｋ<JILN006967>","iln_version_number":"JILN006967","inventory_status":"Active","is_active":true,"is_coming_soon":null,"is_default_sku":false,"is_discountable":true,"is_displayable":null,"is_engravable":null,"is_fragrance":null,"is_giftable":null,"is_giftwrap":false,"is_inactive":null,"is_multi_shaded":null,"is_out_of_stock":null,"is_preorder":false,"is_preorderable":null,"is_promotional":null,"is_replenishable":false,"is_search_suppressed":null,"is_searchable":true,"is_shaded":null,"is_sized":null,"is_sold_out":null,"is_under_weight_hazmat":false,"is_vto_enabled":null,"life_of_product":"Basic Reorder","material_code":"ZK5A010001","media":{"large":[{"alt":"リペアウェア レーザー フォーカス ナイト クリーム","height":1200,"position":0,"src":"/media/export/cms/products/1200x1500/cl_sku_ZK5A01_1200x1500_0.png","type":"image","width":1500}],"medium":[{"alt":"リペアウェア レーザー フォーカス ナイト クリーム","height":600,"position":1,"src":"/media/export/cms/products/600x750/cl_sku_ZK5A01_600x750_0.png","type":"image","width":750}],"model":null,"poster":null,"small":[{"alt":"リペアウェア レーザー フォーカス ナイト クリーム","height":1200,"position":2,"src":"/media/export/cms/products/1200x1500/cl_sku_ZK5A01_1200x1500_0.png","type":"image","width":1500}],"smoosh":null,"xl":null},"out_of_stock_threshold":null,"perlgem":{"SKU_BASE_ID":66039},"preorder_date":null,"prices":[{"currency":"JPY","exclude_tax":{"original_price":9000,"original_price_formatted":"¥9,000","price":9000,"price_formatted":"¥9,000","price_per_unit":null,"price_per_unit_formatted":""},"include_tax":{"original_price":9900,"original_price_formatted":"¥9,900","price":9900,"price_formatted":"¥9,900","price_per_unit":null,"price_per_unit_formatted":""},"is_discounted":false}],"purchase_limit":null,"replenishment":{"message":null},"reviews":{"average_rating":null,"number_of_questions":null,"number_of_reviews":null},"set_components":null,"shade_groups":null,"shades":null,"sizes":[{"key":1,"value":"50mL"}],"skin":{"tone":null,"type":[{"key":"combination-skintype","value":"combination_skintype"},{"key":"oily-skintype","value":"oily_skintype"}],"type_description":null},"sku_badge":null,"sku_badge_image":null,"sku_display_order":1,"sku_id":"ZK5A01","sku_promo_messaging":null,"sku_type":"SE","sku_url":null,"tags":{"total":15,"items":[{"id":"13302","key":"クリーム","value":"クリーム"},{"id":"28314","key":"エイジングケアクリームセット","value":"エイジングケアクリームセット"},{"id":"1687","key":"乾燥","value":"乾燥"},{"id":"27174","key":"day7flashsale","value":"Day7FlashSale"},{"id":"27168","key":"day1flashsale","value":"Day1FlashSale"},{"id":"13301","key":"乳液クリーム","value":"乳液・クリーム"},{"id":"1675","key":"守る防ぐ","value":"守る、防ぐ。"},{"id":"27172","key":"day5flashsale","value":"Day5FlashSale"},{"id":"1674","key":"ディ-エイジング","value":"ディ-エイジング"},{"id":"1667","key":"スキンケア","value":"スキンケア"},{"id":"1980","key":"de-aging","value":"De-Aging"},{"id":"13304","key":"スペシャルケア","value":"スペシャルケア"},{"id":"16741","key":"blackheads","value":"Blackheads"},{"id":"14706","key":"スペシャルケア","value":"スペシャルケア"},{"id":"1676","key":"外的ダメージをケア","value":"外的ダメージをケア。"}]},"texture":null,"undertone":null,"unit_of_measure":null,"unit_size":null,"unit_size_formatted":null,"upc":"020714777845","vto":{"is_color_experience":null,"is_foundation_experience":null}},{"color_family":null,"coverage_options":null,"cross_sell":null,"display_status":7,"finish":null,"finish_options":null,"fragrances":[{"family":null,"key":null,"value":null}],"iln_listing":"水・テトラエチルヘキサン酸ペンタエリスリチル・ＢＧ・ステアリン酸ヘキシルデシル・ホホバ種子油・ステアリン酸グリセリル・グリセリン・ステアリン酸ＰＥＧ－１００・水添レシチン・リシノレイン酸セチル・ワセリン・ジメチコン・ベヘニルアルコール・セテアリルアルコール・セテアリルグルコシド・ソルビトール・スクロース・トレハロース・ベタイン・（アクリルアミド／アクリロイルジメチルタウリンＮａ）コポリマー・アルゲエキス・カプリリルグリコール・イソヘキサデカン・ＲＮＡ－Ｎａ・（アクリル酸／アクリル酸アルキル（Ｃ１０ー３０））コポリマー・コレステロール・カフェイン・トロメタミン・酢酸トコフェロール・スクワラン・アルギニン・ジパルミトイルヒドロキシプロリン・ＥＤＴＡ－２Ｎａ・ポリソルベート８０・ヘキシレングリコール・ヒアルロン酸Ｎａ・コレウスバルバツス根エキス・コレステロール（羊毛）・ツクシメナモミエキス・リノール酸・オオムギエキス・酵母エキス・パルミチン酸エチルヘキシル・コムギ胚芽エキス・リン酸アスコルビルアミノプロピル・バクガ液汁・レシチン・アデノシンリン酸・デカルボキシカルノシンＨＣｌ・ダイズタンパク・オレイン酸・ＮＡＤＨ－２Ｎａ・リノレン酸・硫酸Ｋ・加水分解コメエキス・グリシン・カルボマー・アルテミアエキス・ヒドロキシプロリン・プロリン・ミクロコッカス溶解液・ラウリルジモニウムヒドロキシプロピル加水分解ダイズタンパク・サッカロミセス溶解質エキス・キサンタンガム・クレアチン・アクリレーツコポリマー・マレイン酸アスコルビルトコフェリル・パジナパボニカ葉状体エキス・ツボクサエキス・ノルジヒドログアイアレチン酸・ローズマリー葉エキス・ロブスタコーヒーノキ種子エキス・アストロカリウムムルムル脂・ステアリン酸エチルヘキシル・フィトスフィンゴシン・ジカプリン酸ＰＧ・ヨーロッパシラカバ樹皮エキス・アセチルヘキサペプチド－８・イタドリ根エキス・チャ葉エキス・シメチコン・ＤＮＡ－Ｎａ・アスパラサスリネアリス葉エキス・オウゴン根エキス・ヤマグワ根皮エキス・フェノキシエタノール・ソルビン酸Ｋ<JILN006966>","iln_version_number":"JILN006966","inventory_status":"Active","is_active":true,"is_coming_soon":null,"is_default_sku":false,"is_discountable":true,"is_displayable":null,"is_engravable":null,"is_fragrance":null,"is_giftable":null,"is_giftwrap":false,"is_inactive":null,"is_multi_shaded":null,"is_out_of_stock":null,"is_preorder":false,"is_preorderable":null,"is_promotional":null,"is_replenishable":false,"is_search_suppressed":null,"is_searchable":true,"is_shaded":null,"is_sized":null,"is_sold_out":null,"is_under_weight_hazmat":false,"is_vto_enabled":null,"life_of_product":"Basic Reorder","material_code":"ZK59010001","media":{"large":[{"alt":"リペアウェア レーザー フォーカス ナイト クリーム","height":1200,"position":0,"src":"/media/export/cms/products/1200x1500/cl_sku_ZK5901_1200x1500_0.png","type":"image","width":1500}],"medium":[{"alt":"リペアウェア レーザー フォーカス ナイト クリーム","height":600,"position":1,"src":"/media/export/cms/products/600x750/cl_sku_ZK5901_600x750_0.png","type":"image","width":750}],"model":null,"poster":null,"small":[{"alt":"リペアウェア レーザー フォーカス ナイト クリーム","height":1200,"position":2,"src":"/media/export/cms/products/1200x1500/cl_sku_ZK5901_1200x1500_0.png","type":"image","width":1500}],"smoosh":null,"xl":null},"out_of_stock_threshold":null,"perlgem":{"SKU_BASE_ID":65979},"preorder_date":null,"prices":[{"currency":"JPY","exclude_tax":{"original_price":9000,"original_price_formatted":"¥9,000","price":9000,"price_formatted":"¥9,000","price_per_unit":null,"price_per_unit_formatted":""},"include_tax":{"original_price":9900,"original_price_formatted":"¥9,900","price":9900,"price_formatted":"¥9,900","price_per_unit":null,"price_per_unit_formatted":""},"is_discounted":false}],"purchase_limit":null,"replenishment":{"message":null},"reviews":{"average_rating":null,"number_of_questions":null,"number_of_reviews":null},"set_components":null,"shade_groups":null,"shades":null,"sizes":[{"key":1,"value":"50mL"}],"skin":{"tone":null,"type":[{"key":"very-dry-skintype","value":"very_dry_skintype"},{"key":"dry-skintype","value":"dry_skintype"}],"type_description":null},"sku_badge":null,"sku_badge_image":null,"sku_display_order":1,"sku_id":"ZK5901","sku_promo_messaging":null,"sku_type":"SE","sku_url":null,"tags":{"total":13,"items":[{"id":"13302","key":"クリーム","value":"クリーム"},{"id":"28314","key":"エイジングケアクリームセット","value":"エイジングケアクリームセット"},{"id":"1687","key":"乾燥","value":"乾燥"},{"id":"13301","key":"乳液クリーム","value":"乳液・クリーム"},{"id":"1675","key":"守る防ぐ","value":"守る、防ぐ。"},{"id":"27172","key":"day5flashsale","value":"Day5FlashSale"},{"id":"1674","key":"ディ-エイジング","value":"ディ-エイジング"},{"id":"1667","key":"スキンケア","value":"スキンケア"},{"id":"1980","key":"de-aging","value":"De-Aging"},{"id":"13304","key":"スペシャルケア","value":"スペシャルケア"},{"id":"16741","key":"blackheads","value":"Blackheads"},{"id":"14706","key":"スペシャルケア","value":"スペシャルケア"},{"id":"1676","key":"外的ダメージをケア","value":"外的ダメージをケア。"}]},"texture":null,"undertone":null,"unit_of_measure":null,"unit_size":null,"unit_size_formatted":null,"upc":"020714777838","vto":{"is_color_experience":null,"is_foundation_experience":null}}]},"sub_display_name":"リペアウェア レーザー フォーカス ナイト クリーム","sub_header":null,"tags":{"total":15,"items":[{"id":"13302","key":"クリーム","parent_tag_id":"1667","product_display_order":0,"value":"クリーム"},{"id":"28314","key":"エイジングケアクリームセット","parent_tag_id":"1667","product_display_order":6,"value":"エイジングケアクリームセット"},{"id":"1687","key":"乾燥","parent_tag_id":"1667","product_display_order":129,"value":"乾燥"},{"id":"27174","key":"day7flashsale","parent_tag_id":"1590","product_display_order":0,"value":"Day7FlashSale"},{"id":"27168","key":"day1flashsale","parent_tag_id":"1590","product_display_order":0,"value":"Day1FlashSale"},{"id":"13301","key":"乳液クリーム","parent_tag_id":"1667","product_display_order":23,"value":"乳液・クリーム"},{"id":"1675","key":"守る防ぐ","parent_tag_id":"1674","product_display_order":0,"value":"守る、防ぐ。"},{"id":"27172","key":"day5flashsale","parent_tag_id":"1590","product_display_order":11,"value":"Day5FlashSale"},{"id":"1674","key":"ディ-エイジング","parent_tag_id":"1667","product_display_order":11,"value":"ディ-エイジング"},{"id":"1667","key":"スキンケア","parent_tag_id":null,"product_display_order":120,"value":"スキンケア"},{"id":"1980","key":"de-aging","parent_tag_id":"1674","product_display_order":0,"value":"De-Aging"},{"id":"13304","key":"スペシャルケア","parent_tag_id":"1667","product_display_order":44,"value":"スペシャルケア"},{"id":"16741","key":"blackheads","parent_tag_id":"1667","product_display_order":12,"value":"Blackheads"},{"id":"14706","key":"スペシャルケア","parent_tag_id":"1667","product_display_order":39,"value":"スペシャルケア"},{"id":"1676","key":"外的ダメージをケア","parent_tag_id":"1674","product_display_order":0,"value":"外的ダメージをケア。"}]},"usage":[{"content":"<UL><LI>夜、3ステップ スキンケア（ソープ・ローション・乳液）の後、適量をとり、目のまわりを避けて、顔全体と首になじませます。 </LI></UL>","label":"PRODUCT USAGE","type":"product_usage"},{"content":null,"label":"HOW DOES IT WORK","type":"how_does_it_work"},{"content":null,"label":"WHO IT IS FOR","type":"who_it_is_for"},{"content":null,"label":"GREAT TO KNOW","type":"great_to_know"},{"content":null,"label":"WHAT_IT_DOES","type":"what_it_does"},{"content":null,"label":"WHAT_IT_IS","type":"what_it_is"}],"objectID":"37679"},{"benefit":{"statement":null,"benefits":null},"brand":null,"collection":null,"coverage":null,"cross_sell":null,"default_category":{"id":"1604","key":"リップライナー"},"description":"シルキーなフォーミュラで、なめらかな付け心地が持続します。リップラインをくっきり際立たせたり、お気に入りのカラーを塗る前にお使いいただけます。乾燥を防ぐフォーミュラがリップのにじみを防ぎます。繰り出し式。","display_mode":null,"display_name":"クイックライナー フォー リップ インテンス","display_status":7,"finish":null,"form":null,"formula_type":null,"fragrance_family":null,"indexable_keywords":null,"is_hazmat":false,"is_product_coming_soon":null,"is_product_displayable":true,"is_product_searchable":true,"is_product_shoppable":true,"is_product_sold_out":null,"is_product_temporarily_out_of_stock":null,"is_search_suppressed":null,"key_ingredient":null,"media":{"large":null,"medium":null,"poster":null,"small":null,"videos":[{"position":null,"poster":{"height":null,"src":null,"width":null},"provider":"YouTube","src":null},{"position":null,"poster":{"height":null,"src":null,"width":null},"provider":"YouTube","src":null},{"position":null,"poster":{"height":null,"src":null,"width":null},"provider":"YouTube","src":null}],"xl":null},"meta":{"description":null,"keywords":null},"parent_category":[{"id":"1604","value":"リップライナー"},{"id":"1592","value":"メーク"}],"product_badge":null,"product_id":"37967","product_title_tag":null,"product_type":"Shaded","product_url":"/product/1604/37967/-/quickliner-for-lip-intence","reviews":{"average_rating":null,"number_of_questions":null,"number_of_reviews":null},"shade_groups":null,"short_description":"クリニーク人気のリップライナーが、リッチなピグメントで新登場。 ","skin":null,"skin_goal":null,"skus":{"total":5,"items":[{"color_family":[{"key":"red-color","value":"red_color"}],"coverage_options":null,"cross_sell":null,"display_status":7,"finish":[{"key":"matte-finish","value":"matte_finish"}],"finish_options":[{"key":"matte-finish","value":"matte_finish"}],"fragrances":[{"family":null,"key":null,"value":null}],"iln_listing":"合成ワックス・イソドデカン・水添ポリジシクロペンタジエン・ペンタイソステアリン酸ポリグリセリル－１０・水添ポリ（Ｃ６－１４オレフィン）・水添ポリイソブテン・水添ポリデセン・ポリブテン・ジステアルジモニウムヘクトライト・炭酸プロピレン・ポリエチレン・テトラ（ジ－ｔ－ブチルヒドロキシヒドロケイヒ酸）ペンタエリスリチル　＋／－　マイカ・酸化鉄・酸化チタン・赤１０４（１）・硫酸Ｂａ・赤２０２・黄４・青１・マンガンバイオレット・ロジン・カルミン<JILN8998>","iln_version_number":"JILN8998","inventory_status":"Active","is_active":true,"is_coming_soon":null,"is_default_sku":false,"is_discountable":true,"is_displayable":null,"is_engravable":null,"is_fragrance":null,"is_giftable":null,"is_giftwrap":false,"is_inactive":null,"is_multi_shaded":null,"is_out_of_stock":null,"is_preorder":false,"is_preorderable":null,"is_promotional":null,"is_replenishable":false,"is_search_suppressed":null,"is_searchable":true,"is_shaded":null,"is_sized":null,"is_sold_out":null,"is_under_weight_hazmat":false,"is_vto_enabled":null,"life_of_product":"Basic Reorder","material_code":"ZGGY060000","media":{"large":[{"alt":"クイックライナー フォー リップ インテンス","height":1200,"position":1,"src":"/media/export/cms/products/1200x1500/cl_sku_ZGGY06_1200x1500_0.png","type":"image","width":1500}],"medium":[{"alt":"クイックライナー フォー リップ インテンス","height":600,"position":2,"src":"/media/export/cms/products/600x750/cl_sku_ZGGY06_600x750_0.png","type":"image","width":750}],"model":null,"poster":null,"small":[{"alt":"クイックライナー フォー リップ インテンス","height":1200,"position":3,"src":"/media/export/cms/products/1200x1500/cl_sku_ZGGY06_1200x1500_0.png","type":"image","width":1500}],"smoosh":[{"alt":"クイックライナー フォー リップ インテンス","height":1200,"position":0,"src":"/media/export/cms/products/1200x1500/swatches_v3/53_ns_ng.png","type":"image","width":1500}],"xl":null},"out_of_stock_threshold":null,"perlgem":{"SKU_BASE_ID":66399},"preorder_date":null,"prices":[{"currency":"JPY","exclude_tax":{"original_price":2200,"original_price_formatted":"¥2,200","price":2200,"price_formatted":"¥2,200","price_per_unit":null,"price_per_unit_formatted":""},"include_tax":{"original_price":2420,"original_price_formatted":"¥2,420","price":2420,"price_formatted":"¥2,420","price_per_unit":null,"price_per_unit_formatted":""},"is_discounted":false}],"purchase_limit":null,"replenishment":{"message":null},"reviews":{"average_rating":null,"number_of_questions":null,"number_of_reviews":null},"set_components":null,"shade_groups":null,"shades":[{"description":"","hex_val":"#99122b","image":{"height":null,"src":"","width":null},"name":"06 インテンス クランベリー（オンライン限定色）","smoosh_design":{"group_id":null,"name":"53::none::none"}}],"sizes":[{"key":1,"value":"0.3 g"}],"skin":{"tone":null,"type":null,"type_description":null},"sku_badge":null,"sku_badge_image":null,"sku_display_order":5,"sku_id":"ZGGY06","sku_promo_messaging":null,"sku_type":"SE","sku_url":null,"tags":{"total":5,"items":[{"id":"27172","key":"day5flashsale","value":"Day5FlashSale"},{"id":"1604","key":"リップライナー","value":"リップライナー"},{"id":"1592","key":"メーク","value":"メーク"},{"id":"4323","key":"just-arrived","value":"Just Arrived"},{"id":"27171","key":"day4flashsale","value":"Day4FlashSale"}]},"texture":null,"undertone":null,"unit_of_measure":null,"unit_size":null,"unit_size_formatted":null,"upc":"020714755348","vto":{"is_color_experience":null,"is_foundation_experience":null}},{"color_family":[{"key":"pink-color","value":"pink_color"}],"coverage_options":null,"cross_sell":null,"display_status":7,"finish":[{"key":"matte-finish","value":"matte_finish"}],"finish_options":[{"key":"matte-finish","value":"matte_finish"}],"fragrances":[{"family":null,"key":null,"value":null}],"iln_listing":"合成ワックス・イソドデカン・水添ポリジシクロペンタジエン・ペンタイソステアリン酸ポリグリセリル－１０・水添ポリ（Ｃ６－１４オレフィン）・水添ポリイソブテン・水添ポリデセン・ポリブテン・ジステアルジモニウムヘクトライト・炭酸プロピレン・ポリエチレン・テトラ（ジ－ｔ－ブチルヒドロキシヒドロケイヒ酸）ペンタエリスリチル　＋／－　マイカ・酸化鉄・酸化チタン・赤１０４（１）・硫酸Ｂａ・赤２０２・黄４・青１・マンガンバイオレット・ロジン・カルミン<JILN8998>","iln_version_number":"JILN8998","inventory_status":"Active","is_active":true,"is_coming_soon":null,"is_default_sku":false,"is_discountable":true,"is_displayable":null,"is_engravable":null,"is_fragrance":null,"is_giftable":null,"is_giftwrap":false,"is_inactive":null,"is_multi_shaded":null,"is_out_of_stock":null,"is_preorder":false,"is_preorderable":null,"is_promotional":null,"is_replenishable":false,"is_search_suppressed":null,"is_searchable":true,"is_shaded":null,"is_sized":null,"is_sold_out":null,"is_under_weight_hazmat":false,"is_vto_enabled":null,"life_of_product":"Basic Reorder","material_code":"ZGGY070000","media":{"large":[{"alt":"クイックライナー フォー リップ インテンス","height":1200,"position":1,"src":"/media/export/cms/products/1200x1500/cl_sku_ZGGY07_1200x1500_0.png","type":"image","width":1500}],"medium":[{"alt":"クイックライナー フォー リップ インテンス","height":600,"position":2,"src":"/media/export/cms/products/600x750/cl_sku_ZGGY07_600x750_0.png","type":"image","width":750}],"model":null,"poster":null,"small":[{"alt":"クイックライナー フォー リップ インテンス","height":1200,"position":3,"src":"/media/export/cms/products/1200x1500/cl_sku_ZGGY07_1200x1500_0.png","type":"image","width":1500}],"smoosh":[{"alt":"クイックライナー フォー リップ インテンス","height":1200,"position":0,"src":"/media/export/cms/products/1200x1500/swatches_v3/53_ns_ng.png","type":"image","width":1500}],"xl":null},"out_of_stock_threshold":null,"perlgem":{"SKU_BASE_ID":66400},"preorder_date":null,"prices":[{"currency":"JPY","exclude_tax":{"original_price":2200,"original_price_formatted":"¥2,200","price":2200,"price_formatted":"¥2,200","price_per_unit":null,"price_per_unit_formatted":""},"include_tax":{"original_price":2420,"original_price_formatted":"¥2,420","price":2420,"price_formatted":"¥2,420","price_per_unit":null,"price_per_unit_formatted":""},"is_discounted":false}],"purchase_limit":null,"replenishment":{"message":null},"reviews":{"average_rating":null,"number_of_questions":null,"number_of_reviews":null},"set_components":null,"shade_groups":null,"shades":[{"description":"","hex_val":"#ad5e51","image":{"height":null,"src":"","width":null},"name":"07 インテンス ブラッシュ","smoosh_design":{"group_id":null,"name":"53::none::none"}}],"sizes":[{"key":1,"value":"0.3 g "}],"skin":{"tone":null,"type":null,"type_description":null},"sku_badge":null,"sku_badge_image":null,"sku_display_order":6,"sku_id":"ZGGY07","sku_promo_messaging":null,"sku_type":"SE","sku_url":null,"tags":{"total":6,"items":[{"id":"27172","key":"day5flashsale","value":"Day5FlashSale"},{"id":"1604","key":"リップライナー","value":"リップライナー"},{"id":"1592","key":"メーク","value":"メーク"},{"id":"27174","key":"day7flashsale","value":"Day7FlashSale"},{"id":"27171","key":"day4flashsale","value":"Day4FlashSale"},{"id":"25565","key":"justarrivednew","value":"justarrivednew"}]},"texture":null,"undertone":null,"unit_of_measure":null,"unit_size":null,"unit_size_formatted":null,"upc":"020714757809","vto":{"is_color_experience":null,"is_foundation_experience":null}},{"color_family":[{"key":"pink-color","value":"pink_color"}],"coverage_options":null,"cross_sell":null,"display_status":7,"finish":[{"key":"matte-finish","value":"matte_finish"}],"finish_options":[{"key":"matte-finish","value":"matte_finish"}],"fragrances":[{"family":null,"key":null,"value":null}],"iln_listing":"合成ワックス・イソドデカン・水添ポリジシクロペンタジエン・ペンタイソステアリン酸ポリグリセリル－１０・水添ポリ（Ｃ６－１４オレフィン）・水添ポリイソブテン・水添ポリデセン・ポリブテン・ジステアルジモニウムヘクトライト・炭酸プロピレン・ポリエチレン・テトラ（ジ－ｔ－ブチルヒドロキシヒドロケイヒ酸）ペンタエリスリチル　＋／－　マイカ・酸化鉄・酸化チタン・赤１０４（１）・硫酸Ｂａ・赤２０２・黄４・青１・マンガンバイオレット・ロジン・カルミン<JILN8998>","iln_version_number":"JILN8998","inventory_status":"Active","is_active":true,"is_coming_soon":null,"is_default_sku":false,"is_discountable":true,"is_displayable":null,"is_engravable":null,"is_fragrance":null,"is_giftable":null,"is_giftwrap":false,"is_inactive":null,"is_multi_shaded":null,"is_out_of_stock":null,"is_preorder":false,"is_preorderable":null,"is_promotional":null,"is_replenishable":false,"is_search_suppressed":null,"is_searchable":true,"is_shaded":null,"is_sized":null,"is_sold_out":null,"is_under_weight_hazmat":false,"is_vto_enabled":null,"life_of_product":"Basic Reorder","material_code":"ZGGY080000","media":{"large":[{"alt":"クイックライナー フォー リップ インテンス","height":1200,"position":1,"src":"/media/export/cms/products/1200x1500/cl_sku_ZGGY08_1200x1500_0.png","type":"image","width":1500}],"medium":[{"alt":"クイックライナー フォー リップ インテンス","height":600,"position":2,"src":"/media/export/cms/products/600x750/cl_sku_ZGGY08_600x750_0.png","type":"image","width":750}],"model":null,"poster":null,"small":[{"alt":"クイックライナー フォー リップ インテンス","height":1200,"position":3,"src":"/media/export/cms/products/1200x1500/cl_sku_ZGGY08_1200x1500_0.png","type":"image","width":1500}],"smoosh":[{"alt":"クイックライナー フォー リップ インテンス","height":1200,"position":0,"src":"/media/export/cms/products/1200x1500/swatches_v3/53_ns_ng.png","type":"image","width":1500}],"xl":null},"out_of_stock_threshold":null,"perlgem":{"SKU_BASE_ID":66405},"preorder_date":null,"prices":[{"currency":"JPY","exclude_tax":{"original_price":2200,"original_price_formatted":"¥2,200","price":2200,"price_formatted":"¥2,200","price_per_unit":null,"price_per_unit_formatted":""},"include_tax":{"original_price":2420,"original_price_formatted":"¥2,420","price":2420,"price_formatted":"¥2,420","price_per_unit":null,"price_per_unit_formatted":""},"is_discounted":false}],"purchase_limit":null,"replenishment":{"message":null},"reviews":{"average_rating":null,"number_of_questions":null,"number_of_reviews":null},"set_components":null,"shade_groups":null,"shades":[{"description":"","hex_val":"#941E58","image":{"height":null,"src":"","width":null},"name":"08 インテンス コスモ","smoosh_design":{"group_id":null,"name":"53::none::none"}}],"sizes":[{"key":1,"value":"0.3 g"}],"skin":{"tone":null,"type":null,"type_description":null},"sku_badge":null,"sku_badge_image":null,"sku_display_order":7,"sku_id":"ZGGY08","sku_promo_messaging":null,"sku_type":"SE","sku_url":null,"tags":{"total":5,"items":[{"id":"27172","key":"day5flashsale","value":"Day5FlashSale"},{"id":"1604","key":"リップライナー","value":"リップライナー"},{"id":"1592","key":"メーク","value":"メーク"},{"id":"27174","key":"day7flashsale","value":"Day7FlashSale"},{"id":"27171","key":"day4flashsale","value":"Day4FlashSale"}]},"texture":null,"undertone":null,"unit_of_measure":null,"unit_size":null,"unit_size_formatted":null,"upc":"020714757816","vto":{"is_color_experience":null,"is_foundation_experience":null}},{"color_family":[{"key":"pink-color","value":"pink_color"}],"coverage_options":null,"cross_sell":null,"display_status":7,"finish":[{"key":"matte-finish","value":"matte_finish"}],"finish_options":[{"key":"matte-finish","value":"matte_finish"}],"fragrances":[{"family":null,"key":null,"value":null}],"iln_listing":"合成ワックス・イソドデカン・水添ポリジシクロペンタジエン・ペンタイソステアリン酸ポリグリセリル－１０・水添ポリ（Ｃ６－１４オレフィン）・水添ポリイソブテン・水添ポリデセン・ポリブテン・ジステアルジモニウムヘクトライト・炭酸プロピレン・ポリエチレン・テトラ（ジ－ｔ－ブチルヒドロキシヒドロケイヒ酸）ペンタエリスリチル　＋／－　マイカ・酸化鉄・酸化チタン・赤１０４（１）・硫酸Ｂａ・赤２０２・黄４・青１・マンガンバイオレット・ロジン・カルミン<JILN8998>","iln_version_number":"JILN8998","inventory_status":"Active","is_active":true,"is_coming_soon":null,"is_default_sku":false,"is_discountable":true,"is_displayable":null,"is_engravable":null,"is_fragrance":null,"is_giftable":null,"is_giftwrap":false,"is_inactive":null,"is_multi_shaded":null,"is_out_of_stock":null,"is_preorder":false,"is_preorderable":null,"is_promotional":null,"is_replenishable":false,"is_search_suppressed":null,"is_searchable":true,"is_shaded":null,"is_sized":null,"is_sold_out":null,"is_under_weight_hazmat":false,"is_vto_enabled":null,"life_of_product":"Basic Reorder","material_code":"ZGGY090000","media":{"large":[{"alt":"クイックライナー フォー リップ インテンス","height":1200,"position":1,"src":"/media/export/cms/products/1200x1500/cl_sku_ZGGY09_1200x1500_0.png","type":"image","width":1500}],"medium":[{"alt":"クイックライナー フォー リップ インテンス","height":600,"position":2,"src":"/media/export/cms/products/600x750/cl_sku_ZGGY09_600x750_0.png","type":"image","width":750}],"model":null,"poster":null,"small":[{"alt":"クイックライナー フォー リップ インテンス","height":1200,"position":3,"src":"/media/export/cms/products/1200x1500/cl_sku_ZGGY09_1200x1500_0.png","type":"image","width":1500}],"smoosh":[{"alt":"クイックライナー フォー リップ インテンス","height":1200,"position":0,"src":"/media/export/cms/products/1200x1500/swatches_v3/53_ns_ng.png","type":"image","width":1500}],"xl":null},"out_of_stock_threshold":null,"perlgem":{"SKU_BASE_ID":66404},"preorder_date":null,"prices":[{"currency":"JPY","exclude_tax":{"original_price":2200,"original_price_formatted":"¥2,200","price":2200,"price_formatted":"¥2,200","price_per_unit":null,"price_per_unit_formatted":""},"include_tax":{"original_price":2420,"original_price_formatted":"¥2,420","price":2420,"price_formatted":"¥2,420","price_per_unit":null,"price_per_unit_formatted":""},"is_discounted":false}],"purchase_limit":null,"replenishment":{"message":null},"reviews":{"average_rating":null,"number_of_questions":null,"number_of_reviews":null},"set_components":null,"shade_groups":null,"shades":[{"description":"","hex_val":"#b51869","image":{"height":null,"src":"","width":null},"name":"09 インテンス ジャム（オンライン限定色）","smoosh_design":{"group_id":null,"name":"53::none::none"}}],"sizes":[{"key":1,"value":"0.3 g "}],"skin":{"tone":null,"type":null,"type_description":null},"sku_badge":null,"sku_badge_image":null,"sku_display_order":8,"sku_id":"ZGGY09","sku_promo_messaging":null,"sku_type":"SE","sku_url":null,"tags":{"total":5,"items":[{"id":"27172","key":"day5flashsale","value":"Day5FlashSale"},{"id":"1604","key":"リップライナー","value":"リップライナー"},{"id":"1592","key":"メーク","value":"メーク"},{"id":"4323","key":"just-arrived","value":"Just Arrived"},{"id":"27171","key":"day4flashsale","value":"Day4FlashSale"}]},"texture":null,"undertone":null,"unit_of_measure":null,"unit_size":null,"unit_size_formatted":null,"upc":"020714757823","vto":{"is_color_experience":null,"is_foundation_experience":null}},{"color_family":[{"key":"violet-color","value":"violet_color"}],"coverage_options":null,"cross_sell":null,"display_status":7,"finish":[{"key":"matte-finish","value":"matte_finish"}],"finish_options":[{"key":"matte-finish","value":"matte_finish"}],"fragrances":[{"family":null,"key":null,"value":null}],"iln_listing":"合成ワックス・イソドデカン・水添ポリジシクロペンタジエン・ペンタイソステアリン酸ポリグリセリル－１０・水添ポリ（Ｃ６－１４オレフィン）・水添ポリイソブテン・水添ポリデセン・ポリブテン・ジステアルジモニウムヘクトライト・炭酸プロピレン・ポリエチレン・テトラ（ジ－ｔ－ブチルヒドロキシヒドロケイヒ酸）ペンタエリスリチル　＋／－　マイカ・酸化鉄・酸化チタン・赤１０４（１）・硫酸Ｂａ・赤２０２・黄４・青１・マンガンバイオレット・ロジン・カルミン<JILN8998>","iln_version_number":"JILN8998","inventory_status":"Active","is_active":true,"is_coming_soon":null,"is_default_sku":false,"is_discountable":true,"is_displayable":null,"is_engravable":null,"is_fragrance":null,"is_giftable":null,"is_giftwrap":false,"is_inactive":null,"is_multi_shaded":null,"is_out_of_stock":null,"is_preorder":false,"is_preorderable":null,"is_promotional":null,"is_replenishable":false,"is_search_suppressed":null,"is_searchable":true,"is_shaded":null,"is_sized":null,"is_sold_out":null,"is_under_weight_hazmat":false,"is_vto_enabled":null,"life_of_product":"Basic Reorder","material_code":"ZGGY110001","media":{"large":[{"alt":"クイックライナー フォー リップ インテンス","height":1200,"position":1,"src":"/media/export/cms/products/1200x1500/cl_sku_ZGGY11_1200x1500_0.png","type":"image","width":1500}],"medium":[{"alt":"クイックライナー フォー リップ インテンス","height":600,"position":2,"src":"/media/export/cms/products/600x750/cl_sku_ZGGY11_600x750_0.png","type":"image","width":750}],"model":null,"poster":null,"small":[{"alt":"クイックライナー フォー リップ インテンス","height":1200,"position":3,"src":"/media/export/cms/products/1200x1500/cl_sku_ZGGY11_1200x1500_0.png","type":"image","width":1500}],"smoosh":[{"alt":"クイックライナー フォー リップ インテンス","height":1200,"position":0,"src":"/media/export/cms/products/1200x1500/swatches_v3/53_ns_ng.png","type":"image","width":1500}],"xl":null},"out_of_stock_threshold":null,"perlgem":{"SKU_BASE_ID":66936},"preorder_date":null,"prices":[{"currency":"JPY","exclude_tax":{"original_price":2200,"original_price_formatted":"¥2,200","price":2200,"price_formatted":"¥2,200","price_per_unit":null,"price_per_unit_formatted":""},"include_tax":{"original_price":2420,"original_price_formatted":"¥2,420","price":2420,"price_formatted":"¥2,420","price_per_unit":null,"price_per_unit_formatted":""},"is_discounted":false}],"purchase_limit":null,"replenishment":{"message":null},"reviews":{"average_rating":null,"number_of_questions":null,"number_of_reviews":null},"set_components":null,"shade_groups":null,"shades":[{"description":"","hex_val":"#c12b73","image":{"height":null,"src":"","width":null},"name":"11 インテンス パンチ","smoosh_design":{"group_id":null,"name":"53::none::none"}}],"sizes":[{"key":1,"value":"0.3 g"}],"skin":{"tone":null,"type":null,"type_description":null},"sku_badge":null,"sku_badge_image":null,"sku_display_order":10,"sku_id":"ZGGY11","sku_promo_messaging":null,"sku_type":"SE","sku_url":null,"tags":{"total":5,"items":[{"id":"27172","key":"day5flashsale","value":"Day5FlashSale"},{"id":"1604","key":"リップライナー","value":"リップライナー"},{"id":"1592","key":"メーク","value":"メーク"},{"id":"27174","key":"day7flashsale","value":"Day7FlashSale"},{"id":"27171","key":"day4flashsale","value":"Day4FlashSale"}]},"texture":null,"undertone":null,"unit_of_measure":null,"unit_size":null,"unit_size_formatted":null,"upc":"020714757847","vto":{"is_color_experience":null,"is_foundation_experience":null}}]},"sub_display_name":"クイックライナー フォー リップ インテンス","sub_header":null,"tags":{"total":7,"items":[{"id":"27172","key":"day5flashsale","parent_tag_id":"1590","product_display_order":0,"value":"Day5FlashSale"},{"id":"1604","key":"リップライナー","parent_tag_id":"1592","product_display_order":0,"value":"リップライナー"},{"id":"1592","key":"メーク","parent_tag_id":null,"product_display_order":61,"value":"メーク"},{"id":"4323","key":"just-arrived","parent_tag_id":null,"product_display_order":0,"value":"Just Arrived"},{"id":"27174","key":"day7flashsale","parent_tag_id":"1590","product_display_order":0,"value":"Day7FlashSale"},{"id":"27171","key":"day4flashsale","parent_tag_id":"1590","product_display_order":48,"value":"Day4FlashSale"},{"id":"25565","key":"justarrivednew","parent_tag_id":null,"product_display_order":5,"value":"justarrivednew"}]},"usage":[{"content":"<UL><LI> 3㎜しか繰り出せません。（リップライナーのフォーミュラを空気にさらして乾燥させないよう、一度繰り出すと戻せません）</LI><LI> リップライナーでラインを描いてからリップカラーを塗れば、仕上がりが長続きします。</LI><LI>ライナーが乾燥しないよう、ご使用後はしっかりキャップを閉めてください。</LI></UL>","label":"PRODUCT USAGE","type":"product_usage"},{"content":null,"label":"HOW DOES IT WORK","type":"how_does_it_work"},{"content":null,"label":"WHO IT IS FOR","type":"who_it_is_for"},{"content":null,"label":"GREAT TO KNOW","type":"great_to_know"},{"content":null,"label":"WHAT_IT_DOES","type":"what_it_does"},{"content":null,"label":"WHAT_IT_IS","type":"what_it_is"}],"objectID":"37967"},{"benefit":{"statement":null,"benefits":null},"brand":null,"collection":null,"coverage":null,"cross_sell":[{"sku_id":"Z76001","sort_key":1},{"sku_id":"ZEMN01","sort_key":2}],"default_category":{"id":"1673","key":"クレンジング洗顔"},"description":"プッシュすればふんわり泡で出てくる、洗顔フォーム。<BR>きめの細かい贅沢な泡が肌をやさしく包み込んで、スッキリ汚れを取り除きながら、肌をつっぱったり乾燥させたりせず、<BR>心地よく、きちんと洗い上げます。","display_mode":null,"display_name":"エクストラ ジェントル クレンジング フォーム","display_status":7,"finish":null,"form":null,"formula_type":null,"fragrance_family":null,"indexable_keywords":null,"is_hazmat":false,"is_product_coming_soon":null,"is_product_displayable":true,"is_product_searchable":true,"is_product_shoppable":true,"is_product_sold_out":null,"is_product_temporarily_out_of_stock":null,"is_search_suppressed":null,"key_ingredient":null,"media":{"large":null,"medium":null,"poster":null,"small":null,"videos":[{"position":null,"poster":{"height":null,"src":null,"width":null},"provider":"YouTube","src":null},{"position":null,"poster":{"height":null,"src":null,"width":null},"provider":"YouTube","src":null},{"position":null,"poster":{"height":null,"src":null,"width":null},"provider":"YouTube","src":null}],"xl":null},"meta":{"description":null,"keywords":null},"parent_category":[{"id":"1673","value":"クレンジング・洗顔"},{"id":"1667","value":"スキンケア"}],"product_badge":null,"product_id":"38171","product_title_tag":null,"product_type":"Other","product_url":"/product/1673/38171/-/extra-gentle-cleansing-foam","reviews":{"average_rating":null,"number_of_questions":null,"number_of_reviews":null},"shade_groups":null,"short_description":"プッシュすればふんわり泡で出てくる、洗顔フォーム。","skin":null,"skin_goal":null,"skus":{"total":1,"items":[{"color_family":null,"coverage_options":null,"cross_sell":null,"display_status":7,"finish":null,"finish_options":null,"fragrances":[{"family":null,"key":null,"value":null}],"iln_listing":"水・グリセリン・ココイルメチルタウリンＮａ・ラウリルスルホ酢酸Ｎａ・スクロース・ＢＧ・ラウラミドプロピルベタイン・ヤシ油アルキルＰＧジモニウムクロリドリン酸Ｎａ・ＰＥＧ／ＰＰＧ－１８／１８ジメチコン・アルゲエキス・カフェイン・クエン酸・カプリロイルグリシン・水酸化Ｎａ・ＥＤＴＡ－２Ｎａ・ゲンチアナエキス・ヒアルロン酸Ｎａ・カプリリルグリコール・フェノキシエタノール・サリチル酸・安息香酸Ｎａ<JILN007459>","iln_version_number":"JILN007459","inventory_status":"Active","is_active":true,"is_coming_soon":null,"is_default_sku":false,"is_discountable":true,"is_displayable":null,"is_engravable":null,"is_fragrance":null,"is_giftable":null,"is_giftwrap":false,"is_inactive":null,"is_multi_shaded":null,"is_out_of_stock":null,"is_preorder":false,"is_preorderable":null,"is_promotional":null,"is_replenishable":false,"is_search_suppressed":null,"is_searchable":true,"is_shaded":null,"is_sized":null,"is_sold_out":null,"is_under_weight_hazmat":false,"is_vto_enabled":null,"life_of_product":"Basic Reorder","material_code":"ZKTK010001","media":{"large":[{"alt":"エクストラ ジェントル クレンジング フォーム","height":1200,"position":0,"src":"/media/export/cms/products/1200x1500/cl_sku_ZKTK01_1200x1500_0.png","type":"image","width":1500}],"medium":[{"alt":"エクストラ ジェントル クレンジング フォーム","height":600,"position":1,"src":"/media/export/cms/products/600x750/cl_sku_ZKTK01_600x750_0.png","type":"image","width":750}],"model":null,"poster":null,"small":[{"alt":"エクストラ ジェントル クレンジング フォーム","height":1200,"position":2,"src":"/media/export/cms/products/1200x1500/cl_sku_ZKTK01_1200x1500_0.png","type":"image","width":1500}],"smoosh":null,"xl":null},"out_of_stock_threshold":null,"perlgem":{"SKU_BASE_ID":66634},"preorder_date":null,"prices":[{"currency":"JPY","exclude_tax":{"original_price":3200,"original_price_formatted":"¥3,200","price":3200,"price_formatted":"¥3,200","price_per_unit":null,"price_per_unit_formatted":""},"include_tax":{"original_price":3520,"original_price_formatted":"¥3,520","price":3520,"price_formatted":"¥3,520","price_per_unit":null,"price_per_unit_formatted":""},"is_discounted":false}],"purchase_limit":null,"replenishment":{"message":null},"reviews":{"average_rating":null,"number_of_questions":null,"number_of_reviews":null},"set_components":null,"shade_groups":null,"shades":null,"sizes":[{"key":1,"value":"125 mL"}],"skin":{"tone":null,"type":null,"type_description":null},"sku_badge":null,"sku_badge_image":null,"sku_display_order":0,"sku_id":"ZKTK01","sku_promo_messaging":null,"sku_type":"SE","sku_url":null,"tags":{"total":1,"items":[{"id":"1673","key":"クレンジング洗顔","value":"クレンジング・洗顔"}]},"texture":null,"undertone":null,"unit_of_measure":null,"unit_size":null,"unit_size_formatted":null,"upc":"020714783297","vto":{"is_color_experience":null,"is_foundation_experience":null}}]},"sub_display_name":"エクストラ ジェントル クレンジング フォーム","sub_header":null,"tags":{"total":1,"items":[{"id":"1673","key":"クレンジング洗顔","parent_tag_id":"1667","product_display_order":12,"value":"クレンジング・洗顔"}]},"usage":[{"content":"朝と夜、ぬるま湯で顔をぬらし、適量（２～３プッシュ）を手に取ります。目の中に入らないよう注意しながら、顔全体を泡で優しくつつみこむように洗い、よくすすいでください。その後、タオルで軽く押さえるように拭いてください。","label":"PRODUCT USAGE","type":"product_usage"},{"content":null,"label":"HOW DOES IT WORK","type":"how_does_it_work"},{"content":null,"label":"WHO IT IS FOR","type":"who_it_is_for"},{"content":null,"label":"GREAT TO KNOW","type":"great_to_know"},{"content":null,"label":"WHAT_IT_DOES","type":"what_it_does"},{"content":null,"label":"WHAT_IT_IS","type":"what_it_is"}],"objectID":"38171"},{"benefit":{"statement":null,"benefits":null},"brand":null,"collection":null,"coverage":null,"cross_sell":[{"sku_id":"KHAT61","sort_key":1},{"sku_id":"KLR701","sort_key":2},{"sku_id":"KN0X01","sort_key":3}],"default_category":{"id":"1607","key":"フェース-パウダー"},"description":"半透明のフェース パウダー。瞬時に肌のトーンをアップ。肌を明るく輝かせます。ひんやりクールな使用感で、小じわの目立たないなめらかな肌へ。","display_mode":null,"display_name":"イーブン ベター ブライトニング ルース パウダー C（化粧品）","display_status":7,"finish":null,"form":null,"formula_type":null,"fragrance_family":null,"indexable_keywords":[{"value":"ダーマ ホワイト"},{"value":"ルースパウダー"},{"value":"崩さない"},{"value":"フェースパウダー"},{"value":"トーンアップ"},{"value":"なめらか"},{"value":"フェースパウダー"},{"value":"Even"},{"value":"Even Better"},{"value":"イーブン ベター"},{"value":"イーブン"}],"is_hazmat":false,"is_product_coming_soon":null,"is_product_displayable":true,"is_product_searchable":true,"is_product_shoppable":true,"is_product_sold_out":null,"is_product_temporarily_out_of_stock":null,"is_search_suppressed":null,"key_ingredient":null,"media":{"large":null,"medium":null,"poster":null,"small":null,"videos":[{"position":null,"poster":{"height":null,"src":null,"width":null},"provider":"YouTube","src":null},{"position":null,"poster":{"height":null,"src":null,"width":null},"provider":"YouTube","src":null},{"position":null,"poster":{"height":null,"src":null,"width":null},"provider":"YouTube","src":null}],"xl":null},"meta":{"description":null,"keywords":"ダーマ ホワイト,ルースパウダー,崩さない,フェースパウダー,トーンアップ,なめらか,フェースパウダー,"},"parent_category":[{"id":"1607","value":"フェース パウダー"},{"id":"1592","value":"メーク"}],"product_badge":null,"product_id":"39556","product_title_tag":null,"product_type":"Sized","product_url":"/product/1607/39556/--c/even-better-brightening-loose-powder-c","reviews":{"average_rating":null,"number_of_questions":null,"number_of_reviews":null},"shade_groups":null,"short_description":"半透明のフェース パウダー。瞬時に肌のトーンをアップ。肌を明るく輝かせます。ひんやりクールな使用感で、小ジワの目立たないなめらかな肌へ。","skin":null,"skin_goal":null,"skus":{"total":1,"items":[{"color_family":null,"coverage_options":null,"cross_sell":null,"display_status":7,"finish":null,"finish_options":null,"fragrances":[{"family":null,"key":null,"value":null}],"iln_listing":"シリカ・水・タルク・リン酸アスコルビルＭｇ・グリセリン・メチコン・マイカ・ＢＧ・酸化チタン・ジメチコン・クエン酸・水酸化Ｎａ・加水分解コメヌカエキス・ゲンチアナ根エキス・ウンシュウミカン果皮エキス・フェノキシエタノール・デヒドロ酢酸Ｎａ・ソルビン酸Ｋ<JILN007284>","iln_version_number":"JILN007284","inventory_status":"Active","is_active":true,"is_coming_soon":null,"is_default_sku":false,"is_discountable":true,"is_displayable":null,"is_engravable":null,"is_fragrance":null,"is_giftable":null,"is_giftwrap":false,"is_inactive":null,"is_multi_shaded":null,"is_out_of_stock":null,"is_preorder":false,"is_preorderable":null,"is_promotional":null,"is_replenishable":false,"is_search_suppressed":null,"is_searchable":true,"is_shaded":null,"is_sized":null,"is_sold_out":null,"is_under_weight_hazmat":false,"is_vto_enabled":null,"life_of_product":"Basic Reorder","material_code":"ZPY1010000","media":{"large":[{"alt":"イーブン ベター ブライトニング ルース パウダー C（化粧品）","height":1200,"position":0,"src":"/media/export/cms/products/1200x1500/cl_sku_ZPY101_1200x1500_0.png","type":"image","width":1500}],"medium":[{"alt":"イーブン ベター ブライトニング ルース パウダー C（化粧品）","height":600,"position":1,"src":"/media/export/cms/products/600x750/cl_sku_ZPY101_600x750_0.png","type":"image","width":750}],"model":null,"poster":null,"small":[{"alt":"イーブン ベター ブライトニング ルース パウダー C（化粧品）","height":1200,"position":2,"src":"/media/export/cms/products/1200x1500/cl_sku_ZPY101_1200x1500_0.png","type":"image","width":1500}],"smoosh":null,"xl":null},"out_of_stock_threshold":null,"perlgem":{"SKU_BASE_ID":68549},"preorder_date":null,"prices":[{"currency":"JPY","exclude_tax":{"original_price":6300,"original_price_formatted":"¥6,300","price":6300,"price_formatted":"¥6,300","price_per_unit":null,"price_per_unit_formatted":""},"include_tax":{"original_price":6930,"original_price_formatted":"¥6,930","price":6930,"price_formatted":"¥6,930","price_per_unit":null,"price_per_unit_formatted":""},"is_discounted":false}],"purchase_limit":null,"replenishment":{"message":null},"reviews":{"average_rating":null,"number_of_questions":null,"number_of_reviews":null},"set_components":null,"shade_groups":null,"shades":null,"sizes":[{"key":1,"value":"20g"}],"skin":{"tone":null,"type":null,"type_description":null},"sku_badge":null,"sku_badge_image":null,"sku_display_order":0,"sku_id":"ZPY101","sku_promo_messaging":null,"sku_type":"SE","sku_url":null,"tags":{"total":10,"items":[{"id":"1607","key":"フェース-パウダー","value":"フェース パウダー"},{"id":"17695","key":"gifts-for-her","value":"Gifts for her"},{"id":"17726","key":"base-makeup","value":"Base Makeup"},{"id":"1693","key":"シミソバカス","value":"シミ・ソバカス"},{"id":"18068","key":"価格別5000円","value":"価格別5000円"},{"id":"1000020","key":"スペシャルカテゴリ","value":"スペシャルカテゴリ"},{"id":"26717","key":"fy20brushset-gwp","value":"fy20brushset_gwp"},{"id":"16907","key":"even-better-makeup","value":"Even Better Makeup"},{"id":"22382","key":"ベースメーク","value":"ベースメーク"},{"id":"20524","key":"shop-the-movie-01","value":"Shop the Movie 01"}]},"texture":null,"undertone":null,"unit_of_measure":null,"unit_size":null,"unit_size_formatted":null,"upc":"020714817206","vto":{"is_color_experience":null,"is_foundation_experience":null}}]},"sub_display_name":"イーブン ベター ブライトニング ルース パウダー C（化粧品）","sub_header":null,"tags":{"total":10,"items":[{"id":"1607","key":"フェース-パウダー","parent_tag_id":"1592","product_display_order":0,"value":"フェース パウダー"},{"id":"17695","key":"gifts-for-her","parent_tag_id":"1000020","product_display_order":7,"value":"Gifts for her"},{"id":"17726","key":"base-makeup","parent_tag_id":"1592","product_display_order":19,"value":"Base Makeup"},{"id":"1693","key":"シミソバカス","parent_tag_id":"1667","product_display_order":12,"value":"シミ・ソバカス"},{"id":"18068","key":"価格別5000円","parent_tag_id":"1000020","product_display_order":8,"value":"価格別5000円"},{"id":"1000020","key":"スペシャルカテゴリ","parent_tag_id":null,"product_display_order":0,"value":"スペシャルカテゴリ"},{"id":"26717","key":"fy20brushset-gwp","parent_tag_id":"1000020","product_display_order":0,"value":"fy20brushset_gwp"},{"id":"16907","key":"even-better-makeup","parent_tag_id":"1592","product_display_order":3,"value":"Even Better Makeup"},{"id":"22382","key":"ベースメーク","parent_tag_id":"1000020","product_display_order":0,"value":"ベースメーク"},{"id":"20524","key":"shop-the-movie-01","parent_tag_id":"1000020","product_display_order":2,"value":"Shop the Movie 01"}]},"usage":[{"content":"ふたをしめたまま、容器を軽く左右に２、３回振って適量を出します。付属のブラシにパウダーを含ませ、余分な粉を落としてから顔全体につけてください。","label":"PRODUCT USAGE","type":"product_usage"},{"content":null,"label":"HOW DOES IT WORK","type":"how_does_it_work"},{"content":null,"label":"WHO IT IS FOR","type":"who_it_is_for"},{"content":null,"label":"GREAT TO KNOW","type":"great_to_know"},{"content":null,"label":"WHAT_IT_DOES","type":"what_it_does"},{"content":null,"label":"WHAT_IT_IS","type":"what_it_is"}],"objectID":"39556"},{"benefit":{"statement":null,"benefits":null},"brand":null,"collection":null,"coverage":[{"key":"medium-coverage","value":"medium_coverage"},{"key":"sheer-coverage","value":"sheer_coverage"}],"cross_sell":[{"sku_id":"ZCH501","sort_key":1},{"sku_id":"ZEK201","sort_key":2},{"sku_id":"7T5R01","sort_key":3},{"sku_id":"60MK01","sort_key":4}],"default_category":{"id":"1599","key":"ファンデーション"},"description":"Portable perfection for full-face coverage, or bare-minimum touch-ups. Creamy, moisturizing foundation stick blends easily. Builds from sheer to moderate coverage with a natural finish. Long-wearing. Oil-free.","display_mode":null,"display_name":"Chubby in the Nude&trade; Foundation Stick","display_status":1,"finish":[{"key":"natural-finish","value":"natural_finish"}],"form":[{"key":"cream-form","value":"cream_form"},{"key":"stick-form","value":"stick_form"}],"formula_type":null,"fragrance_family":null,"indexable_keywords":null,"is_hazmat":false,"is_product_coming_soon":null,"is_product_displayable":true,"is_product_searchable":true,"is_product_shoppable":false,"is_product_sold_out":null,"is_product_temporarily_out_of_stock":null,"is_search_suppressed":null,"key_ingredient":null,"media":{"large":null,"medium":null,"poster":null,"small":null,"videos":[{"position":null,"poster":{"height":null,"src":null,"width":null},"provider":null,"src":null},{"position":null,"poster":{"height":null,"src":null,"width":null},"provider":null,"src":null},{"position":null,"poster":{"height":null,"src":null,"width":null},"provider":null,"src":null}],"xl":null},"meta":{"description":null,"keywords":null},"parent_category":[{"id":"1599","value":"ファンデーション"},{"id":"1592","value":"メーク"}],"product_badge":null,"product_id":"39658","product_title_tag":null,"product_type":"Shaded","product_url":"/product/1599/39658/chubby-in-the-nude-foundation-stick/chubby-in-the-nude-foundation-stick","reviews":{"average_rating":null,"number_of_questions":null,"number_of_reviews":null},"shade_groups":null,"short_description":"Instant perfection on the go. Creamy stick foundation for full-face application and touch-ups. Oil-free.","skin":null,"skin_goal":null,"skus":{"total":2,"items":[{"color_family":[{"key":"dark-color","value":"dark_color"}],"coverage_options":null,"cross_sell":null,"display_status":1,"finish":[{"key":"natural-finish","value":"natural_finish"}],"finish_options":[{"key":"natural-finish","value":"natural_finish"}],"fragrances":[{"family":null,"key":null,"value":null}],"iln_listing":null,"iln_version_number":null,"inventory_status":"Sold Out","is_active":null,"is_coming_soon":null,"is_default_sku":false,"is_discountable":true,"is_displayable":null,"is_engravable":null,"is_fragrance":null,"is_giftable":null,"is_giftwrap":false,"is_inactive":null,"is_multi_shaded":null,"is_out_of_stock":null,"is_preorder":false,"is_preorderable":null,"is_promotional":null,"is_replenishable":false,"is_search_suppressed":null,"is_searchable":true,"is_shaded":null,"is_sized":null,"is_sold_out":true,"is_under_weight_hazmat":false,"is_vto_enabled":null,"life_of_product":"Limited life","material_code":"ZGH0100001","media":{"large":[{"alt":"Chubby in the Nude&trade; Foundation Stick","height":1200,"position":1,"src":"/media/export/cms/products/1200x1500/cl_sku_ZGH010_1200x1500_0.png","type":"image","width":1500}],"medium":[{"alt":"Chubby in the Nude&trade; Foundation Stick","height":600,"position":2,"src":"/media/export/cms/products/600x750/cl_sku_ZGH010_600x750_0.png","type":"image","width":750}],"model":null,"poster":null,"small":[{"alt":"Chubby in the Nude&trade; Foundation Stick","height":1200,"position":3,"src":"/media/export/cms/products/1200x1500/cl_sku_ZGH010_1200x1500_0.png","type":"image","width":1500}],"smoosh":[{"alt":"Chubby in the Nude&trade; Foundation Stick","height":1200,"position":0,"src":"/media/export/cms/products/1200x1500/swatches_v3/82_ns_ng.png","type":"image","width":1500}],"xl":null},"out_of_stock_threshold":null,"perlgem":{"SKU_BASE_ID":68706},"preorder_date":null,"prices":[{"currency":"JPY","exclude_tax":{"original_price":24,"original_price_formatted":"¥24","price":24,"price_formatted":"¥24","price_per_unit":null,"price_per_unit_formatted":""},"include_tax":{"original_price":26,"original_price_formatted":"¥26","price":26,"price_formatted":"¥26","price_per_unit":null,"price_per_unit_formatted":""},"is_discounted":false}],"purchase_limit":null,"replenishment":{"message":null},"reviews":{"average_rating":null,"number_of_questions":null,"number_of_reviews":null},"set_components":null,"shade_groups":null,"shades":[{"description":"","hex_val":"#8E5230","image":{"height":null,"src":"","width":null},"name":"Clove","smoosh_design":{"group_id":null,"name":"82::none::none"}}],"sizes":[{"key":1,"value":null}],"skin":{"tone":null,"type":[{"key":"very-dry-skintype","value":"very_dry_skintype"},{"key":"combination-skintype","value":"combination_skintype"},{"key":"dry-skintype","value":"dry_skintype"},{"key":"oily-skintype","value":"oily_skintype"},{"key":"normal-skintype","value":"normal_skintype"}],"type_description":null},"sku_badge":null,"sku_badge_image":null,"sku_display_order":0,"sku_id":"ZGH010","sku_promo_messaging":null,"sku_type":"SE","sku_url":null,"tags":{"total":4,"items":[{"id":"27172","key":"day5flashsale","value":"Day5FlashSale"},{"id":"27174","key":"day7flashsale","value":"Day7FlashSale"},{"id":"1599","key":"ファンデーション","value":"ファンデーション"},{"id":"27171","key":"day4flashsale","value":"Day4FlashSale"}]},"texture":null,"undertone":[{"key":"cool-undertone","value":"cool_undertone"},{"key":"warm-undertone","value":"warm_undertone"}],"unit_of_measure":null,"unit_size":null,"unit_size_formatted":null,"upc":"020714755447","vto":{"is_color_experience":null,"is_foundation_experience":null}},{"color_family":[{"key":"dark-color","value":"dark_color"}],"coverage_options":null,"cross_sell":null,"display_status":1,"finish":[{"key":"natural-finish","value":"natural_finish"}],"finish_options":[{"key":"natural-finish","value":"natural_finish"}],"fragrances":[{"family":null,"key":null,"value":null}],"iln_listing":null,"iln_version_number":null,"inventory_status":"Sold Out","is_active":null,"is_coming_soon":null,"is_default_sku":false,"is_discountable":true,"is_displayable":null,"is_engravable":null,"is_fragrance":null,"is_giftable":null,"is_giftwrap":false,"is_inactive":null,"is_multi_shaded":null,"is_out_of_stock":null,"is_preorder":false,"is_preorderable":null,"is_promotional":null,"is_replenishable":false,"is_search_suppressed":null,"is_searchable":true,"is_shaded":null,"is_sized":null,"is_sold_out":true,"is_under_weight_hazmat":false,"is_vto_enabled":null,"life_of_product":"Basic Reorder","material_code":"ZGH0090001","media":{"large":[{"alt":"Chubby in the Nude&trade; Foundation Stick","height":1200,"position":1,"src":"/media/export/cms/products/1200x1500/cl_sku_ZGH009_1200x1500_0.png","type":"image","width":1500}],"medium":[{"alt":"Chubby in the Nude&trade; Foundation Stick","height":600,"position":2,"src":"/media/export/cms/products/600x750/cl_sku_ZGH009_600x750_0.png","type":"image","width":750}],"model":null,"poster":null,"small":[{"alt":"Chubby in the Nude&trade; Foundation Stick","height":1200,"position":3,"src":"/media/export/cms/products/1200x1500/cl_sku_ZGH009_1200x1500_0.png","type":"image","width":1500}],"smoosh":[{"alt":"Chubby in the Nude&trade; Foundation Stick","height":1200,"position":0,"src":"/media/export/cms/products/1200x1500/swatches_v3/82_ns_ng.png","type":"image","width":1500}],"xl":null},"out_of_stock_threshold":null,"perlgem":{"SKU_BASE_ID":68704},"preorder_date":null,"prices":[{"currency":"JPY","exclude_tax":{"original_price":24,"original_price_formatted":"¥24","price":24,"price_formatted":"¥24","price_per_unit":null,"price_per_unit_formatted":""},"include_tax":{"original_price":26,"original_price_formatted":"¥26","price":26,"price_formatted":"¥26","price_per_unit":null,"price_per_unit_formatted":""},"is_discounted":false}],"purchase_limit":null,"replenishment":{"message":null},"reviews":{"average_rating":null,"number_of_questions":null,"number_of_reviews":null},"set_components":null,"shade_groups":null,"shades":[{"description":"","hex_val":"#995c27","image":{"height":null,"src":"","width":null},"name":"Amber","smoosh_design":{"group_id":null,"name":"82::none::none"}}],"sizes":[{"key":1,"value":null}],"skin":{"tone":null,"type":[{"key":"very-dry-skintype","value":"very_dry_skintype"},{"key":"combination-skintype","value":"combination_skintype"},{"key":"dry-skintype","value":"dry_skintype"},{"key":"oily-skintype","value":"oily_skintype"},{"key":"normal-skintype","value":"normal_skintype"}],"type_description":null},"sku_badge":null,"sku_badge_image":null,"sku_display_order":0,"sku_id":"ZGH009","sku_promo_messaging":null,"sku_type":"SE","sku_url":null,"tags":{"total":4,"items":[{"id":"27172","key":"day5flashsale","value":"Day5FlashSale"},{"id":"27174","key":"day7flashsale","value":"Day7FlashSale"},{"id":"1599","key":"ファンデーション","value":"ファンデーション"},{"id":"27171","key":"day4flashsale","value":"Day4FlashSale"}]},"texture":null,"undertone":[{"key":"cool-undertone","value":"cool_undertone"},{"key":"warm-undertone","value":"warm_undertone"}],"unit_of_measure":null,"unit_size":null,"unit_size_formatted":null,"upc":"020714755430","vto":{"is_color_experience":null,"is_foundation_experience":null}}]},"sub_display_name":null,"sub_header":null,"tags":{"total":4,"items":[{"id":"27172","key":"day5flashsale","parent_tag_id":"1590","product_display_order":89,"value":"Day5FlashSale"},{"id":"27174","key":"day7flashsale","parent_tag_id":"1590","product_display_order":0,"value":"Day7FlashSale"},{"id":"1599","key":"ファンデーション","parent_tag_id":"1592","product_display_order":30,"value":"ファンデーション"},{"id":"27171","key":"day4flashsale","parent_tag_id":"1590","product_display_order":0,"value":"Day4FlashSale"}]},"usage":[{"content":"<ul><li>Draw several strokes of foundation across the forehead, cheeks, chin and down the bridge of nose.</li></ul>For sheerer coverage, fingertip-blend to a seamless finish.</li></ul>For moderate coverage, use Clinique's Buff Brush to buff foundation into skin using light, circular motions.</li></ul>","label":"PRODUCT USAGE","type":"product_usage"},{"content":null,"label":"HOW DOES IT WORK","type":"how_does_it_work"},{"content":null,"label":"WHO IT IS FOR","type":"who_it_is_for"},{"content":null,"label":"GREAT TO KNOW","type":"great_to_know"},{"content":null,"label":"WHAT_IT_DOES","type":"what_it_does"},{"content":null,"label":"WHAT_IT_IS","type":"what_it_is"}],"objectID":"39658"},{"benefit":{"statement":null,"benefits":null},"brand":null,"collection":null,"coverage":null,"cross_sell":null,"default_category":{"id":"1608","key":"メークツール"},"description":"ファンデーション用ブラシ。リキッド、パウダリー、クリームなどあらゆるファンデーションを美しく仕上げます。","display_mode":null,"display_name":"バフ ブラシ","display_status":7,"finish":null,"form":null,"formula_type":null,"fragrance_family":null,"indexable_keywords":null,"is_hazmat":false,"is_product_coming_soon":null,"is_product_displayable":true,"is_product_searchable":true,"is_product_shoppable":true,"is_product_sold_out":null,"is_product_temporarily_out_of_stock":null,"is_search_suppressed":null,"key_ingredient":null,"media":{"large":null,"medium":null,"poster":null,"small":null,"videos":[{"position":null,"poster":{"height":null,"src":null,"width":null},"provider":null,"src":null},{"position":null,"poster":{"height":null,"src":null,"width":null},"provider":null,"src":null},{"position":null,"poster":{"height":null,"src":null,"width":null},"provider":null,"src":null}],"xl":null},"meta":{"description":null,"keywords":null},"parent_category":[{"id":"1608","value":"メークツール"},{"id":"1592","value":"メーク"}],"product_badge":null,"product_id":"39687","product_title_tag":null,"product_type":"Other","product_url":"/product/1608/39687/foundation-buff-brush","reviews":{"average_rating":null,"number_of_questions":null,"number_of_reviews":null},"shade_groups":null,"short_description":"ファンデーション用ブラシ。リキッド、パウダリー、クリームなどあらゆるファンデーションを美しく仕上げます。","skin":null,"skin_goal":null,"skus":{"total":1,"items":[{"color_family":null,"coverage_options":null,"cross_sell":null,"display_status":7,"finish":null,"finish_options":null,"fragrances":[{"family":null,"key":null,"value":null}],"iln_listing":null,"iln_version_number":null,"inventory_status":"Active","is_active":true,"is_coming_soon":null,"is_default_sku":false,"is_discountable":true,"is_displayable":null,"is_engravable":null,"is_fragrance":null,"is_giftable":null,"is_giftwrap":false,"is_inactive":null,"is_multi_shaded":null,"is_out_of_stock":null,"is_preorder":false,"is_preorderable":null,"is_promotional":null,"is_replenishable":false,"is_search_suppressed":null,"is_searchable":true,"is_shaded":null,"is_sized":null,"is_sold_out":null,"is_under_weight_hazmat":false,"is_vto_enabled":null,"life_of_product":"Basic Reorder","material_code":"ZWJF010001","media":{"large":[{"alt":"バフ ブラシ","height":1200,"position":0,"src":"/media/export/cms/products/1200x1500/cl_sku_ZWJF01_1200x1500_0.png","type":"image","width":1500}],"medium":[{"alt":"バフ ブラシ","height":600,"position":1,"src":"/media/export/cms/products/600x750/cl_sku_ZWJF01_600x750_0.png","type":"image","width":750}],"model":null,"poster":null,"small":[{"alt":"バフ ブラシ","height":1200,"position":2,"src":"/media/export/cms/products/1200x1500/cl_sku_ZWJF01_1200x1500_0.png","type":"image","width":1500}],"smoosh":null,"xl":null},"out_of_stock_threshold":null,"perlgem":{"SKU_BASE_ID":68710},"preorder_date":null,"prices":[{"currency":"JPY","exclude_tax":{"original_price":4800,"original_price_formatted":"¥4,800","price":4800,"price_formatted":"¥4,800","price_per_unit":null,"price_per_unit_formatted":""},"include_tax":{"original_price":5280,"original_price_formatted":"¥5,280","price":5280,"price_formatted":"¥5,280","price_per_unit":null,"price_per_unit_formatted":""},"is_discounted":false}],"purchase_limit":null,"replenishment":{"message":null},"reviews":{"average_rating":null,"number_of_questions":null,"number_of_reviews":null},"set_components":null,"shade_groups":null,"shades":null,"sizes":[{"key":1,"value":null}],"skin":{"tone":null,"type":null,"type_description":null},"sku_badge":null,"sku_badge_image":null,"sku_display_order":0,"sku_id":"ZWJF01","sku_promo_messaging":null,"sku_type":"SE","sku_url":null,"tags":{"total":7,"items":[{"id":"1608","key":"メークツール","value":"メークツール"},{"id":"25565","key":"justarrivednew","value":"justarrivednew"},{"id":"1599","key":"ファンデーション","value":"ファンデーション"},{"id":"27172","key":"day5flashsale","value":"Day5FlashSale"},{"id":"12518","key":"face-brushes","value":"Face Brushes"},{"id":"27170","key":"day3flashsale","value":"Day3FlashSale"},{"id":"27174","key":"day7flashsale","value":"Day7FlashSale"}]},"texture":null,"undertone":null,"unit_of_measure":null,"unit_size":null,"unit_size_formatted":null,"upc":"020714838928","vto":{"is_color_experience":null,"is_foundation_experience":null}}]},"sub_display_name":"バフ ブラシ","sub_header":null,"tags":{"total":7,"items":[{"id":"1608","key":"メークツール","parent_tag_id":"1592","product_display_order":1,"value":"メークツール"},{"id":"25565","key":"justarrivednew","parent_tag_id":null,"product_display_order":2,"value":"justarrivednew"},{"id":"1599","key":"ファンデーション","parent_tag_id":"1592","product_display_order":52,"value":"ファンデーション"},{"id":"27172","key":"day5flashsale","parent_tag_id":"1590","product_display_order":112,"value":"Day5FlashSale"},{"id":"12518","key":"face-brushes","parent_tag_id":"1608","product_display_order":0,"value":"Face Brushes"},{"id":"27170","key":"day3flashsale","parent_tag_id":"1590","product_display_order":0,"value":"Day3FlashSale"},{"id":"27174","key":"day7flashsale","parent_tag_id":"1590","product_display_order":0,"value":"Day7FlashSale"}]},"usage":[{"content":null,"label":"PRODUCT USAGE","type":"product_usage"},{"content":null,"label":"HOW DOES IT WORK","type":"how_does_it_work"},{"content":null,"label":"WHO IT IS FOR","type":"who_it_is_for"},{"content":null,"label":"GREAT TO KNOW","type":"great_to_know"},{"content":null,"label":"WHAT_IT_DOES","type":"what_it_does"},{"content":null,"label":"WHAT_IT_IS","type":"what_it_is"}],"objectID":"39687"},{"benefit":{"statement":null,"benefits":null},"brand":null,"collection":null,"coverage":null,"cross_sell":null,"default_category":{"id":"1598","key":"アイシャドウ"},"description":"粉っぽさのないポップなカラーが魅力の、シルキーな質感のアイシャドウ。重ね付けやブレンドすることで、簡単にお好みの濃さに調節できます。コンタクトレンズ装用者や目元がデリケートな方もOK。","display_mode":null,"display_name":"リッド ポップ","display_status":7,"finish":null,"form":null,"formula_type":null,"fragrance_family":null,"indexable_keywords":[{"value":"アイシャドウ"},{"value":"ガーベラ"},{"value":"花"},{"value":"軽い"},{"value":"透明感"},{"value":"鮮やか"},{"value":"目もと"},{"value":"アイメーク"}],"is_hazmat":false,"is_product_coming_soon":null,"is_product_displayable":true,"is_product_searchable":true,"is_product_shoppable":true,"is_product_sold_out":null,"is_product_temporarily_out_of_stock":null,"is_search_suppressed":null,"key_ingredient":null,"media":{"large":null,"medium":null,"poster":null,"small":null,"videos":[{"position":null,"poster":{"height":null,"src":null,"width":null},"provider":null,"src":null},{"position":null,"poster":{"height":null,"src":null,"width":null},"provider":null,"src":null},{"position":null,"poster":{"height":null,"src":null,"width":null},"provider":null,"src":null}],"xl":null},"meta":{"description":null,"keywords":"アイシャドウ,ガーベラ,花,軽い,透明感,鮮やか,目もと,アイメーク"},"parent_category":[{"id":"1598","value":"アイシャドウ"},{"id":"1592","value":"メーク"}],"product_badge":null,"product_id":"39911","product_title_tag":null,"product_type":"Shaded","product_url":"/product/1598/39911/lid-pop","reviews":{"average_rating":null,"number_of_questions":null,"number_of_reviews":null},"shade_groups":null,"short_description":"粉っぽさのないポップなカラーが魅力の、シルキーな質感のアイシャドウ。重ね付けやブレンドすることで、簡単にお好みの濃さに調節できます。コンタクトレンズ装用者や目元がデリケートな方もOK。","skin":null,"skin_goal":null,"skus":{"total":1,"items":[{"color_family":null,"coverage_options":null,"cross_sell":null,"display_status":7,"finish":null,"finish_options":null,"fragrances":[{"family":null,"key":null,"value":null}],"iln_listing":"エチルヘキサン酸セテアリル・（ＨＤＩ／トリメチロールヘキシルラクトン）クロスポリマー・スクワラン・グリセリン・ジメチコン・エチルヘキシルグリセリン・カプリリルグリコール・ポリソルベート２０・１，２－ヘキサンジオール・トチャカエキス・テトラ（ジ－ｔ－ブチルヒドロキシヒドロケイヒ酸）ペンタエリスリチル・シリカ・ナイロン－１２　＋／－　マイカ・酸化チタン・ステアリン酸亜鉛・カルミン・酸化スズ<JILN7306>","iln_version_number":"JILN7306","inventory_status":"Active","is_active":true,"is_coming_soon":null,"is_default_sku":false,"is_discountable":true,"is_displayable":null,"is_engravable":null,"is_fragrance":null,"is_giftable":null,"is_giftwrap":false,"is_inactive":null,"is_multi_shaded":null,"is_out_of_stock":null,"is_preorder":false,"is_preorderable":null,"is_promotional":null,"is_replenishable":false,"is_search_suppressed":null,"is_searchable":true,"is_shaded":null,"is_sized":null,"is_sold_out":null,"is_under_weight_hazmat":false,"is_vto_enabled":null,"life_of_product":"Basic Reorder","material_code":"ZKJT080001","media":{"large":[{"alt":"リッド ポップ","height":1200,"position":1,"src":"/media/export/cms/products/1200x1500/cl_sku_ZKJT08_1200x1500_0.png","type":"image","width":1500}],"medium":[{"alt":"リッド ポップ","height":600,"position":2,"src":"/media/export/cms/products/600x750/cl_sku_ZKJT08_600x750_0.png","type":"image","width":750}],"model":null,"poster":null,"small":[{"alt":"リッド ポップ","height":1200,"position":3,"src":"/media/export/cms/products/1200x1500/cl_sku_ZKJT08_1200x1500_0.png","type":"image","width":1500}],"smoosh":[{"alt":"リッド ポップ","height":1200,"position":0,"src":"/media/export/cms/products/1200x1500/swatches_v3/32_ns_ng.png","type":"image","width":1500}],"xl":null},"out_of_stock_threshold":null,"perlgem":{"SKU_BASE_ID":69080},"preorder_date":null,"prices":[{"currency":"JPY","exclude_tax":{"original_price":2800,"original_price_formatted":"¥2,800","price":2800,"price_formatted":"¥2,800","price_per_unit":null,"price_per_unit_formatted":""},"include_tax":{"original_price":3080,"original_price_formatted":"¥3,080","price":3080,"price_formatted":"¥3,080","price_per_unit":null,"price_per_unit_formatted":""},"is_discounted":false}],"purchase_limit":null,"replenishment":{"message":null},"reviews":{"average_rating":null,"number_of_questions":null,"number_of_reviews":null},"set_components":null,"shade_groups":null,"shades":[{"description":"","hex_val":"#f5939a","image":{"height":null,"src":"","width":null},"name":"08 ペタル ポップ","smoosh_design":{"group_id":null,"name":"32::none::none"}}],"sizes":[{"key":1,"value":"2g"}],"skin":{"tone":null,"type":null,"type_description":null},"sku_badge":null,"sku_badge_image":null,"sku_display_order":4,"sku_id":"ZKJT08","sku_promo_messaging":null,"sku_type":"SE","sku_url":null,"tags":{"total":6,"items":[{"id":"18067","key":"価格別2200円","value":"価格別2200円"},{"id":"16760","key":"clinique-pop-series","value":"Clinique Pop Series"},{"id":"18453","key":"plus1","value":"Plus1"},{"id":"16916","key":"gift-ideas-for-events","value":"Gift Ideas for Events"},{"id":"17695","key":"gifts-for-her","value":"Gifts for her"},{"id":"1598","key":"アイシャドウ","value":"アイシャドウ"}]},"texture":null,"undertone":null,"unit_of_measure":null,"unit_size":null,"unit_size_formatted":null,"upc":"020714781347","vto":{"is_color_experience":null,"is_foundation_experience":null}}]},"sub_display_name":"リッド ポップ","sub_header":null,"tags":{"total":7,"items":[{"id":"18067","key":"価格別2200円","parent_tag_id":"1000020","product_display_order":6,"value":"価格別2200円"},{"id":"20850","key":"shop-the-movie-03","parent_tag_id":"1000020","product_display_order":2,"value":"Shop the Movie 03"},{"id":"16760","key":"clinique-pop-series","parent_tag_id":"1592","product_display_order":3,"value":"Clinique Pop Series"},{"id":"18453","key":"plus1","parent_tag_id":null,"product_display_order":10,"value":"Plus1"},{"id":"16916","key":"gift-ideas-for-events","parent_tag_id":"1000020","product_display_order":24,"value":"Gift Ideas for Events"},{"id":"17695","key":"gifts-for-her","parent_tag_id":"1000020","product_display_order":16,"value":"Gifts for her"},{"id":"1598","key":"アイシャドウ","parent_tag_id":"1592","product_display_order":0,"value":"アイシャドウ"}]},"usage":[{"content":"クリニークのアイ シャドウ ブラシで&#039;sまぶたに塗り広げてお使いください。ブレンドしたり、重ねたりすることで奥行きのあるカラーをお楽しみいただけます。アクセントカラーとして、まぶたにのせたり、アイライナーや眉骨のすぐ下にもお使いいただけます。","label":"PRODUCT USAGE","type":"product_usage"},{"content":null,"label":"HOW DOES IT WORK","type":"how_does_it_work"},{"content":null,"label":"WHO IT IS FOR","type":"who_it_is_for"},{"content":null,"label":"GREAT TO KNOW","type":"great_to_know"},{"content":null,"label":"WHAT_IT_DOES","type":"what_it_does"},{"content":null,"label":"WHAT_IT_IS","type":"what_it_is"}],"objectID":"39911"},{"benefit":{"statement":null,"benefits":null},"brand":null,"collection":null,"coverage":null,"cross_sell":[{"sku_id":"7P9C01","sort_key":1},{"sku_id":"7T0401","sort_key":2},{"sku_id":"ZJNT01","sort_key":3},{"sku_id":"6CY401","sort_key":4},{"sku_id":"ZKJT08","sort_key":5}],"default_category":{"id":"1599","key":"ファンデーション"},"description":"パウダリー ファンデーションに高機能 潤い化粧水のチカラを。<BR>ローションにつつまれたパウダーだから、すっと伸びて、ピタッ！とリキッド級の密着度。しっとり、なのにルースパウダーみたいに軽やか。潤いヴェールを まとったように、均一で澄んだ肌に仕上げます。<BR>SPF27/PA++++<BR><P></P>","display_mode":null,"display_name":"イーブン ベター パウダー メークアップ ウォーター ヴェール 27 リフィル","display_status":7,"finish":null,"form":null,"formula_type":null,"fragrance_family":null,"indexable_keywords":[{"value":"パウダリー ファンデーション"},{"value":"化粧水"},{"value":"ローション"},{"value":"透明肌"},{"value":"均一"},{"value":"美肌"},{"value":"密着"},{"value":"軽い"},{"value":"秘密のヴェール"},{"value":"さらさら"},{"value":"Even"},{"value":"Even Better"},{"value":"イーブン ベター"},{"value":"イーブン"},{"value":"イーブンベター"}],"is_hazmat":false,"is_product_coming_soon":null,"is_product_displayable":true,"is_product_searchable":true,"is_product_shoppable":true,"is_product_sold_out":null,"is_product_temporarily_out_of_stock":null,"is_search_suppressed":null,"key_ingredient":null,"media":{"large":null,"medium":null,"poster":null,"small":null,"videos":[{"position":null,"poster":{"height":null,"src":null,"width":null},"provider":"YouTube","src":null},{"position":null,"poster":{"height":null,"src":null,"width":null},"provider":"YouTube","src":null},{"position":null,"poster":{"height":null,"src":null,"width":null},"provider":"YouTube","src":null}],"xl":null},"meta":{"description":null,"keywords":"パウダリー ファンデーション,化粧水,ローション,透明肌,均一,美肌,密着,軽い,秘密のヴェール,さらさら"},"parent_category":[{"id":"1599","value":"ファンデーション"},{"id":"1592","value":"メーク"}],"product_badge":null,"product_id":"40397","product_title_tag":null,"product_type":"Shaded","product_url":"/product/1599/40397/---27/new-even-better-powder-makeup-veli-spf27pa","reviews":{"average_rating":null,"number_of_questions":null,"number_of_reviews":null},"shade_groups":null,"short_description":"パウダリー ファンデーションに高機能 潤い化粧水のチカラを。<BR>ローションにつつまれたパウダーだから、すっと伸びて、ピタッ！とリキッド級の密着度。しっとり、なのにルースパウダーみたいに軽やか。潤いヴェールを まとったように、均一で澄んだ肌に仕上げます。<BR>SPF27/PA++++<BR>","skin":null,"skin_goal":null,"skus":{"total":8,"items":[{"color_family":null,"coverage_options":null,"cross_sell":null,"display_status":7,"finish":null,"finish_options":null,"fragrances":[{"family":null,"key":null,"value":null}],"iln_listing":"合成金雲母・合成金雲母鉄・窒化ホウ素・（ＨＤＩ／ＰＰＧ／ポリカプロラクトン）クロスポリマー・ナイロン－１２・メトキシケイヒ酸エチルヘキシル・ジメチコン・セスキイソステアリン酸ソルビタン・ステアリン酸・リンゴ酸ジイソステアリル・水酸化Ａｌ・水・エチルヘキシルグリセリン・カプリル酸グリセリル・ハイドロゲンジメチコン・シリカ・トコフェロール・ビスＰＥＧ－１８メチルエーテルジメチルシラン・グリセリン・ＢＧ・ペンチレングリコール・トレハロース・アルゲエキス・アセチルグルコサミン・スクロース・チャ葉エキス・サッカロミセス培養液・ホホバエステル・ＰＥＧ－３２・カプリリルグリコール・ＰＥＧ－６・カフェイン・（アクリル酸／アクリル酸アルキル（Ｃ１０ー３０））コポリマー・スクワラン・スイカ果実エキス・ポリソルベート２０・デキストリン・リンゴエキス・ヒラマメ果実エキス・セタノール・ＥＤＴＡ－２Ｎａ・ステアリン酸グリセリル・ヘキシレングリコール・ヒアルロン酸Ｎａ・水酸化Ｎａ・オオムギエキス・コムギ胚芽エキス・乳酸Ｎａ・ヒドロキシエチルセルロース・クエン酸・キュウリ果実エキス・クエン酸Ｎａ・アルテミアエキス・ＰＣＡ－Ｎａ・オキナワモズクエキス・タマリンド種子エキス・エルゴチオネイン・ビオチン・オウゴン根エキス・フェノキシエタノール・ソルビン酸Ｋ・安息香酸Ｎａ　＋／－　マイカ・酸化チタン・酸化鉄<JILN7263>","iln_version_number":"JILN7263","inventory_status":"Active","is_active":true,"is_coming_soon":null,"is_default_sku":false,"is_discountable":true,"is_displayable":null,"is_engravable":null,"is_fragrance":null,"is_giftable":null,"is_giftwrap":false,"is_inactive":null,"is_multi_shaded":null,"is_out_of_stock":null,"is_preorder":false,"is_preorderable":null,"is_promotional":null,"is_replenishable":false,"is_search_suppressed":null,"is_searchable":true,"is_shaded":null,"is_sized":null,"is_sold_out":null,"is_under_weight_hazmat":false,"is_vto_enabled":null,"life_of_product":"Basic Reorder","material_code":"ZGTY616000","media":{"large":[{"alt":"イーブン ベター パウダー メークアップ ウォーター ヴェール 27 リフィル","height":1200,"position":1,"src":"/media/export/cms/products/1200x1500/cl_sku_ZGTY61_1200x1500_0.png","type":"image","width":1500}],"medium":[{"alt":"イーブン ベター パウダー メークアップ ウォーター ヴェール 27 リフィル","height":600,"position":2,"src":"/media/export/cms/products/600x750/cl_sku_ZGTY61_600x750_0.png","type":"image","width":750}],"model":null,"poster":null,"small":[{"alt":"イーブン ベター パウダー メークアップ ウォーター ヴェール 27 リフィル","height":1200,"position":3,"src":"/media/export/cms/products/1200x1500/cl_sku_ZGTY61_1200x1500_0.png","type":"image","width":1500}],"smoosh":[{"alt":"イーブン ベター パウダー メークアップ ウォーター ヴェール 27 リフィル","height":1200,"position":0,"src":"/media/export/cms/products/1200x1500/swatches_v3/02_ns_ng.png","type":"image","width":1500}],"xl":null},"out_of_stock_threshold":null,"perlgem":{"SKU_BASE_ID":69692},"preorder_date":null,"prices":[{"currency":"JPY","exclude_tax":{"original_price":4800,"original_price_formatted":"¥4,800","price":4800,"price_formatted":"¥4,800","price_per_unit":null,"price_per_unit_formatted":""},"include_tax":{"original_price":5280,"original_price_formatted":"¥5,280","price":5280,"price_formatted":"¥5,280","price_per_unit":null,"price_per_unit_formatted":""},"is_discounted":false}],"purchase_limit":null,"replenishment":{"message":null},"reviews":{"average_rating":null,"number_of_questions":null,"number_of_reviews":null},"set_components":null,"shade_groups":null,"shades":[{"description":"","hex_val":"#F6D5BF","image":{"height":null,"src":"","width":null},"name":"61 アイボリー","smoosh_design":{"group_id":null,"name":"02::none::none"}}],"sizes":[{"key":1,"value":"10g"}],"skin":{"tone":null,"type":null,"type_description":null},"sku_badge":null,"sku_badge_image":null,"sku_display_order":0,"sku_id":"ZGTY61","sku_promo_messaging":null,"sku_type":"SE","sku_url":null,"tags":{"total":7,"items":[{"id":"1000020","key":"スペシャルカテゴリ","value":"スペシャルカテゴリ"},{"id":"16907","key":"even-better-makeup","value":"Even Better Makeup"},{"id":"1599","key":"ファンデーション","value":"ファンデーション"},{"id":"17726","key":"base-makeup","value":"Base Makeup"},{"id":"25943","key":"foundation-fy20spring-set-refill","value":"foundation_fy20spring_set_refill"},{"id":"1693","key":"シミソバカス","value":"シミ・ソバカス"},{"id":"1659","key":"ボディサンケア","value":"ボディ＆サンケア"}]},"texture":null,"undertone":null,"unit_of_measure":null,"unit_size":null,"unit_size_formatted":null,"upc":"020714758851","vto":{"is_color_experience":null,"is_foundation_experience":null}},{"color_family":null,"coverage_options":null,"cross_sell":null,"display_status":7,"finish":null,"finish_options":null,"fragrances":[{"family":null,"key":null,"value":null}],"iln_listing":"合成金雲母・合成金雲母鉄・窒化ホウ素・（ＨＤＩ／ＰＰＧ／ポリカプロラクトン）クロスポリマー・ナイロン－１２・メトキシケイヒ酸エチルヘキシル・ジメチコン・セスキイソステアリン酸ソルビタン・ステアリン酸・リンゴ酸ジイソステアリル・水酸化Ａｌ・水・エチルヘキシルグリセリン・カプリル酸グリセリル・ハイドロゲンジメチコン・シリカ・トコフェロール・ビスＰＥＧ－１８メチルエーテルジメチルシラン・グリセリン・ＢＧ・ペンチレングリコール・トレハロース・アルゲエキス・アセチルグルコサミン・スクロース・チャ葉エキス・サッカロミセス培養液・ホホバエステル・ＰＥＧ－３２・カプリリルグリコール・ＰＥＧ－６・カフェイン・（アクリル酸／アクリル酸アルキル（Ｃ１０ー３０））コポリマー・スクワラン・スイカ果実エキス・ポリソルベート２０・デキストリン・リンゴエキス・ヒラマメ果実エキス・セタノール・ＥＤＴＡ－２Ｎａ・ステアリン酸グリセリル・ヘキシレングリコール・ヒアルロン酸Ｎａ・水酸化Ｎａ・オオムギエキス・コムギ胚芽エキス・乳酸Ｎａ・ヒドロキシエチルセルロース・クエン酸・キュウリ果実エキス・クエン酸Ｎａ・アルテミアエキス・ＰＣＡ－Ｎａ・オキナワモズクエキス・タマリンド種子エキス・エルゴチオネイン・ビオチン・オウゴン根エキス・フェノキシエタノール・ソルビン酸Ｋ・安息香酸Ｎａ　＋／－　マイカ・酸化チタン・酸化鉄<JILN7263>","iln_version_number":"JILN7263","inventory_status":"Active","is_active":true,"is_coming_soon":null,"is_default_sku":false,"is_discountable":true,"is_displayable":null,"is_engravable":null,"is_fragrance":null,"is_giftable":null,"is_giftwrap":false,"is_inactive":null,"is_multi_shaded":null,"is_out_of_stock":null,"is_preorder":false,"is_preorderable":null,"is_promotional":null,"is_replenishable":false,"is_search_suppressed":null,"is_searchable":true,"is_shaded":null,"is_sized":null,"is_sold_out":null,"is_under_weight_hazmat":false,"is_vto_enabled":null,"life_of_product":"Basic Reorder","material_code":"ZGTY626000","media":{"large":[{"alt":"イーブン ベター パウダー メークアップ ウォーター ヴェール 27 リフィル","height":1200,"position":1,"src":"/media/export/cms/products/1200x1500/cl_sku_ZGTY62_1200x1500_0.png","type":"image","width":1500}],"medium":[{"alt":"イーブン ベター パウダー メークアップ ウォーター ヴェール 27 リフィル","height":600,"position":2,"src":"/media/export/cms/products/600x750/cl_sku_ZGTY62_600x750_0.png","type":"image","width":750}],"model":null,"poster":null,"small":[{"alt":"イーブン ベター パウダー メークアップ ウォーター ヴェール 27 リフィル","height":1200,"position":3,"src":"/media/export/cms/products/1200x1500/cl_sku_ZGTY62_1200x1500_0.png","type":"image","width":1500}],"smoosh":[{"alt":"イーブン ベター パウダー メークアップ ウォーター ヴェール 27 リフィル","height":1200,"position":0,"src":"/media/export/cms/products/1200x1500/swatches_v3/02_ns_ng.png","type":"image","width":1500}],"xl":null},"out_of_stock_threshold":null,"perlgem":{"SKU_BASE_ID":69693},"preorder_date":null,"prices":[{"currency":"JPY","exclude_tax":{"original_price":4800,"original_price_formatted":"¥4,800","price":4800,"price_formatted":"¥4,800","price_per_unit":null,"price_per_unit_formatted":""},"include_tax":{"original_price":5280,"original_price_formatted":"¥5,280","price":5280,"price_formatted":"¥5,280","price_per_unit":null,"price_per_unit_formatted":""},"is_discounted":false}],"purchase_limit":null,"replenishment":{"message":null},"reviews":{"average_rating":null,"number_of_questions":null,"number_of_reviews":null},"set_components":null,"shade_groups":null,"shades":[{"description":"","hex_val":"#FDD2BC","image":{"height":null,"src":"","width":null},"name":"62 ローズ ベージュ","smoosh_design":{"group_id":null,"name":"02::none::none"}}],"sizes":[{"key":1,"value":"10g"}],"skin":{"tone":null,"type":null,"type_description":null},"sku_badge":null,"sku_badge_image":null,"sku_display_order":1,"sku_id":"ZGTY62","sku_promo_messaging":null,"sku_type":"SE","sku_url":null,"tags":{"total":7,"items":[{"id":"1000020","key":"スペシャルカテゴリ","value":"スペシャルカテゴリ"},{"id":"16907","key":"even-better-makeup","value":"Even Better Makeup"},{"id":"1599","key":"ファンデーション","value":"ファンデーション"},{"id":"17726","key":"base-makeup","value":"Base Makeup"},{"id":"25943","key":"foundation-fy20spring-set-refill","value":"foundation_fy20spring_set_refill"},{"id":"1693","key":"シミソバカス","value":"シミ・ソバカス"},{"id":"1659","key":"ボディサンケア","value":"ボディ＆サンケア"}]},"texture":null,"undertone":null,"unit_of_measure":null,"unit_size":null,"unit_size_formatted":null,"upc":"020714758868","vto":{"is_color_experience":null,"is_foundation_experience":null}},{"color_family":null,"coverage_options":null,"cross_sell":null,"display_status":7,"finish":null,"finish_options":null,"fragrances":[{"family":null,"key":null,"value":null}],"iln_listing":"合成金雲母・合成金雲母鉄・窒化ホウ素・（ＨＤＩ／ＰＰＧ／ポリカプロラクトン）クロスポリマー・ナイロン－１２・メトキシケイヒ酸エチルヘキシル・ジメチコン・セスキイソステアリン酸ソルビタン・ステアリン酸・リンゴ酸ジイソステアリル・水酸化Ａｌ・水・エチルヘキシルグリセリン・カプリル酸グリセリル・ハイドロゲンジメチコン・シリカ・トコフェロール・ビスＰＥＧ－１８メチルエーテルジメチルシラン・グリセリン・ＢＧ・ペンチレングリコール・トレハロース・アルゲエキス・アセチルグルコサミン・スクロース・チャ葉エキス・サッカロミセス培養液・ホホバエステル・ＰＥＧ－３２・カプリリルグリコール・ＰＥＧ－６・カフェイン・（アクリル酸／アクリル酸アルキル（Ｃ１０ー３０））コポリマー・スクワラン・スイカ果実エキス・ポリソルベート２０・デキストリン・リンゴエキス・ヒラマメ果実エキス・セタノール・ＥＤＴＡ－２Ｎａ・ステアリン酸グリセリル・ヘキシレングリコール・ヒアルロン酸Ｎａ・水酸化Ｎａ・オオムギエキス・コムギ胚芽エキス・乳酸Ｎａ・ヒドロキシエチルセルロース・クエン酸・キュウリ果実エキス・クエン酸Ｎａ・アルテミアエキス・ＰＣＡ－Ｎａ・オキナワモズクエキス・タマリンド種子エキス・エルゴチオネイン・ビオチン・オウゴン根エキス・フェノキシエタノール・ソルビン酸Ｋ・安息香酸Ｎａ　＋／－　マイカ・酸化チタン・酸化鉄<JILN7263>","iln_version_number":"JILN7263","inventory_status":"Active","is_active":true,"is_coming_soon":null,"is_default_sku":false,"is_discountable":true,"is_displayable":null,"is_engravable":null,"is_fragrance":null,"is_giftable":null,"is_giftwrap":false,"is_inactive":null,"is_multi_shaded":null,"is_out_of_stock":null,"is_preorder":false,"is_preorderable":null,"is_promotional":null,"is_replenishable":false,"is_search_suppressed":null,"is_searchable":true,"is_shaded":null,"is_sized":null,"is_sold_out":null,"is_under_weight_hazmat":false,"is_vto_enabled":null,"life_of_product":"Basic Reorder","material_code":"ZGTY636000","media":{"large":[{"alt":"イーブン ベター パウダー メークアップ ウォーター ヴェール 27 リフィル","height":1200,"position":1,"src":"/media/export/cms/products/1200x1500/cl_sku_ZGTY63_1200x1500_0.png","type":"image","width":1500}],"medium":[{"alt":"イーブン ベター パウダー メークアップ ウォーター ヴェール 27 リフィル","height":600,"position":2,"src":"/media/export/cms/products/600x750/cl_sku_ZGTY63_600x750_0.png","type":"image","width":750}],"model":null,"poster":null,"small":[{"alt":"イーブン ベター パウダー メークアップ ウォーター ヴェール 27 リフィル","height":1200,"position":3,"src":"/media/export/cms/products/1200x1500/cl_sku_ZGTY63_1200x1500_0.png","type":"image","width":1500}],"smoosh":[{"alt":"イーブン ベター パウダー メークアップ ウォーター ヴェール 27 リフィル","height":1200,"position":0,"src":"/media/export/cms/products/1200x1500/swatches_v3/02_ns_ng.png","type":"image","width":1500}],"xl":null},"out_of_stock_threshold":null,"perlgem":{"SKU_BASE_ID":69701},"preorder_date":null,"prices":[{"currency":"JPY","exclude_tax":{"original_price":4800,"original_price_formatted":"¥4,800","price":4800,"price_formatted":"¥4,800","price_per_unit":null,"price_per_unit_formatted":""},"include_tax":{"original_price":5280,"original_price_formatted":"¥5,280","price":5280,"price_formatted":"¥5,280","price_per_unit":null,"price_per_unit_formatted":""},"is_discounted":false}],"purchase_limit":null,"replenishment":{"message":null},"reviews":{"average_rating":null,"number_of_questions":null,"number_of_reviews":null},"set_components":null,"shade_groups":null,"shades":[{"description":"明るめ標準色","hex_val":"#F6D2BE","image":{"height":null,"src":"","width":null},"name":"63 フレッシュ ベージュ(明るめ標準色）","smoosh_design":{"group_id":null,"name":"02::none::none"}}],"sizes":[{"key":1,"value":"10g"}],"skin":{"tone":null,"type":null,"type_description":null},"sku_badge":null,"sku_badge_image":null,"sku_display_order":2,"sku_id":"ZGTY63","sku_promo_messaging":null,"sku_type":"SE","sku_url":null,"tags":{"total":7,"items":[{"id":"1000020","key":"スペシャルカテゴリ","value":"スペシャルカテゴリ"},{"id":"16907","key":"even-better-makeup","value":"Even Better Makeup"},{"id":"1599","key":"ファンデーション","value":"ファンデーション"},{"id":"17726","key":"base-makeup","value":"Base Makeup"},{"id":"25943","key":"foundation-fy20spring-set-refill","value":"foundation_fy20spring_set_refill"},{"id":"1693","key":"シミソバカス","value":"シミ・ソバカス"},{"id":"1659","key":"ボディサンケア","value":"ボディ＆サンケア"}]},"texture":null,"undertone":null,"unit_of_measure":null,"unit_size":null,"unit_size_formatted":null,"upc":"020714758875","vto":{"is_color_experience":null,"is_foundation_experience":null}},{"color_family":null,"coverage_options":null,"cross_sell":null,"display_status":7,"finish":null,"finish_options":null,"fragrances":[{"family":null,"key":null,"value":null}],"iln_listing":"合成金雲母・合成金雲母鉄・窒化ホウ素・（ＨＤＩ／ＰＰＧ／ポリカプロラクトン）クロスポリマー・ナイロン－１２・メトキシケイヒ酸エチルヘキシル・ジメチコン・セスキイソステアリン酸ソルビタン・ステアリン酸・リンゴ酸ジイソステアリル・水酸化Ａｌ・水・エチルヘキシルグリセリン・カプリル酸グリセリル・ハイドロゲンジメチコン・シリカ・トコフェロール・ビスＰＥＧ－１８メチルエーテルジメチルシラン・グリセリン・ＢＧ・ペンチレングリコール・トレハロース・アルゲエキス・アセチルグルコサミン・スクロース・チャ葉エキス・サッカロミセス培養液・ホホバエステル・ＰＥＧ－３２・カプリリルグリコール・ＰＥＧ－６・カフェイン・（アクリル酸／アクリル酸アルキル（Ｃ１０ー３０））コポリマー・スクワラン・スイカ果実エキス・ポリソルベート２０・デキストリン・リンゴエキス・ヒラマメ果実エキス・セタノール・ＥＤＴＡ－２Ｎａ・ステアリン酸グリセリル・ヘキシレングリコール・ヒアルロン酸Ｎａ・水酸化Ｎａ・オオムギエキス・コムギ胚芽エキス・乳酸Ｎａ・ヒドロキシエチルセルロース・クエン酸・キュウリ果実エキス・クエン酸Ｎａ・アルテミアエキス・ＰＣＡ－Ｎａ・オキナワモズクエキス・タマリンド種子エキス・エルゴチオネイン・ビオチン・オウゴン根エキス・フェノキシエタノール・ソルビン酸Ｋ・安息香酸Ｎａ　＋／－　マイカ・酸化チタン・酸化鉄<JILN7263>","iln_version_number":"JILN7263","inventory_status":"Active","is_active":true,"is_coming_soon":null,"is_default_sku":false,"is_discountable":true,"is_displayable":null,"is_engravable":null,"is_fragrance":null,"is_giftable":null,"is_giftwrap":false,"is_inactive":null,"is_multi_shaded":null,"is_out_of_stock":null,"is_preorder":false,"is_preorderable":null,"is_promotional":null,"is_replenishable":false,"is_search_suppressed":null,"is_searchable":true,"is_shaded":null,"is_sized":null,"is_sold_out":null,"is_under_weight_hazmat":false,"is_vto_enabled":null,"life_of_product":"Basic Reorder","material_code":"ZGTY646000","media":{"large":[{"alt":"イーブン ベター パウダー メークアップ ウォーター ヴェール 27 リフィル","height":1200,"position":1,"src":"/media/export/cms/products/1200x1500/cl_sku_ZGTY64_1200x1500_0.png","type":"image","width":1500}],"medium":[{"alt":"イーブン ベター パウダー メークアップ ウォーター ヴェール 27 リフィル","height":600,"position":2,"src":"/media/export/cms/products/600x750/cl_sku_ZGTY64_600x750_0.png","type":"image","width":750}],"model":null,"poster":null,"small":[{"alt":"イーブン ベター パウダー メークアップ ウォーター ヴェール 27 リフィル","height":1200,"position":3,"src":"/media/export/cms/products/1200x1500/cl_sku_ZGTY64_1200x1500_0.png","type":"image","width":1500}],"smoosh":[{"alt":"イーブン ベター パウダー メークアップ ウォーター ヴェール 27 リフィル","height":1200,"position":0,"src":"/media/export/cms/products/1200x1500/swatches_v3/02_ns_ng.png","type":"image","width":1500}],"xl":null},"out_of_stock_threshold":null,"perlgem":{"SKU_BASE_ID":69702},"preorder_date":null,"prices":[{"currency":"JPY","exclude_tax":{"original_price":4800,"original_price_formatted":"¥4,800","price":4800,"price_formatted":"¥4,800","price_per_unit":null,"price_per_unit_formatted":""},"include_tax":{"original_price":5280,"original_price_formatted":"¥5,280","price":5280,"price_formatted":"¥5,280","price_per_unit":null,"price_per_unit_formatted":""},"is_discounted":false}],"purchase_limit":null,"replenishment":{"message":null},"reviews":{"average_rating":null,"number_of_questions":null,"number_of_reviews":null},"set_components":null,"shade_groups":null,"shades":[{"description":"標準色","hex_val":"#F4C5A8","image":{"height":null,"src":"","width":null},"name":"64 クリーム ベージュ(標準色）","smoosh_design":{"group_id":null,"name":"02::none::none"}}],"sizes":[{"key":1,"value":"10g"}],"skin":{"tone":null,"type":null,"type_description":null},"sku_badge":null,"sku_badge_image":null,"sku_display_order":3,"sku_id":"ZGTY64","sku_promo_messaging":null,"sku_type":"SE","sku_url":null,"tags":{"total":7,"items":[{"id":"1000020","key":"スペシャルカテゴリ","value":"スペシャルカテゴリ"},{"id":"16907","key":"even-better-makeup","value":"Even Better Makeup"},{"id":"1599","key":"ファンデーション","value":"ファンデーション"},{"id":"17726","key":"base-makeup","value":"Base Makeup"},{"id":"25943","key":"foundation-fy20spring-set-refill","value":"foundation_fy20spring_set_refill"},{"id":"1693","key":"シミソバカス","value":"シミ・ソバカス"},{"id":"1659","key":"ボディサンケア","value":"ボディ＆サンケア"}]},"texture":null,"undertone":null,"unit_of_measure":null,"unit_size":null,"unit_size_formatted":null,"upc":"020714758882","vto":{"is_color_experience":null,"is_foundation_experience":null}},{"color_family":null,"coverage_options":null,"cross_sell":null,"display_status":7,"finish":null,"finish_options":null,"fragrances":[{"family":null,"key":null,"value":null}],"iln_listing":"合成金雲母・合成金雲母鉄・窒化ホウ素・（ＨＤＩ／ＰＰＧ／ポリカプロラクトン）クロスポリマー・ナイロン－１２・メトキシケイヒ酸エチルヘキシル・ジメチコン・セスキイソステアリン酸ソルビタン・ステアリン酸・リンゴ酸ジイソステアリル・水酸化Ａｌ・水・エチルヘキシルグリセリン・カプリル酸グリセリル・ハイドロゲンジメチコン・シリカ・トコフェロール・ビスＰＥＧ－１８メチルエーテルジメチルシラン・グリセリン・ＢＧ・ペンチレングリコール・トレハロース・アルゲエキス・アセチルグルコサミン・スクロース・チャ葉エキス・サッカロミセス培養液・ホホバエステル・ＰＥＧ－３２・カプリリルグリコール・ＰＥＧ－６・カフェイン・（アクリル酸／アクリル酸アルキル（Ｃ１０ー３０））コポリマー・スクワラン・スイカ果実エキス・ポリソルベート２０・デキストリン・リンゴエキス・ヒラマメ果実エキス・セタノール・ＥＤＴＡ－２Ｎａ・ステアリン酸グリセリル・ヘキシレングリコール・ヒアルロン酸Ｎａ・水酸化Ｎａ・オオムギエキス・コムギ胚芽エキス・乳酸Ｎａ・ヒドロキシエチルセルロース・クエン酸・キュウリ果実エキス・クエン酸Ｎａ・アルテミアエキス・ＰＣＡ－Ｎａ・オキナワモズクエキス・タマリンド種子エキス・エルゴチオネイン・ビオチン・オウゴン根エキス・フェノキシエタノール・ソルビン酸Ｋ・安息香酸Ｎａ　＋／－　マイカ・酸化チタン・酸化鉄<JILN7263>","iln_version_number":"JILN7263","inventory_status":"Active","is_active":true,"is_coming_soon":null,"is_default_sku":false,"is_discountable":true,"is_displayable":null,"is_engravable":null,"is_fragrance":null,"is_giftable":null,"is_giftwrap":false,"is_inactive":null,"is_multi_shaded":null,"is_out_of_stock":null,"is_preorder":false,"is_preorderable":null,"is_promotional":null,"is_replenishable":false,"is_search_suppressed":null,"is_searchable":true,"is_shaded":null,"is_sized":null,"is_sold_out":null,"is_under_weight_hazmat":false,"is_vto_enabled":null,"life_of_product":"Basic Reorder","material_code":"ZGTY656000","media":{"large":[{"alt":"イーブン ベター パウダー メークアップ ウォーター ヴェール 27 リフィル","height":1200,"position":1,"src":"/media/export/cms/products/1200x1500/cl_sku_ZGTY65_1200x1500_0.png","type":"image","width":1500}],"medium":[{"alt":"イーブン ベター パウダー メークアップ ウォーター ヴェール 27 リフィル","height":600,"position":2,"src":"/media/export/cms/products/600x750/cl_sku_ZGTY65_600x750_0.png","type":"image","width":750}],"model":null,"poster":null,"small":[{"alt":"イーブン ベター パウダー メークアップ ウォーター ヴェール 27 リフィル","height":1200,"position":3,"src":"/media/export/cms/products/1200x1500/cl_sku_ZGTY65_1200x1500_0.png","type":"image","width":1500}],"smoosh":[{"alt":"イーブン ベター パウダー メークアップ ウォーター ヴェール 27 リフィル","height":1200,"position":0,"src":"/media/export/cms/products/1200x1500/swatches_v3/02_ns_ng.png","type":"image","width":1500}],"xl":null},"out_of_stock_threshold":null,"perlgem":{"SKU_BASE_ID":69703},"preorder_date":null,"prices":[{"currency":"JPY","exclude_tax":{"original_price":4800,"original_price_formatted":"¥4,800","price":4800,"price_formatted":"¥4,800","price_per_unit":null,"price_per_unit_formatted":""},"include_tax":{"original_price":5280,"original_price_formatted":"¥5,280","price":5280,"price_formatted":"¥5,280","price_per_unit":null,"price_per_unit_formatted":""},"is_discounted":false}],"purchase_limit":null,"replenishment":{"message":null},"reviews":{"average_rating":null,"number_of_questions":null,"number_of_reviews":null},"set_components":null,"shade_groups":null,"shades":[{"description":"","hex_val":"#E1B09A","image":{"height":null,"src":"","width":null},"name":"65 ニュートラル","smoosh_design":{"group_id":null,"name":"02::none::none"}}],"sizes":[{"key":1,"value":"10g"}],"skin":{"tone":null,"type":null,"type_description":null},"sku_badge":null,"sku_badge_image":null,"sku_display_order":4,"sku_id":"ZGTY65","sku_promo_messaging":null,"sku_type":"SE","sku_url":null,"tags":{"total":7,"items":[{"id":"1000020","key":"スペシャルカテゴリ","value":"スペシャルカテゴリ"},{"id":"16907","key":"even-better-makeup","value":"Even Better Makeup"},{"id":"1599","key":"ファンデーション","value":"ファンデーション"},{"id":"17726","key":"base-makeup","value":"Base Makeup"},{"id":"25943","key":"foundation-fy20spring-set-refill","value":"foundation_fy20spring_set_refill"},{"id":"1693","key":"シミソバカス","value":"シミ・ソバカス"},{"id":"1659","key":"ボディサンケア","value":"ボディ＆サンケア"}]},"texture":null,"undertone":null,"unit_of_measure":null,"unit_size":null,"unit_size_formatted":null,"upc":"020714758899","vto":{"is_color_experience":null,"is_foundation_experience":null}},{"color_family":null,"coverage_options":null,"cross_sell":null,"display_status":7,"finish":null,"finish_options":null,"fragrances":[{"family":null,"key":null,"value":null}],"iln_listing":"合成金雲母・合成金雲母鉄・窒化ホウ素・（ＨＤＩ／ＰＰＧ／ポリカプロラクトン）クロスポリマー・ナイロン－１２・メトキシケイヒ酸エチルヘキシル・ジメチコン・セスキイソステアリン酸ソルビタン・ステアリン酸・リンゴ酸ジイソステアリル・水酸化Ａｌ・水・エチルヘキシルグリセリン・カプリル酸グリセリル・ハイドロゲンジメチコン・シリカ・トコフェロール・ビスＰＥＧ－１８メチルエーテルジメチルシラン・グリセリン・ＢＧ・ペンチレングリコール・トレハロース・アルゲエキス・アセチルグルコサミン・スクロース・チャ葉エキス・サッカロミセス培養液・ホホバエステル・ＰＥＧ－３２・カプリリルグリコール・ＰＥＧ－６・カフェイン・（アクリル酸／アクリル酸アルキル（Ｃ１０ー３０））コポリマー・スクワラン・スイカ果実エキス・ポリソルベート２０・デキストリン・リンゴエキス・ヒラマメ果実エキス・セタノール・ＥＤＴＡ－２Ｎａ・ステアリン酸グリセリル・ヘキシレングリコール・ヒアルロン酸Ｎａ・水酸化Ｎａ・オオムギエキス・コムギ胚芽エキス・乳酸Ｎａ・ヒドロキシエチルセルロース・クエン酸・キュウリ果実エキス・クエン酸Ｎａ・アルテミアエキス・ＰＣＡ－Ｎａ・オキナワモズクエキス・タマリンド種子エキス・エルゴチオネイン・ビオチン・オウゴン根エキス・フェノキシエタノール・ソルビン酸Ｋ・安息香酸Ｎａ　＋／－　マイカ・酸化チタン・酸化鉄<JILN7263>","iln_version_number":"JILN7263","inventory_status":"Active","is_active":true,"is_coming_soon":null,"is_default_sku":false,"is_discountable":true,"is_displayable":null,"is_engravable":null,"is_fragrance":null,"is_giftable":null,"is_giftwrap":false,"is_inactive":null,"is_multi_shaded":null,"is_out_of_stock":null,"is_preorder":false,"is_preorderable":null,"is_promotional":null,"is_replenishable":false,"is_search_suppressed":null,"is_searchable":true,"is_shaded":null,"is_sized":null,"is_sold_out":null,"is_under_weight_hazmat":false,"is_vto_enabled":null,"life_of_product":"Basic Reorder","material_code":"ZGTY666000","media":{"large":[{"alt":"イーブン ベター パウダー メークアップ ウォーター ヴェール 27 リフィル","height":1200,"position":1,"src":"/media/export/cms/products/1200x1500/cl_sku_ZGTY66_1200x1500_0.png","type":"image","width":1500}],"medium":[{"alt":"イーブン ベター パウダー メークアップ ウォーター ヴェール 27 リフィル","height":600,"position":2,"src":"/media/export/cms/products/600x750/cl_sku_ZGTY66_600x750_0.png","type":"image","width":750}],"model":null,"poster":null,"small":[{"alt":"イーブン ベター パウダー メークアップ ウォーター ヴェール 27 リフィル","height":1200,"position":3,"src":"/media/export/cms/products/1200x1500/cl_sku_ZGTY66_1200x1500_0.png","type":"image","width":1500}],"smoosh":[{"alt":"イーブン ベター パウダー メークアップ ウォーター ヴェール 27 リフィル","height":1200,"position":0,"src":"/media/export/cms/products/1200x1500/swatches_v3/02_ns_ng.png","type":"image","width":1500}],"xl":null},"out_of_stock_threshold":null,"perlgem":{"SKU_BASE_ID":69705},"preorder_date":null,"prices":[{"currency":"JPY","exclude_tax":{"original_price":4800,"original_price_formatted":"¥4,800","price":4800,"price_formatted":"¥4,800","price_per_unit":null,"price_per_unit_formatted":""},"include_tax":{"original_price":5280,"original_price_formatted":"¥5,280","price":5280,"price_formatted":"¥5,280","price_per_unit":null,"price_per_unit_formatted":""},"is_discounted":false}],"purchase_limit":null,"replenishment":{"message":null},"reviews":{"average_rating":null,"number_of_questions":null,"number_of_reviews":null},"set_components":null,"shade_groups":null,"shades":[{"description":"","hex_val":"#E6B092","image":{"height":null,"src":"","width":null},"name":"66 トゥルー ベージュ","smoosh_design":{"group_id":null,"name":"02::none::none"}}],"sizes":[{"key":1,"value":"10g"}],"skin":{"tone":null,"type":null,"type_description":null},"sku_badge":null,"sku_badge_image":null,"sku_display_order":5,"sku_id":"ZGTY66","sku_promo_messaging":null,"sku_type":"SE","sku_url":null,"tags":{"total":7,"items":[{"id":"1000020","key":"スペシャルカテゴリ","value":"スペシャルカテゴリ"},{"id":"16907","key":"even-better-makeup","value":"Even Better Makeup"},{"id":"1599","key":"ファンデーション","value":"ファンデーション"},{"id":"17726","key":"base-makeup","value":"Base Makeup"},{"id":"25943","key":"foundation-fy20spring-set-refill","value":"foundation_fy20spring_set_refill"},{"id":"1693","key":"シミソバカス","value":"シミ・ソバカス"},{"id":"1659","key":"ボディサンケア","value":"ボディ＆サンケア"}]},"texture":null,"undertone":null,"unit_of_measure":null,"unit_size":null,"unit_size_formatted":null,"upc":"020714758905","vto":{"is_color_experience":null,"is_foundation_experience":null}},{"color_family":null,"coverage_options":null,"cross_sell":null,"display_status":7,"finish":null,"finish_options":null,"fragrances":[{"family":null,"key":null,"value":null}],"iln_listing":"合成金雲母・合成金雲母鉄・窒化ホウ素・（ＨＤＩ／ＰＰＧ／ポリカプロラクトン）クロスポリマー・ナイロン－１２・メトキシケイヒ酸エチルヘキシル・ジメチコン・セスキイソステアリン酸ソルビタン・ステアリン酸・リンゴ酸ジイソステアリル・水酸化Ａｌ・水・エチルヘキシルグリセリン・カプリル酸グリセリル・ハイドロゲンジメチコン・シリカ・トコフェロール・ビスＰＥＧ－１８メチルエーテルジメチルシラン・グリセリン・ＢＧ・ペンチレングリコール・トレハロース・アルゲエキス・アセチルグルコサミン・スクロース・チャ葉エキス・サッカロミセス培養液・ホホバエステル・ＰＥＧ－３２・カプリリルグリコール・ＰＥＧ－６・カフェイン・（アクリル酸／アクリル酸アルキル（Ｃ１０ー３０））コポリマー・スクワラン・スイカ果実エキス・ポリソルベート２０・デキストリン・リンゴエキス・ヒラマメ果実エキス・セタノール・ＥＤＴＡ－２Ｎａ・ステアリン酸グリセリル・ヘキシレングリコール・ヒアルロン酸Ｎａ・水酸化Ｎａ・オオムギエキス・コムギ胚芽エキス・乳酸Ｎａ・ヒドロキシエチルセルロース・クエン酸・キュウリ果実エキス・クエン酸Ｎａ・アルテミアエキス・ＰＣＡ－Ｎａ・オキナワモズクエキス・タマリンド種子エキス・エルゴチオネイン・ビオチン・オウゴン根エキス・フェノキシエタノール・ソルビン酸Ｋ・安息香酸Ｎａ　＋／－　マイカ・酸化チタン・酸化鉄<JILN7263>","iln_version_number":"JILN7263","inventory_status":"Active","is_active":true,"is_coming_soon":null,"is_default_sku":false,"is_discountable":true,"is_displayable":null,"is_engravable":null,"is_fragrance":null,"is_giftable":null,"is_giftwrap":false,"is_inactive":null,"is_multi_shaded":null,"is_out_of_stock":null,"is_preorder":false,"is_preorderable":null,"is_promotional":null,"is_replenishable":false,"is_search_suppressed":null,"is_searchable":true,"is_shaded":null,"is_sized":null,"is_sold_out":null,"is_under_weight_hazmat":false,"is_vto_enabled":null,"life_of_product":"Basic Reorder","material_code":"ZGTY686000","media":{"large":[{"alt":"イーブン ベター パウダー メークアップ ウォーター ヴェール 27 リフィル","height":1200,"position":1,"src":"/media/export/cms/products/1200x1500/cl_sku_ZGTY68_1200x1500_0.png","type":"image","width":1500}],"medium":[{"alt":"イーブン ベター パウダー メークアップ ウォーター ヴェール 27 リフィル","height":600,"position":2,"src":"/media/export/cms/products/600x750/cl_sku_ZGTY68_600x750_0.png","type":"image","width":750}],"model":null,"poster":null,"small":[{"alt":"イーブン ベター パウダー メークアップ ウォーター ヴェール 27 リフィル","height":1200,"position":3,"src":"/media/export/cms/products/1200x1500/cl_sku_ZGTY68_1200x1500_0.png","type":"image","width":1500}],"smoosh":[{"alt":"イーブン ベター パウダー メークアップ ウォーター ヴェール 27 リフィル","height":1200,"position":0,"src":"/media/export/cms/products/1200x1500/swatches_v3/02_ns_ng.png","type":"image","width":1500}],"xl":null},"out_of_stock_threshold":null,"perlgem":{"SKU_BASE_ID":69706},"preorder_date":null,"prices":[{"currency":"JPY","exclude_tax":{"original_price":4800,"original_price_formatted":"¥4,800","price":4800,"price_formatted":"¥4,800","price_per_unit":null,"price_per_unit_formatted":""},"include_tax":{"original_price":5280,"original_price_formatted":"¥5,280","price":5280,"price_formatted":"¥5,280","price_per_unit":null,"price_per_unit_formatted":""},"is_discounted":false}],"purchase_limit":null,"replenishment":{"message":null},"reviews":{"average_rating":null,"number_of_questions":null,"number_of_reviews":null},"set_components":null,"shade_groups":null,"shades":[{"description":"","hex_val":"#F8D6CD","image":{"height":null,"src":"","width":null},"name":"68 ポーセリン ローズ","smoosh_design":{"group_id":null,"name":"02::none::none"}}],"sizes":[{"key":1,"value":"10g"}],"skin":{"tone":null,"type":null,"type_description":null},"sku_badge":null,"sku_badge_image":null,"sku_display_order":6,"sku_id":"ZGTY68","sku_promo_messaging":null,"sku_type":"SE","sku_url":null,"tags":{"total":7,"items":[{"id":"1000020","key":"スペシャルカテゴリ","value":"スペシャルカテゴリ"},{"id":"16907","key":"even-better-makeup","value":"Even Better Makeup"},{"id":"1599","key":"ファンデーション","value":"ファンデーション"},{"id":"17726","key":"base-makeup","value":"Base Makeup"},{"id":"25943","key":"foundation-fy20spring-set-refill","value":"foundation_fy20spring_set_refill"},{"id":"1693","key":"シミソバカス","value":"シミ・ソバカス"},{"id":"1659","key":"ボディサンケア","value":"ボディ＆サンケア"}]},"texture":null,"undertone":null,"unit_of_measure":null,"unit_size":null,"unit_size_formatted":null,"upc":"020714758929","vto":{"is_color_experience":null,"is_foundation_experience":null}},{"color_family":null,"coverage_options":null,"cross_sell":null,"display_status":7,"finish":null,"finish_options":null,"fragrances":[{"family":null,"key":null,"value":null}],"iln_listing":"合成金雲母・合成金雲母鉄・窒化ホウ素・（ＨＤＩ／ＰＰＧ／ポリカプロラクトン）クロスポリマー・ナイロン－１２・メトキシケイヒ酸エチルヘキシル・ジメチコン・セスキイソステアリン酸ソルビタン・ステアリン酸・リンゴ酸ジイソステアリル・水酸化Ａｌ・水・エチルヘキシルグリセリン・カプリル酸グリセリル・ハイドロゲンジメチコン・シリカ・トコフェロール・ビスＰＥＧ－１８メチルエーテルジメチルシラン・グリセリン・ＢＧ・ペンチレングリコール・トレハロース・アルゲエキス・アセチルグルコサミン・スクロース・チャ葉エキス・サッカロミセス培養液・ホホバエステル・ＰＥＧ－３２・カプリリルグリコール・ＰＥＧ－６・カフェイン・（アクリル酸／アクリル酸アルキル（Ｃ１０ー３０））コポリマー・スクワラン・スイカ果実エキス・ポリソルベート２０・デキストリン・リンゴエキス・ヒラマメ果実エキス・セタノール・ＥＤＴＡ－２Ｎａ・ステアリン酸グリセリル・ヘキシレングリコール・ヒアルロン酸Ｎａ・水酸化Ｎａ・オオムギエキス・コムギ胚芽エキス・乳酸Ｎａ・ヒドロキシエチルセルロース・クエン酸・キュウリ果実エキス・クエン酸Ｎａ・アルテミアエキス・ＰＣＡ－Ｎａ・オキナワモズクエキス・タマリンド種子エキス・エルゴチオネイン・ビオチン・オウゴン根エキス・フェノキシエタノール・ソルビン酸Ｋ・安息香酸Ｎａ　＋／－　マイカ・酸化チタン・酸化鉄<JILN7263>","iln_version_number":"JILN7263","inventory_status":"Active","is_active":true,"is_coming_soon":null,"is_default_sku":false,"is_discountable":true,"is_displayable":null,"is_engravable":null,"is_fragrance":null,"is_giftable":null,"is_giftwrap":false,"is_inactive":null,"is_multi_shaded":null,"is_out_of_stock":null,"is_preorder":false,"is_preorderable":null,"is_promotional":null,"is_replenishable":false,"is_search_suppressed":null,"is_searchable":true,"is_shaded":null,"is_sized":null,"is_sold_out":null,"is_under_weight_hazmat":false,"is_vto_enabled":null,"life_of_product":"Basic Reorder","material_code":"ZGTY716000","media":{"large":[{"alt":"イーブン ベター パウダー メークアップ ウォーター ヴェール 27 リフィル","height":1200,"position":1,"src":"/media/export/cms/products/1200x1500/cl_sku_ZGTY71_1200x1500_0.png","type":"image","width":1500}],"medium":[{"alt":"イーブン ベター パウダー メークアップ ウォーター ヴェール 27 リフィル","height":600,"position":2,"src":"/media/export/cms/products/600x750/cl_sku_ZGTY71_600x750_0.png","type":"image","width":750}],"model":null,"poster":null,"small":[{"alt":"イーブン ベター パウダー メークアップ ウォーター ヴェール 27 リフィル","height":1200,"position":3,"src":"/media/export/cms/products/1200x1500/cl_sku_ZGTY71_1200x1500_0.png","type":"image","width":1500}],"smoosh":[{"alt":"イーブン ベター パウダー メークアップ ウォーター ヴェール 27 リフィル","height":1200,"position":0,"src":"/media/export/cms/products/1200x1500/swatches_v3/02_ns_ng.png","type":"image","width":1500}],"xl":null},"out_of_stock_threshold":null,"perlgem":{"SKU_BASE_ID":69708},"preorder_date":null,"prices":[{"currency":"JPY","exclude_tax":{"original_price":4800,"original_price_formatted":"¥4,800","price":4800,"price_formatted":"¥4,800","price_per_unit":null,"price_per_unit_formatted":""},"include_tax":{"original_price":5280,"original_price_formatted":"¥5,280","price":5280,"price_formatted":"¥5,280","price_per_unit":null,"price_per_unit_formatted":""},"is_discounted":false}],"purchase_limit":null,"replenishment":{"message":null},"reviews":{"average_rating":null,"number_of_questions":null,"number_of_reviews":null},"set_components":null,"shade_groups":null,"shades":[{"description":"","hex_val":"#FDD2B5","image":{"height":null,"src":"","width":null},"name":"71 ライト オークル","smoosh_design":{"group_id":null,"name":"02::none::none"}}],"sizes":[{"key":1,"value":"10g"}],"skin":{"tone":null,"type":null,"type_description":null},"sku_badge":null,"sku_badge_image":null,"sku_display_order":8,"sku_id":"ZGTY71","sku_promo_messaging":null,"sku_type":"SE","sku_url":null,"tags":{"total":7,"items":[{"id":"1000020","key":"スペシャルカテゴリ","value":"スペシャルカテゴリ"},{"id":"16907","key":"even-better-makeup","value":"Even Better Makeup"},{"id":"1599","key":"ファンデーション","value":"ファンデーション"},{"id":"17726","key":"base-makeup","value":"Base Makeup"},{"id":"25943","key":"foundation-fy20spring-set-refill","value":"foundation_fy20spring_set_refill"},{"id":"1693","key":"シミソバカス","value":"シミ・ソバカス"},{"id":"1659","key":"ボディサンケア","value":"ボディ＆サンケア"}]},"texture":null,"undertone":null,"unit_of_measure":null,"unit_size":null,"unit_size_formatted":null,"upc":"020714758943","vto":{"is_color_experience":null,"is_foundation_experience":null}}]},"sub_display_name":"イーブン ベター パウダー メークアップ ウォーター ヴェール 27 リフィル","sub_header":null,"tags":{"total":7,"items":[{"id":"1000020","key":"スペシャルカテゴリ","parent_tag_id":null,"product_display_order":0,"value":"スペシャルカテゴリ"},{"id":"16907","key":"even-better-makeup","parent_tag_id":"1592","product_display_order":0,"value":"Even Better Makeup"},{"id":"1599","key":"ファンデーション","parent_tag_id":"1592","product_display_order":3,"value":"ファンデーション"},{"id":"17726","key":"base-makeup","parent_tag_id":"1592","product_display_order":2,"value":"Base Makeup"},{"id":"25943","key":"foundation-fy20spring-set-refill","parent_tag_id":"1599","product_display_order":4,"value":"foundation_fy20spring_set_refill"},{"id":"1693","key":"シミソバカス","parent_tag_id":"1667","product_display_order":11,"value":"シミ・ソバカス"},{"id":"1659","key":"ボディサンケア","parent_tag_id":null,"product_display_order":0,"value":"ボディ＆サンケア"}]},"usage":[{"content":"適量を乾いたスポンジにとり、顔全体にのばします。(ドライ使用）※別売りのコンパクトに入れてご使用ください。 ","label":"PRODUCT USAGE","type":"product_usage"},{"content":null,"label":"HOW DOES IT WORK","type":"how_does_it_work"},{"content":null,"label":"WHO IT IS FOR","type":"who_it_is_for"},{"content":null,"label":"GREAT TO KNOW","type":"great_to_know"},{"content":null,"label":"WHAT_IT_DOES","type":"what_it_does"},{"content":null,"label":"WHAT_IT_IS","type":"what_it_is"}],"objectID":"40397"},{"benefit":{"statement":null,"benefits":null},"brand":null,"collection":null,"coverage":null,"cross_sell":[{"sku_id":"ZGTY61","sort_key":1},{"sku_id":"ZWJF01","sort_key":2}],"default_category":{"id":"1599","key":"ファンデーション"},"description":"パウダリー ファンデーション用コンパクト。マグネット開閉式でスポンジトレーは自動昇降します。","display_mode":null,"display_name":"プリティ メークアップ コンパクト","display_status":7,"finish":null,"form":null,"formula_type":null,"fragrance_family":null,"indexable_keywords":null,"is_hazmat":false,"is_product_coming_soon":null,"is_product_displayable":true,"is_product_searchable":true,"is_product_shoppable":true,"is_product_sold_out":null,"is_product_temporarily_out_of_stock":null,"is_search_suppressed":null,"key_ingredient":null,"media":{"large":null,"medium":null,"poster":null,"small":null,"videos":[{"position":null,"poster":{"height":null,"src":null,"width":null},"provider":null,"src":null},{"position":null,"poster":{"height":null,"src":null,"width":null},"provider":null,"src":null},{"position":null,"poster":{"height":null,"src":null,"width":null},"provider":null,"src":null}],"xl":null},"meta":{"description":null,"keywords":null},"parent_category":[{"id":"1599","value":"ファンデーション"},{"id":"1592","value":"メーク"}],"product_badge":null,"product_id":"40447","product_title_tag":null,"product_type":"Other","product_url":"/product/1599/40447/pretty-refillable-makeup-compact","reviews":{"average_rating":null,"number_of_questions":null,"number_of_reviews":null},"shade_groups":null,"short_description":"パウダリー ファンデーション用コンパクト。マグネット開閉式でスポンジトレーは自動昇降します。","skin":null,"skin_goal":null,"skus":{"total":1,"items":[{"color_family":null,"coverage_options":null,"cross_sell":null,"display_status":7,"finish":null,"finish_options":null,"fragrances":[{"family":null,"key":null,"value":null}],"iln_listing":null,"iln_version_number":null,"inventory_status":"Active","is_active":true,"is_coming_soon":null,"is_default_sku":false,"is_discountable":true,"is_displayable":null,"is_engravable":null,"is_fragrance":null,"is_giftable":null,"is_giftwrap":false,"is_inactive":null,"is_multi_shaded":null,"is_out_of_stock":null,"is_preorder":false,"is_preorderable":null,"is_promotional":null,"is_replenishable":false,"is_search_suppressed":null,"is_searchable":true,"is_shaded":null,"is_sized":null,"is_sold_out":null,"is_under_weight_hazmat":false,"is_vto_enabled":null,"life_of_product":"Basic Reorder","material_code":"ZGNC010000","media":{"large":[{"alt":"プリティ メークアップ コンパクト","height":1200,"position":0,"src":"/media/export/cms/products/1200x1500/cl_sku_ZGNC01_1200x1500_0.png","type":"image","width":1500}],"medium":[{"alt":"プリティ メークアップ コンパクト","height":600,"position":1,"src":"/media/export/cms/products/600x750/cl_sku_ZGNC01_600x750_0.png","type":"image","width":750}],"model":null,"poster":null,"small":[{"alt":"プリティ メークアップ コンパクト","height":1200,"position":2,"src":"/media/export/cms/products/1200x1500/cl_sku_ZGNC01_1200x1500_0.png","type":"image","width":1500}],"smoosh":null,"xl":null},"out_of_stock_threshold":null,"perlgem":{"SKU_BASE_ID":69789},"preorder_date":null,"prices":[{"currency":"JPY","exclude_tax":{"original_price":1200,"original_price_formatted":"¥1,200","price":1200,"price_formatted":"¥1,200","price_per_unit":null,"price_per_unit_formatted":""},"include_tax":{"original_price":1320,"original_price_formatted":"¥1,320","price":1320,"price_formatted":"¥1,320","price_per_unit":null,"price_per_unit_formatted":""},"is_discounted":false}],"purchase_limit":null,"replenishment":{"message":null},"reviews":{"average_rating":null,"number_of_questions":null,"number_of_reviews":null},"set_components":null,"shade_groups":null,"shades":null,"sizes":[{"key":1,"value":null}],"skin":{"tone":null,"type":null,"type_description":null},"sku_badge":null,"sku_badge_image":null,"sku_display_order":0,"sku_id":"ZGNC01","sku_promo_messaging":null,"sku_type":"SE","sku_url":null,"tags":{"total":1,"items":[{"id":"1599","key":"ファンデーション","value":"ファンデーション"}]},"texture":null,"undertone":null,"unit_of_measure":null,"unit_size":null,"unit_size_formatted":null,"upc":"020714757656","vto":{"is_color_experience":null,"is_foundation_experience":null}}]},"sub_display_name":"プリティ メークアップ コンパクト","sub_header":null,"tags":{"total":1,"items":[{"id":"1599","key":"ファンデーション","parent_tag_id":"1592","product_display_order":35,"value":"ファンデーション"}]},"usage":[{"content":null,"label":"PRODUCT USAGE","type":"product_usage"},{"content":null,"label":"HOW DOES IT WORK","type":"how_does_it_work"},{"content":null,"label":"WHO IT IS FOR","type":"who_it_is_for"},{"content":null,"label":"GREAT TO KNOW","type":"great_to_know"},{"content":null,"label":"WHAT_IT_DOES","type":"what_it_does"},{"content":null,"label":"WHAT_IT_IS","type":"what_it_is"}],"objectID":"40447"},{"benefit":{"statement":null,"benefits":null},"brand":null,"collection":null,"coverage":null,"cross_sell":[{"sku_id":"ZL1101","sort_key":1},{"sku_id":"ZMXX01","sort_key":2},{"sku_id":"ZCXW01","sort_key":3}],"default_category":{"id":"14706","key":"スペシャルケア"},"description":"不純物を取り除き、肌に磨きをかけるディープ クリーン トリートメント マスク。<BR>竹炭とクレイ（泥）が汚れを取り除き、シリカ ビーズ（整肌成分）が肌表面をなめらかに整えます。","display_mode":null,"display_name":"シティ ブロック ピュリファイング マスク ＆ スクラブ","display_status":7,"finish":null,"form":null,"formula_type":null,"fragrance_family":null,"indexable_keywords":null,"is_hazmat":false,"is_product_coming_soon":null,"is_product_displayable":true,"is_product_searchable":true,"is_product_shoppable":true,"is_product_sold_out":null,"is_product_temporarily_out_of_stock":null,"is_search_suppressed":null,"key_ingredient":null,"media":{"large":null,"medium":null,"poster":null,"small":null,"videos":[{"position":null,"poster":{"height":null,"src":null,"width":null},"provider":null,"src":null},{"position":null,"poster":{"height":null,"src":null,"width":null},"provider":null,"src":null},{"position":null,"poster":{"height":null,"src":null,"width":null},"provider":null,"src":null}],"xl":null},"meta":{"description":null,"keywords":null},"parent_category":[{"id":"14706","value":"スペシャルケア"},{"id":"1667","value":"スキンケア"}],"product_badge":null,"product_id":"40546","product_title_tag":null,"product_type":"Other","product_url":"/product/14706/40546/--/city-block-purifying-charcoal-mask-scrub","reviews":{"average_rating":null,"number_of_questions":null,"number_of_reviews":null},"shade_groups":null,"short_description":"<P>不純物を取り除き、肌に磨きをかけるディープ クリーン トリートメント マスク（100g）。<BR>竹炭とクレイ（泥）が汚れを取り除き、シリカ ビーズ（整肌成分）が肌表面をなめらかに整えます。<BR>週1～2回のご使用がおすすめ。</P>","skin":null,"skin_goal":null,"skus":{"total":1,"items":[{"color_family":null,"coverage_options":null,"cross_sell":null,"display_status":7,"finish":null,"finish_options":null,"fragrances":[{"family":null,"key":null,"value":null}],"iln_listing":"水・カオリン・ＢＧ・シリカ・酸化チタン・ケイ酸（Ａｌ／Ｍｇ）・炭・ステアリン酸ＰＥＧ－１００・ステアリン酸グリセリル・ココイルメチルタウリンＮａ・アセチルグルコサミン・キサンタンガム・酢酸トコフェロール・カプリリルグリコール・スクロース・ゲンチアナエキス・ＥＤＴＡ－２Ｎａ・カラフトコンブエキス・酸化鉄・フェノキシエタノール・クロルフェネシン<JILN007394>","iln_version_number":"JILN007394","inventory_status":"Active","is_active":true,"is_coming_soon":null,"is_default_sku":false,"is_discountable":true,"is_displayable":null,"is_engravable":null,"is_fragrance":null,"is_giftable":null,"is_giftwrap":false,"is_inactive":null,"is_multi_shaded":null,"is_out_of_stock":null,"is_preorder":false,"is_preorderable":null,"is_promotional":null,"is_replenishable":false,"is_search_suppressed":null,"is_searchable":true,"is_shaded":null,"is_sized":null,"is_sold_out":null,"is_under_weight_hazmat":false,"is_vto_enabled":null,"life_of_product":"Basic Reorder","material_code":"ZMXT010001","media":{"large":[{"alt":"シティ ブロック ピュリファイング マスク ＆ スクラブ","height":1200,"position":0,"src":"/media/export/cms/products/1200x1500/cl_sku_ZMXT01_1200x1500_0.png","type":"image","width":1500}],"medium":[{"alt":"シティ ブロック ピュリファイング マスク ＆ スクラブ","height":600,"position":1,"src":"/media/export/cms/products/600x750/cl_sku_ZMXT01_600x750_0.png","type":"image","width":750}],"model":null,"poster":null,"small":[{"alt":"シティ ブロック ピュリファイング マスク ＆ スクラブ","height":1200,"position":2,"src":"/media/export/cms/products/1200x1500/cl_sku_ZMXT01_1200x1500_0.png","type":"image","width":1500}],"smoosh":null,"xl":null},"out_of_stock_threshold":null,"perlgem":{"SKU_BASE_ID":69990},"preorder_date":null,"prices":[{"currency":"JPY","exclude_tax":{"original_price":3700,"original_price_formatted":"¥3,700","price":3700,"price_formatted":"¥3,700","price_per_unit":null,"price_per_unit_formatted":""},"include_tax":{"original_price":4070,"original_price_formatted":"¥4,070","price":4070,"price_formatted":"¥4,070","price_per_unit":null,"price_per_unit_formatted":""},"is_discounted":false}],"purchase_limit":null,"replenishment":{"message":null},"reviews":{"average_rating":null,"number_of_questions":null,"number_of_reviews":null},"set_components":null,"shade_groups":null,"shades":null,"sizes":[{"key":1,"value":"100g"}],"skin":{"tone":null,"type":null,"type_description":null},"sku_badge":null,"sku_badge_image":null,"sku_display_order":0,"sku_id":"ZMXT01","sku_promo_messaging":null,"sku_type":"SE","sku_url":null,"tags":{"total":6,"items":[{"id":"14706","key":"スペシャルケア","value":"スペシャルケア"},{"id":"15036","key":"マスク","value":"マスク"},{"id":"1673","key":"クレンジング洗顔","value":"クレンジング・洗顔"},{"id":"25565","key":"justarrivednew","value":"justarrivednew"},{"id":"13304","key":"スペシャルケア","value":"スペシャルケア"},{"id":"1682","key":"ふき取り化粧水化粧水","value":"ふき取り化粧水・化粧水"}]},"texture":null,"undertone":null,"unit_of_measure":null,"unit_size":null,"unit_size_formatted":null,"upc":"020714800826","vto":{"is_color_experience":null,"is_foundation_experience":null}}]},"sub_display_name":"シティ ブロック ピュリファイング マスク ＆ スクラブ","sub_header":null,"tags":{"total":6,"items":[{"id":"14706","key":"スペシャルケア","parent_tag_id":"1667","product_display_order":22,"value":"スペシャルケア"},{"id":"15036","key":"マスク","parent_tag_id":"1667","product_display_order":1,"value":"マスク"},{"id":"1673","key":"クレンジング洗顔","parent_tag_id":"1667","product_display_order":28,"value":"クレンジング・洗顔"},{"id":"25565","key":"justarrivednew","parent_tag_id":null,"product_display_order":3,"value":"justarrivednew"},{"id":"13304","key":"スペシャルケア","parent_tag_id":"1667","product_display_order":33,"value":"スペシャルケア"},{"id":"1682","key":"ふき取り化粧水化粧水","parent_tag_id":"1667","product_display_order":17,"value":"ふき取り化粧水・化粧水"}]},"usage":[{"content":"目のまわりを避けて、顔全体にたっぷりとのばします。<BR>マスクの色が淡いブルーに変化するまで約5分間おいたのち、円を描くようにマッサージをしながらぬるま湯で洗い流してください。<BR>その後、モイスチャライザーをお使いください。週1-2回の使用をおすすめします。","label":"PRODUCT USAGE","type":"product_usage"},{"content":null,"label":"HOW DOES IT WORK","type":"how_does_it_work"},{"content":null,"label":"WHO IT IS FOR","type":"who_it_is_for"},{"content":null,"label":"GREAT TO KNOW","type":"great_to_know"},{"content":null,"label":"WHAT_IT_DOES","type":"what_it_does"},{"content":null,"label":"WHAT_IT_IS","type":"what_it_is"}],"objectID":"40546"},{"benefit":{"statement":null,"benefits":null},"brand":null,"collection":null,"coverage":null,"cross_sell":[{"sku_id":"6A1501","sort_key":1},{"sku_id":"K4NE01","sort_key":2},{"sku_id":"KLR701","sort_key":3}],"default_category":{"id":"1682","key":"ふき取り化粧水化粧水"},"description":"<P>アルコール フリーのふき取り化粧水。<br>優しく効果的な角質ケアで健康的で美しい肌に導きます。</P><P>マイルドな使い心地で肌を乾燥させずに古い角質を穏やかに取り除き、肌をなめらかに整え、肌本来のモイスチャー バランスを保ちます。美しさを引き出し、次に使うスキンケアのなじみもアップ。すべてのスキンタイプに。</P>","display_mode":null,"display_name":"クラリファイング ローション 1.0 ","display_status":7,"finish":null,"form":null,"formula_type":null,"fragrance_family":null,"indexable_keywords":null,"is_hazmat":false,"is_product_coming_soon":null,"is_product_displayable":true,"is_product_searchable":true,"is_product_shoppable":true,"is_product_sold_out":null,"is_product_temporarily_out_of_stock":null,"is_search_suppressed":null,"key_ingredient":null,"media":{"large":null,"medium":null,"poster":null,"small":null,"videos":[{"position":null,"poster":{"height":null,"src":null,"width":null},"provider":"YouTube","src":null},{"position":null,"poster":{"height":null,"src":null,"width":null},"provider":"YouTube","src":null},{"position":null,"poster":{"height":null,"src":null,"width":null},"provider":"YouTube","src":null}],"xl":null},"meta":{"description":null,"keywords":null},"parent_category":[{"id":"1682","value":"ふき取り化粧水・化粧水"},{"id":"1667","value":"スキンケア"}],"product_badge":null,"product_id":"40550","product_title_tag":null,"product_type":"Sized","product_url":"/product/1682/40550/-10/clarifying-lotion10","reviews":{"average_rating":null,"number_of_questions":null,"number_of_reviews":null},"shade_groups":null,"short_description":"アルコール フリーのふき取り化粧水。<br>すべてのスキンタイプ","skin":null,"skin_goal":null,"skus":{"total":3,"items":[{"color_family":null,"coverage_options":null,"cross_sell":null,"display_status":7,"finish":null,"finish_options":null,"fragrances":[{"family":null,"key":null,"value":null}],"iln_listing":"水・ハマメリス水・ＤＰＧ・ビオサッカリドガム－１・ＢＧ・アセチルグルコサミン・グリセリン・スクロース・ポリソルベート２０・トレハロース・リン酸２Ｎａ・カフェイン・カプリロイルグリシン・ＥＤＴＡ－３Ｎａ・ヒアルロン酸Ｎａ・サリチル酸・フェノキシエタノール<JILN007382>","iln_version_number":"JILN007382","inventory_status":"Active","is_active":true,"is_coming_soon":null,"is_default_sku":false,"is_discountable":true,"is_displayable":null,"is_engravable":null,"is_fragrance":null,"is_giftable":null,"is_giftwrap":false,"is_inactive":null,"is_multi_shaded":null,"is_out_of_stock":null,"is_preorder":false,"is_preorderable":null,"is_promotional":null,"is_replenishable":false,"is_search_suppressed":null,"is_searchable":true,"is_shaded":null,"is_sized":null,"is_sold_out":null,"is_under_weight_hazmat":false,"is_vto_enabled":null,"life_of_product":"Basic Reorder","material_code":"ZN7N010001","media":{"large":[{"alt":"クラリファイング ローション 1.0 ","height":1200,"position":0,"src":"/media/export/cms/products/1200x1500/cl_sku_ZN7N01_1200x1500_0.png","type":"image","width":1500}],"medium":[{"alt":"クラリファイング ローション 1.0 ","height":600,"position":1,"src":"/media/export/cms/products/600x750/cl_sku_ZN7N01_600x750_0.png","type":"image","width":750}],"model":null,"poster":null,"small":[{"alt":"クラリファイング ローション 1.0 ","height":1200,"position":2,"src":"/media/export/cms/products/1200x1500/cl_sku_ZN7N01_1200x1500_0.png","type":"image","width":1500}],"smoosh":null,"xl":null},"out_of_stock_threshold":null,"perlgem":{"SKU_BASE_ID":69992},"preorder_date":null,"prices":[{"currency":"JPY","exclude_tax":{"original_price":3500,"original_price_formatted":"¥3,500","price":3500,"price_formatted":"¥3,500","price_per_unit":null,"price_per_unit_formatted":""},"include_tax":{"original_price":3850,"original_price_formatted":"¥3,850","price":3850,"price_formatted":"¥3,850","price_per_unit":null,"price_per_unit_formatted":""},"is_discounted":false}],"purchase_limit":null,"replenishment":{"message":null},"reviews":{"average_rating":null,"number_of_questions":null,"number_of_reviews":null},"set_components":null,"shade_groups":null,"shades":null,"sizes":[{"key":1,"value":"200mL"}],"skin":{"tone":null,"type":null,"type_description":null},"sku_badge":null,"sku_badge_image":null,"sku_display_order":1,"sku_id":"ZN7N01","sku_promo_messaging":null,"sku_type":"SE","sku_url":null,"tags":{"total":7,"items":[{"id":"1575","key":"ベストセラー","value":"ベストセラー"},{"id":"1682","key":"ふき取り化粧水化粧水","value":"ふき取り化粧水・化粧水"},{"id":"1573","key":"ステップ２ふき取る","value":"ステップ２：ふき取る"},{"id":"13051","key":"スキンケア-ベストセラー","value":"スキンケア ベストセラー"},{"id":"19570","key":"おすすめ製品","value":"おすすめ製品"},{"id":"13300","key":"ローション","value":"ローション"},{"id":"24780","key":"clarifying-lotion","value":"Clarifying Lotion"}]},"texture":null,"undertone":null,"unit_of_measure":null,"unit_size":null,"unit_size_formatted":null,"upc":"020714803674","vto":{"is_color_experience":null,"is_foundation_experience":null}},{"color_family":null,"coverage_options":null,"cross_sell":null,"display_status":7,"finish":null,"finish_options":null,"fragrances":[{"family":null,"key":null,"value":null}],"iln_listing":"水・ハマメリス水・ＤＰＧ・ビオサッカリドガム－１・ＢＧ・アセチルグルコサミン・グリセリン・スクロース・ポリソルベート２０・トレハロース・リン酸２Ｎａ・カフェイン・カプリロイルグリシン・ＥＤＴＡ－３Ｎａ・ヒアルロン酸Ｎａ・サリチル酸・フェノキシエタノール<JILN007382>","iln_version_number":"JILN007382","inventory_status":"Active","is_active":true,"is_coming_soon":null,"is_default_sku":false,"is_discountable":true,"is_displayable":null,"is_engravable":null,"is_fragrance":null,"is_giftable":null,"is_giftwrap":false,"is_inactive":null,"is_multi_shaded":null,"is_out_of_stock":null,"is_preorder":false,"is_preorderable":null,"is_promotional":null,"is_replenishable":false,"is_search_suppressed":null,"is_searchable":true,"is_shaded":null,"is_sized":null,"is_sold_out":null,"is_under_weight_hazmat":false,"is_vto_enabled":null,"life_of_product":"Basic Reorder","material_code":"ZR1Y016000","media":{"large":[{"alt":"クラリファイング ローション 1.0 ","height":1200,"position":0,"src":"/media/export/cms/products/1200x1500/cl_sku_ZR1Y01_1200x1500_0.png","type":"image","width":1500}],"medium":[{"alt":"クラリファイング ローション 1.0 ","height":600,"position":1,"src":"/media/export/cms/products/600x750/cl_sku_ZR1Y01_600x750_0.png","type":"image","width":750}],"model":null,"poster":null,"small":[{"alt":"クラリファイング ローション 1.0 ","height":1200,"position":2,"src":"/media/export/cms/products/1200x1500/cl_sku_ZR1Y01_1200x1500_0.png","type":"image","width":1500}],"smoosh":null,"xl":null},"out_of_stock_threshold":null,"perlgem":{"SKU_BASE_ID":72976},"preorder_date":null,"prices":[{"currency":"JPY","exclude_tax":{"original_price":2500,"original_price_formatted":"¥2,500","price":2500,"price_formatted":"¥2,500","price_per_unit":null,"price_per_unit_formatted":""},"include_tax":{"original_price":2750,"original_price_formatted":"¥2,750","price":2750,"price_formatted":"¥2,750","price_per_unit":null,"price_per_unit_formatted":""},"is_discounted":false}],"purchase_limit":null,"replenishment":{"message":null},"reviews":{"average_rating":null,"number_of_questions":null,"number_of_reviews":null},"set_components":null,"shade_groups":null,"shades":null,"sizes":[{"key":1,"value":"100mL"}],"skin":{"tone":null,"type":null,"type_description":null},"sku_badge":null,"sku_badge_image":null,"sku_display_order":1,"sku_id":"ZR1Y01","sku_promo_messaging":null,"sku_type":"SE","sku_url":null,"tags":{"total":7,"items":[{"id":"1575","key":"ベストセラー","value":"ベストセラー"},{"id":"1682","key":"ふき取り化粧水化粧水","value":"ふき取り化粧水・化粧水"},{"id":"1573","key":"ステップ２ふき取る","value":"ステップ２：ふき取る"},{"id":"13051","key":"スキンケア-ベストセラー","value":"スキンケア ベストセラー"},{"id":"19570","key":"おすすめ製品","value":"おすすめ製品"},{"id":"13300","key":"ローション","value":"ローション"},{"id":"24780","key":"clarifying-lotion","value":"Clarifying Lotion"}]},"texture":null,"undertone":null,"unit_of_measure":null,"unit_size":null,"unit_size_formatted":null,"upc":"020714818111","vto":{"is_color_experience":null,"is_foundation_experience":null}},{"color_family":null,"coverage_options":null,"cross_sell":null,"display_status":7,"finish":null,"finish_options":null,"fragrances":[{"family":null,"key":null,"value":null}],"iln_listing":"水・ハマメリス水・ＤＰＧ・ビオサッカリドガム－１・ＢＧ・アセチルグルコサミン・グリセリン・スクロース・ポリソルベート２０・トレハロース・リン酸２Ｎａ・カフェイン・カプリロイルグリシン・ＥＤＴＡ－３Ｎａ・ヒアルロン酸Ｎａ・サリチル酸・フェノキシエタノール<JILN007382>","iln_version_number":"JILN007382","inventory_status":"Active","is_active":true,"is_coming_soon":null,"is_default_sku":false,"is_discountable":true,"is_displayable":null,"is_engravable":null,"is_fragrance":null,"is_giftable":null,"is_giftwrap":false,"is_inactive":null,"is_multi_shaded":null,"is_out_of_stock":null,"is_preorder":false,"is_preorderable":null,"is_promotional":null,"is_replenishable":false,"is_search_suppressed":null,"is_searchable":true,"is_shaded":null,"is_sized":null,"is_sold_out":null,"is_under_weight_hazmat":false,"is_vto_enabled":null,"life_of_product":"Basic Reorder","material_code":"ZN7P016000","media":{"large":[{"alt":"クラリファイング ローション 1.0 ","height":1200,"position":0,"src":"/media/export/cms/products/1200x1500/cl_sku_ZN7P01_1200x1500_0.png","type":"image","width":1500}],"medium":[{"alt":"クラリファイング ローション 1.0 ","height":600,"position":1,"src":"/media/export/cms/products/600x750/cl_sku_ZN7P01_600x750_0.png","type":"image","width":750}],"model":null,"poster":null,"small":[{"alt":"クラリファイング ローション 1.0 ","height":1200,"position":2,"src":"/media/export/cms/products/1200x1500/cl_sku_ZN7P01_1200x1500_0.png","type":"image","width":1500}],"smoosh":null,"xl":null},"out_of_stock_threshold":null,"perlgem":{"SKU_BASE_ID":72977},"preorder_date":null,"prices":[{"currency":"JPY","exclude_tax":{"original_price":5600,"original_price_formatted":"¥5,600","price":5600,"price_formatted":"¥5,600","price_per_unit":null,"price_per_unit_formatted":""},"include_tax":{"original_price":6160,"original_price_formatted":"¥6,160","price":6160,"price_formatted":"¥6,160","price_per_unit":null,"price_per_unit_formatted":""},"is_discounted":false}],"purchase_limit":null,"replenishment":{"message":null},"reviews":{"average_rating":null,"number_of_questions":null,"number_of_reviews":null},"set_components":null,"shade_groups":null,"shades":null,"sizes":[{"key":1,"value":"400mL"}],"skin":{"tone":null,"type":null,"type_description":null},"sku_badge":null,"sku_badge_image":null,"sku_display_order":1,"sku_id":"ZN7P01","sku_promo_messaging":null,"sku_type":"SE","sku_url":null,"tags":{"total":6,"items":[{"id":"1575","key":"ベストセラー","value":"ベストセラー"},{"id":"1682","key":"ふき取り化粧水化粧水","value":"ふき取り化粧水・化粧水"},{"id":"1573","key":"ステップ２ふき取る","value":"ステップ２：ふき取る"},{"id":"13051","key":"スキンケア-ベストセラー","value":"スキンケア ベストセラー"},{"id":"13300","key":"ローション","value":"ローション"},{"id":"24780","key":"clarifying-lotion","value":"Clarifying Lotion"}]},"texture":null,"undertone":null,"unit_of_measure":null,"unit_size":null,"unit_size_formatted":null,"upc":"020714803681","vto":{"is_color_experience":null,"is_foundation_experience":null}}]},"sub_display_name":"クラリファイング ローション 1.0 ","sub_header":null,"tags":{"total":7,"items":[{"id":"1575","key":"ベストセラー","parent_tag_id":null,"product_display_order":11,"value":"ベストセラー"},{"id":"1682","key":"ふき取り化粧水化粧水","parent_tag_id":"1667","product_display_order":7,"value":"ふき取り化粧水・化粧水"},{"id":"1573","key":"ステップ２ふき取る","parent_tag_id":"1570","product_display_order":6,"value":"ステップ２：ふき取る"},{"id":"13051","key":"スキンケア-ベストセラー","parent_tag_id":"1667","product_display_order":9,"value":"スキンケア ベストセラー"},{"id":"19570","key":"おすすめ製品","parent_tag_id":"1000020","product_display_order":71,"value":"おすすめ製品"},{"id":"13300","key":"ローション","parent_tag_id":"1667","product_display_order":11,"value":"ローション"},{"id":"24780","key":"clarifying-lotion","parent_tag_id":"13300","product_display_order":4,"value":"Clarifying Lotion"}]},"usage":[{"content":null,"label":"PRODUCT USAGE","type":"product_usage"},{"content":null,"label":"HOW DOES IT WORK","type":"how_does_it_work"},{"content":"すべてのスキンタイプ","label":"WHO IT IS FOR","type":"who_it_is_for"},{"content":null,"label":"GREAT TO KNOW","type":"great_to_know"},{"content":"乾燥させずに古い角質を穏やかに取り除き、肌をなめらかに整え、肌本来のモイスチャー バランスを保ちます。","label":"WHAT_IT_DOES","type":"what_it_does"},{"content":"ふき取り化粧水","label":"WHAT_IT_IS","type":"what_it_is"}],"objectID":"40550"},{"benefit":{"statement":null,"benefits":null},"brand":null,"collection":null,"coverage":null,"cross_sell":[{"sku_id":"ZJPR01","sort_key":1},{"sku_id":"ZKNK01","sort_key":2}],"default_category":{"id":"13305","key":"メーク下地uvケア"},"description":"軽いつけ心地の顔用日焼け止め乳液。紫外線吸収剤不使用（ノンケミカル処方）で、デリケートな肌や目のまわりにも優しくお使いいただけます。インビジブル シールド テクノロジーで、白浮きせずにすべてのスキントーンに自然となじみます。すべてのスキンタイプに。<br><br>クリニークのサンケア シリーズは、すべて無香料、アレルギーテスト済み＊。<br>男女を問わず、小さなお子様から大人まで、<br>ますます幅広くお使いいただけるラインナップになりました。<br>サングラスをかけるように、さっと身につけて、<br>太陽と毎日賢くつきあいましょう！<br><br><sub>＊ただし、すべての方にアレルギーが起きないというわけではありません</sub><br><br>","display_mode":null,"display_name":"SPF30 ミネラル サンスクリーン フルイド フォー フェース","display_status":7,"finish":null,"form":null,"formula_type":null,"fragrance_family":null,"indexable_keywords":null,"is_hazmat":false,"is_product_coming_soon":null,"is_product_displayable":true,"is_product_searchable":true,"is_product_shoppable":true,"is_product_sold_out":null,"is_product_temporarily_out_of_stock":null,"is_search_suppressed":null,"key_ingredient":null,"media":{"large":null,"medium":null,"poster":null,"small":null,"videos":[{"position":null,"poster":{"height":null,"src":null,"width":null},"provider":null,"src":null},{"position":null,"poster":{"height":null,"src":null,"width":null},"provider":null,"src":null},{"position":null,"poster":{"height":null,"src":null,"width":null},"provider":null,"src":null}],"xl":null},"meta":{"description":null,"keywords":null},"parent_category":[{"id":"13305","value":"メーク下地・UVケア"},{"id":"1667","value":"スキンケア"}],"product_badge":null,"product_id":"40649","product_title_tag":null,"product_type":"Other","product_url":"/product/13305/40649/uv/spf30--/spf30-mineral-sunscreen-fluid-for-face","reviews":{"average_rating":null,"number_of_questions":null,"number_of_reviews":null},"shade_groups":null,"short_description":"軽いつけ心地の顔用日焼け止め乳液。紫外線吸収剤不使用（ノンケミカル処方）で、デリケートな肌や目のまわりにも優しくお使いいただけます。インビジブル シールド テクノロジーで、白浮きせずにすべてのスキントーンに自然となじみます。すべてのスキンタイプに。<br><br>クリニークのサンケア シリーズは、すべて無香料、アレルギーテスト済み＊。<br>男女を問わず、小さなお子様から大人まで、<br>ますます幅広くお使いいただけるラインナップになりました。<br>サングラスをかけるように、さっと身につけて、<br>太陽と毎日賢くつきあいましょう！<br><br><sub>＊ただし、すべての方にアレルギーが起きないというわけではありません</sub><br><br>","skin":null,"skin_goal":null,"skus":{"total":1,"items":[{"color_family":null,"coverage_options":null,"cross_sell":null,"display_status":7,"finish":null,"finish_options":null,"fragrances":[{"family":null,"key":null,"value":null}],"iln_listing":"水・ジメチコン・サリチル酸ブチルオクチル・メチルトリメチコン・酸化チタン・ジヘプタン酸ネオペンチルグリコール・イソノナン酸イソノニル・コハク酸ジオクチル・安息香酸アルキル（Ｃ１２－１５）・酸化亜鉛・トリポリヒドロキシステアリン酸ジペンタエリスリチル・ＢＧ・ラウリルＰＥＧ－９ポリジメチルシロキシエチルジメチコン・トリメチルシロキシケイ酸・ヒドロキシアパタイト・セチルＰＥＧ／ＰＰＧ－１０／１ジメチコン・（ジメチコン／（ＰＥＧ－１０／１５））クロスポリマー・シリカ・（加水分解コムギタンパク／ＰＶＰ）クロスポリマー・ジメチコンクロスポリマー－３・ジメチコンシリレート・カプリリルグリコール・イソステアリン酸・ポリヒドロキシステアリン酸・ＤＰＧ・トコフェロール・酸化鉄・トリエトキシカプリリルシラン・フェノキシエタノール・ソルビン酸Ｋ<JILN7685>","iln_version_number":"JILN7685","inventory_status":"Active","is_active":true,"is_coming_soon":null,"is_default_sku":false,"is_discountable":true,"is_displayable":null,"is_engravable":null,"is_fragrance":null,"is_giftable":null,"is_giftwrap":false,"is_inactive":null,"is_multi_shaded":null,"is_out_of_stock":null,"is_preorder":false,"is_preorderable":null,"is_promotional":null,"is_replenishable":false,"is_search_suppressed":null,"is_searchable":true,"is_shaded":null,"is_sized":null,"is_sold_out":null,"is_under_weight_hazmat":false,"is_vto_enabled":null,"life_of_product":"Basic Reorder","material_code":"ZJYP01A000","media":{"large":[{"alt":"SPF30 ミネラル サンスクリーン フルイド フォー フェース","height":1200,"position":0,"src":"/media/export/cms/products/1200x1500/cl_sku_ZJYP01_1200x1500_0.png","type":"image","width":1500}],"medium":[{"alt":"SPF30 ミネラル サンスクリーン フルイド フォー フェース","height":600,"position":1,"src":"/media/export/cms/products/600x750/cl_sku_ZJYP01_600x750_0.png","type":"image","width":750}],"model":null,"poster":null,"small":[{"alt":"SPF30 ミネラル サンスクリーン フルイド フォー フェース","height":1200,"position":2,"src":"/media/export/cms/products/1200x1500/cl_sku_ZJYP01_1200x1500_0.png","type":"image","width":1500}],"smoosh":null,"xl":null},"out_of_stock_threshold":null,"perlgem":{"SKU_BASE_ID":70153},"preorder_date":null,"prices":[{"currency":"JPY","exclude_tax":{"original_price":4200,"original_price_formatted":"¥4,200","price":4200,"price_formatted":"¥4,200","price_per_unit":null,"price_per_unit_formatted":""},"include_tax":{"original_price":4620,"original_price_formatted":"¥4,620","price":4620,"price_formatted":"¥4,620","price_per_unit":null,"price_per_unit_formatted":""},"is_discounted":false}],"purchase_limit":null,"replenishment":{"message":null},"reviews":{"average_rating":null,"number_of_questions":null,"number_of_reviews":null},"set_components":null,"shade_groups":null,"shades":null,"sizes":[{"key":1,"value":"30ml"}],"skin":{"tone":null,"type":null,"type_description":null},"sku_badge":null,"sku_badge_image":null,"sku_display_order":0,"sku_id":"ZJYP01","sku_promo_messaging":null,"sku_type":"SE","sku_url":null,"tags":{"total":6,"items":[{"id":"13305","key":"メーク下地uvケア","value":"メーク下地・UVケア"},{"id":"4323","key":"just-arrived","value":"Just Arrived"},{"id":"1660","key":"ボディケア","value":"ボディケア　"},{"id":"1590","key":"last-chance","value":"Last Chance"},{"id":"19288","key":"スペシャルセール","value":"スペシャルセール"},{"id":"1661","key":"サンケア","value":"サンケア"}]},"texture":null,"undertone":null,"unit_of_measure":null,"unit_size":null,"unit_size_formatted":null,"upc":"020714776091","vto":{"is_color_experience":null,"is_foundation_experience":null}}]},"sub_display_name":"SPF30 ミネラル サンスクリーン フルイド フォー フェース","sub_header":null,"tags":{"total":6,"items":[{"id":"13305","key":"メーク下地uvケア","parent_tag_id":"1667","product_display_order":8,"value":"メーク下地・UVケア"},{"id":"4323","key":"just-arrived","parent_tag_id":null,"product_display_order":0,"value":"Just Arrived"},{"id":"1660","key":"ボディケア","parent_tag_id":"1659","product_display_order":10,"value":"ボディケア　"},{"id":"1590","key":"last-chance","parent_tag_id":null,"product_display_order":0,"value":"Last Chance"},{"id":"19288","key":"スペシャルセール","parent_tag_id":"1590","product_display_order":0,"value":"スペシャルセール"},{"id":"1661","key":"サンケア","parent_tag_id":"1659","product_display_order":2,"value":"サンケア"}]},"usage":[{"content":"<br>","label":"PRODUCT USAGE","type":"product_usage"},{"content":null,"label":"HOW DOES IT WORK","type":"how_does_it_work"},{"content":null,"label":"WHO IT IS FOR","type":"who_it_is_for"},{"content":null,"label":"GREAT TO KNOW","type":"great_to_know"},{"content":null,"label":"WHAT_IT_DOES","type":"what_it_does"},{"content":null,"label":"WHAT_IT_IS","type":"what_it_is"}],"objectID":"40649"},{"benefit":{"statement":null,"benefits":null},"brand":null,"collection":null,"coverage":null,"cross_sell":null,"default_category":{"id":"13305","key":"メーク下地uvケア"},"description":"軽いつけ心地のボディ用日焼け止めローション。紫外線吸収剤不使用（ノンケミカル処方）で敏感な肌にも優しくお使いいただけます。滑らかなつけ心地で、肌にすばやくなじみます。インビジブル シールド テクノロジーで白浮きもきになりません。すべてのスキンタイプに。<br><br>クリニークのサンケア シリーズは、すべて無香料、アレルギーテスト済み＊。<br>男女を問わず、小さなお子様から大人まで、<br>ますます幅広くお使いいただけるラインナップになりました。<br>サングラスをかけるように、さっと身につけて、<br>太陽と毎日賢くつきあいましょう！<br><br><sub>＊ただし、すべての方にアレルギーが起きないというわけではありません</sub>","display_mode":null,"display_name":"SPF30 ミネラル サンスクリーン ローション フォー ボディ","display_status":7,"finish":null,"form":null,"formula_type":null,"fragrance_family":null,"indexable_keywords":null,"is_hazmat":false,"is_product_coming_soon":null,"is_product_displayable":true,"is_product_searchable":true,"is_product_shoppable":true,"is_product_sold_out":null,"is_product_temporarily_out_of_stock":null,"is_search_suppressed":null,"key_ingredient":null,"media":{"large":null,"medium":null,"poster":null,"small":null,"videos":[{"position":null,"poster":{"height":null,"src":null,"width":null},"provider":null,"src":null},{"position":null,"poster":{"height":null,"src":null,"width":null},"provider":null,"src":null},{"position":null,"poster":{"height":null,"src":null,"width":null},"provider":null,"src":null}],"xl":null},"meta":{"description":null,"keywords":null},"parent_category":[{"id":"13305","value":"メーク下地・UVケア"},{"id":"1667","value":"スキンケア"}],"product_badge":null,"product_id":"41141","product_title_tag":null,"product_type":"Other","product_url":"/product/13305/41141/uv/spf30--/spf30-mineral-sunscreen-lotion-for-body","reviews":{"average_rating":null,"number_of_questions":null,"number_of_reviews":null},"shade_groups":null,"short_description":"軽いつけ心地のボディ用日焼け止めローション。紫外線吸収剤不使用（ノンケミカル処方）で敏感な肌にも優しくお使いいただけます。滑らかなつけ心地で、肌にすばやくなじみます。インビジブル シールド テクノロジーで白浮きもきになりません。すべてのスキンタイプに。<br><br>クリニークのサンケア シリーズは、すべて無香料、アレルギーテスト済み＊。<br>男女を問わず、小さなお子様から大人まで、<br>ますます幅広くお使いいただけるラインナップになりました。<br>サングラスをかけるように、さっと身につけて、<br>太陽と毎日賢くつきあいましょう！<br><br><sub>＊ただし、すべての方にアレルギーが起きないというわけではありません</sub>","skin":null,"skin_goal":null,"skus":{"total":1,"items":[{"color_family":null,"coverage_options":null,"cross_sell":null,"display_status":7,"finish":null,"finish_options":null,"fragrances":[{"family":null,"key":null,"value":null}],"iln_listing":"水・ジメチコン・カプリリルメチコン・サリチル酸ブチルオクチル・イソノナン酸イソノニル・酸化チタン・ジヘプタン酸ネオペンチルグリコール・（ジメチコン／（ＰＥＧ－１０／１５））クロスポリマー・ＢＧ・コハク酸ジオクチル・酸化亜鉛・トリポリヒドロキシステアリン酸ジペンタエリスリチル・安息香酸アルキル（Ｃ１２－１５）・ラウリルＰＥＧ－９ポリジメチルシロキシエチルジメチコン・メチルトリメチコン・トリメチルシロキシケイ酸・ヒドロキシアパタイト・セチルＰＥＧ／ＰＰＧ－１０／１ジメチコン・シリカ・クオタニウム－９０ベントナイト・（加水分解コムギタンパク／ＰＶＰ）クロスポリマー・塩化Ｎａ・ジメチコンクロスポリマー－３・ジメチコンシリレート・カプリリルグリコール・イソステアリン酸・ポリヒドロキシステアリン酸・ＥＤＴＡ－２Ｎａ・炭酸プロピレン・クエン酸Ｎａ・トコフェロール・酸化鉄・トリエトキシカプリリルシラン・フェノキシエタノール・ソルビン酸Ｋ<JILN7686>","iln_version_number":"JILN7686","inventory_status":"Active","is_active":true,"is_coming_soon":null,"is_default_sku":false,"is_discountable":true,"is_displayable":null,"is_engravable":null,"is_fragrance":null,"is_giftable":null,"is_giftwrap":false,"is_inactive":null,"is_multi_shaded":null,"is_out_of_stock":null,"is_preorder":false,"is_preorderable":null,"is_promotional":null,"is_replenishable":false,"is_search_suppressed":null,"is_searchable":true,"is_shaded":null,"is_sized":null,"is_sold_out":null,"is_under_weight_hazmat":false,"is_vto_enabled":null,"life_of_product":"Basic Reorder","material_code":"ZJPR01A000","media":{"large":[{"alt":"SPF30 ミネラル サンスクリーン ローション フォー ボディ","height":1200,"position":0,"src":"/media/export/cms/products/1200x1500/cl_sku_ZJPR01_1200x1500_0.png","type":"image","width":1500}],"medium":[{"alt":"SPF30 ミネラル サンスクリーン ローション フォー ボディ","height":600,"position":1,"src":"/media/export/cms/products/600x750/cl_sku_ZJPR01_600x750_0.png","type":"image","width":750}],"model":null,"poster":null,"small":[{"alt":"SPF30 ミネラル サンスクリーン ローション フォー ボディ","height":1200,"position":2,"src":"/media/export/cms/products/1200x1500/cl_sku_ZJPR01_1200x1500_0.png","type":"image","width":1500}],"smoosh":null,"xl":null},"out_of_stock_threshold":null,"perlgem":{"SKU_BASE_ID":70149},"preorder_date":null,"prices":[{"currency":"JPY","exclude_tax":{"original_price":4000,"original_price_formatted":"¥4,000","price":4000,"price_formatted":"¥4,000","price_per_unit":null,"price_per_unit_formatted":""},"include_tax":{"original_price":4400,"original_price_formatted":"¥4,400","price":4400,"price_formatted":"¥4,400","price_per_unit":null,"price_per_unit_formatted":""},"is_discounted":false}],"purchase_limit":null,"replenishment":{"message":null},"reviews":{"average_rating":null,"number_of_questions":null,"number_of_reviews":null},"set_components":null,"shade_groups":null,"shades":null,"sizes":[{"key":1,"value":"4.2 fl. oz."}],"skin":{"tone":null,"type":null,"type_description":null},"sku_badge":null,"sku_badge_image":null,"sku_display_order":0,"sku_id":"ZJPR01","sku_promo_messaging":null,"sku_type":"SE","sku_url":null,"tags":{"total":9,"items":[{"id":"13305","key":"メーク下地uvケア","value":"メーク下地・UVケア"},{"id":"27174","key":"day7flashsale","value":"Day7FlashSale"},{"id":"27168","key":"day1flashsale","value":"Day1FlashSale"},{"id":"11731","key":"nail-enamel","value":"nail enamel"},{"id":"27172","key":"day5flashsale","value":"Day5FlashSale"},{"id":"1661","key":"サンケア","value":"サンケア"},{"id":"1686","key":"ボディケア","value":"ボディケア"},{"id":"1660","key":"ボディケア","value":"ボディケア　"},{"id":"4323","key":"just-arrived","value":"Just Arrived"}]},"texture":null,"undertone":null,"unit_of_measure":null,"unit_size":null,"unit_size_formatted":null,"upc":"020714774127","vto":{"is_color_experience":null,"is_foundation_experience":null}}]},"sub_display_name":"SPF30 ミネラル サンスクリーン ローション フォー ボディ","sub_header":null,"tags":{"total":9,"items":[{"id":"13305","key":"メーク下地uvケア","parent_tag_id":"1667","product_display_order":9,"value":"メーク下地・UVケア"},{"id":"27174","key":"day7flashsale","parent_tag_id":"1590","product_display_order":0,"value":"Day7FlashSale"},{"id":"27168","key":"day1flashsale","parent_tag_id":"1590","product_display_order":0,"value":"Day1FlashSale"},{"id":"11731","key":"nail-enamel","parent_tag_id":"1592","product_display_order":0,"value":"nail enamel"},{"id":"27172","key":"day5flashsale","parent_tag_id":"1590","product_display_order":122,"value":"Day5FlashSale"},{"id":"1661","key":"サンケア","parent_tag_id":"1659","product_display_order":3,"value":"サンケア"},{"id":"1686","key":"ボディケア","parent_tag_id":"1667","product_display_order":18,"value":"ボディケア"},{"id":"1660","key":"ボディケア","parent_tag_id":"1659","product_display_order":8,"value":"ボディケア　"},{"id":"4323","key":"just-arrived","parent_tag_id":null,"product_display_order":0,"value":"Just Arrived"}]},"usage":[{"content":null,"label":"PRODUCT USAGE","type":"product_usage"},{"content":null,"label":"HOW DOES IT WORK","type":"how_does_it_work"},{"content":null,"label":"WHO IT IS FOR","type":"who_it_is_for"},{"content":null,"label":"GREAT TO KNOW","type":"great_to_know"},{"content":null,"label":"WHAT_IT_DOES","type":"what_it_does"},{"content":null,"label":"WHAT_IT_IS","type":"what_it_is"}],"objectID":"41141"},{"benefit":{"statement":null,"benefits":null},"brand":null,"collection":null,"coverage":null,"cross_sell":null,"default_category":{"id":"1596","key":"コンシーラー"},"description":"＜医薬部外品＞<BR>シミ・ソバカス・色ムラなど気になる部分を隠し、肌のトーンを明るく整えます。<BR>さらに美白有効成分がメラニンの生成を抑えて、シミ・ソバカスを防ぎます。紫外線からの防御効果も。<BR>SPF21/PA++　オール スキンタイプ","display_mode":null,"display_name":"イーブン ベター スポッツ コンセントレート コンシーラー 21＜医薬部外品＞","display_status":7,"finish":null,"form":null,"formula_type":null,"fragrance_family":null,"indexable_keywords":[{"value":"Even Better"},{"value":"イーブン ベター"},{"value":"イーブン"},{"value":"イーブンベター"},{"value":"ダーマ ホワイト"}],"is_hazmat":false,"is_product_coming_soon":null,"is_product_displayable":true,"is_product_searchable":true,"is_product_shoppable":true,"is_product_sold_out":null,"is_product_temporarily_out_of_stock":null,"is_search_suppressed":null,"key_ingredient":null,"media":{"large":null,"medium":null,"poster":null,"small":null,"videos":[{"position":null,"poster":{"height":null,"src":null,"width":null},"provider":"YouTube","src":null},{"position":null,"poster":{"height":null,"src":null,"width":null},"provider":"YouTube","src":null},{"position":null,"poster":{"height":null,"src":null,"width":null},"provider":"YouTube","src":null}],"xl":null},"meta":{"description":null,"keywords":null},"parent_category":[{"id":"1596","value":"コンシーラー"},{"id":"1592","value":"メーク"}],"product_badge":null,"product_id":"41730","product_title_tag":null,"product_type":"Shaded","product_url":"/product/1596/41730/--21/even-better-spot-concentrate-concealer-spf21pa","reviews":{"average_rating":null,"number_of_questions":null,"number_of_reviews":null},"shade_groups":null,"short_description":"＜医薬部外品＞<BR>シミ・ソバカス・色ムラなど気になる部分を隠し、肌のトーンを明るく整えます。<BR>さらに美白有効成分がメラニンの生成を抑えて、シミ・ソバカスを防ぎます。紫外線からの防御効果も。<BR>SPF21/PA++　オール スキンタイプ","skin":null,"skin_goal":null,"skus":{"total":1,"items":[{"color_family":null,"coverage_options":null,"cross_sell":null,"display_status":7,"finish":null,"finish_options":null,"fragrances":[{"family":null,"key":null,"value":null}],"iln_listing":"リン酸Ｌ－アスコルビルマグネシウム*、グリチルレチン酸ステアリル*、トリ２－エチルヘキサン酸グリセリル、酸化チタン、メチルフェニルポリシロキサン、メチルポリシロキサン、微粒子酸化チタン、セレシン、低温焼成酸化亜鉛、パラメトキシケイ皮酸２－エチルヘキシル、脱樹脂キャンデリラロウ、パラフィン、水酸化アルミニウム、テトラ２－ヘキシルデカン酸アスコルビル、メチルハイドロジェンポリシロキサン、ショ糖脂肪酸エステル、セスキイソステアリン酸ソルビタン、マイクロクリスタリンワックス、含水ケイ酸、ジブチルヒドロキシトルエン、シリコーン樹脂、天然ビタミンＥ、ｄ－δ－トコフェロール<QDILN261>　*は有効成分　無印はその他の成分","iln_version_number":null,"inventory_status":"Active","is_active":true,"is_coming_soon":null,"is_default_sku":false,"is_discountable":true,"is_displayable":null,"is_engravable":null,"is_fragrance":null,"is_giftable":null,"is_giftwrap":false,"is_inactive":null,"is_multi_shaded":null,"is_out_of_stock":null,"is_preorder":false,"is_preorderable":null,"is_promotional":null,"is_replenishable":false,"is_search_suppressed":null,"is_searchable":true,"is_shaded":null,"is_sized":null,"is_sold_out":null,"is_under_weight_hazmat":false,"is_vto_enabled":null,"life_of_product":"Basic Reorder","material_code":"ZKW0030000","media":{"large":[{"alt":"イーブン ベター スポッツ コンセントレート コンシーラー 21＜医薬部外品＞","height":1200,"position":1,"src":"/media/export/cms/products/1200x1500/cl_sku_ZKW003_1200x1500_0.png","type":"image","width":1500}],"medium":[{"alt":"イーブン ベター スポッツ コンセントレート コンシーラー 21＜医薬部外品＞","height":600,"position":2,"src":"/media/export/cms/products/600x750/cl_sku_ZKW003_600x750_0.png","type":"image","width":750}],"model":null,"poster":null,"small":[{"alt":"イーブン ベター スポッツ コンセントレート コンシーラー 21＜医薬部外品＞","height":1200,"position":3,"src":"/media/export/cms/products/1200x1500/cl_sku_ZKW003_1200x1500_0.png","type":"image","width":1500}],"smoosh":[{"alt":"イーブン ベター スポッツ コンセントレート コンシーラー 21＜医薬部外品＞","height":1200,"position":0,"src":"/media/export/cms/products/1200x1500/swatches_v3/06_ns_ng.png","type":"image","width":1500}],"xl":null},"out_of_stock_threshold":null,"perlgem":{"SKU_BASE_ID":71319},"preorder_date":null,"prices":[{"currency":"JPY","exclude_tax":{"original_price":4000,"original_price_formatted":"¥4,000","price":4000,"price_formatted":"¥4,000","price_per_unit":null,"price_per_unit_formatted":""},"include_tax":{"original_price":4400,"original_price_formatted":"¥4,400","price":4400,"price_formatted":"¥4,400","price_per_unit":null,"price_per_unit_formatted":""},"is_discounted":false}],"purchase_limit":null,"replenishment":{"message":null},"reviews":{"average_rating":null,"number_of_questions":null,"number_of_reviews":null},"set_components":null,"shade_groups":null,"shades":[{"description":"","hex_val":"#F7F7FC","image":{"height":null,"src":"","width":null},"name":"03 ホワイト","smoosh_design":{"group_id":null,"name":"06::none::none"}}],"sizes":[{"key":1,"value":"3.5g"}],"skin":{"tone":null,"type":null,"type_description":null},"sku_badge":null,"sku_badge_image":null,"sku_display_order":0,"sku_id":"ZKW003","sku_promo_messaging":null,"sku_type":"SE","sku_url":null,"tags":{"total":4,"items":[{"id":"17726","key":"base-makeup","value":"Base Makeup"},{"id":"1693","key":"シミソバカス","value":"シミ・ソバカス"},{"id":"1596","key":"コンシーラー","value":"コンシーラー"},{"id":"16907","key":"even-better-makeup","value":"Even Better Makeup"}]},"texture":null,"undertone":null,"unit_of_measure":null,"unit_size":null,"unit_size_formatted":null,"upc":"020714783457","vto":{"is_color_experience":null,"is_foundation_experience":null}}]},"sub_display_name":"イーブン ベター スポッツ コンセントレート コンシーラー 21＜医薬部外品＞","sub_header":null,"tags":{"total":4,"items":[{"id":"17726","key":"base-makeup","parent_tag_id":"1592","product_display_order":22,"value":"Base Makeup"},{"id":"1693","key":"シミソバカス","parent_tag_id":"1667","product_display_order":14,"value":"シミ・ソバカス"},{"id":"1596","key":"コンシーラー","parent_tag_id":"1592","product_display_order":0,"value":"コンシーラー"},{"id":"16907","key":"even-better-makeup","parent_tag_id":"1592","product_display_order":5,"value":"Even Better Makeup"}]},"usage":[{"content":"シミ、ソバカスが気になる部分に、スティックを直接あてて適量をつけ、指先で軽くなじませます。<BR>パウダリー ファンデーションのみで仕上げる場合にはコンシーラーを先に、リキッドやクリーム ファンデーションで仕上げる場合には、コンシーラーを後に使用すると、効果的です。","label":"PRODUCT USAGE","type":"product_usage"},{"content":null,"label":"HOW DOES IT WORK","type":"how_does_it_work"},{"content":null,"label":"WHO IT IS FOR","type":"who_it_is_for"},{"content":null,"label":"GREAT TO KNOW","type":"great_to_know"},{"content":null,"label":"WHAT_IT_DOES","type":"what_it_does"},{"content":null,"label":"WHAT_IT_IS","type":"what_it_is"}],"objectID":"41730"},{"benefit":{"statement":null,"benefits":null},"brand":null,"collection":null,"coverage":null,"cross_sell":null,"default_category":{"id":"1597","key":"アイライナー"},"description":null,"display_mode":null,"display_name":"High Impact Kajal Eyeliner","display_status":1,"finish":null,"form":null,"formula_type":null,"fragrance_family":null,"indexable_keywords":null,"is_hazmat":false,"is_product_coming_soon":null,"is_product_displayable":true,"is_product_searchable":true,"is_product_shoppable":false,"is_product_sold_out":null,"is_product_temporarily_out_of_stock":null,"is_search_suppressed":null,"key_ingredient":null,"media":{"large":null,"medium":null,"poster":null,"small":null,"videos":[{"position":null,"poster":{"height":null,"src":null,"width":null},"provider":null,"src":null},{"position":null,"poster":{"height":null,"src":null,"width":null},"provider":null,"src":null},{"position":null,"poster":{"height":null,"src":null,"width":null},"provider":null,"src":null}],"xl":null},"meta":{"description":null,"keywords":null},"parent_category":[{"id":"1597","value":"アイライナー"},{"id":"1592","value":"メーク"}],"product_badge":null,"product_id":"41979","product_title_tag":null,"product_type":"Shaded","product_url":"/product/1597/41979/high-impact-kajal-eyeliner/high-impact-kajal-eyeliner","reviews":{"average_rating":null,"number_of_questions":null,"number_of_reviews":null},"shade_groups":null,"short_description":null,"skin":null,"skin_goal":null,"skus":{"total":4,"items":[{"color_family":null,"coverage_options":null,"cross_sell":null,"display_status":1,"finish":null,"finish_options":null,"fragrances":[{"family":null,"key":null,"value":null}],"iln_listing":null,"iln_version_number":null,"inventory_status":"Sold Out","is_active":null,"is_coming_soon":null,"is_default_sku":false,"is_discountable":true,"is_displayable":null,"is_engravable":null,"is_fragrance":null,"is_giftable":null,"is_giftwrap":false,"is_inactive":null,"is_multi_shaded":null,"is_out_of_stock":null,"is_preorder":false,"is_preorderable":null,"is_promotional":null,"is_replenishable":false,"is_search_suppressed":null,"is_searchable":true,"is_shaded":null,"is_sized":null,"is_sold_out":true,"is_under_weight_hazmat":false,"is_vto_enabled":null,"life_of_product":"Limited life","material_code":"ZP4R030000","media":{"large":[{"alt":"High Impact Kajal Eyeliner","height":1200,"position":1,"src":"/media/export/cms/products/1200x1500/cl_sku_ZP4R03_1200x1500_0.png","type":"image","width":1500}],"medium":[{"alt":"High Impact Kajal Eyeliner","height":600,"position":2,"src":"/media/export/cms/products/600x750/cl_sku_ZP4R03_600x750_0.png","type":"image","width":750}],"model":null,"poster":null,"small":[{"alt":"High Impact Kajal Eyeliner","height":1200,"position":3,"src":"/media/export/cms/products/1200x1500/cl_sku_ZP4R03_1200x1500_0.png","type":"image","width":1500}],"smoosh":[{"alt":"High Impact Kajal Eyeliner","height":1200,"position":0,"src":"/media/export/cms/products/1200x1500/swatches_v3/53_ns_ng.png","type":"image","width":1500}],"xl":null},"out_of_stock_threshold":null,"perlgem":{"SKU_BASE_ID":71730},"preorder_date":null,"prices":[{"currency":"JPY","exclude_tax":{"original_price":16.5,"original_price_formatted":"¥16.5","price":16.5,"price_formatted":"¥16.5","price_per_unit":null,"price_per_unit_formatted":""},"include_tax":{"original_price":18,"original_price_formatted":"¥18","price":18,"price_formatted":"¥18","price_per_unit":null,"price_per_unit_formatted":""},"is_discounted":false}],"purchase_limit":null,"replenishment":{"message":null},"reviews":{"average_rating":null,"number_of_questions":null,"number_of_reviews":null},"set_components":null,"shade_groups":null,"shades":[{"description":"","hex_val":"#202318","image":{"height":null,"src":"","width":null},"name":"Green","smoosh_design":{"group_id":null,"name":"53::none::none"}}],"sizes":[{"key":1,"value":null}],"skin":{"tone":null,"type":null,"type_description":null},"sku_badge":null,"sku_badge_image":null,"sku_display_order":0,"sku_id":"ZP4R03","sku_promo_messaging":null,"sku_type":"SE","sku_url":null,"tags":{"total":1,"items":[{"id":"1597","key":"アイライナー","value":"アイライナー"}]},"texture":null,"undertone":null,"unit_of_measure":null,"unit_size":null,"unit_size_formatted":null,"upc":"020714813185","vto":{"is_color_experience":null,"is_foundation_experience":null}},{"color_family":null,"coverage_options":null,"cross_sell":null,"display_status":1,"finish":null,"finish_options":null,"fragrances":[{"family":null,"key":null,"value":null}],"iln_listing":null,"iln_version_number":null,"inventory_status":"Sold Out","is_active":null,"is_coming_soon":null,"is_default_sku":false,"is_discountable":true,"is_displayable":null,"is_engravable":null,"is_fragrance":null,"is_giftable":null,"is_giftwrap":false,"is_inactive":null,"is_multi_shaded":null,"is_out_of_stock":null,"is_preorder":false,"is_preorderable":null,"is_promotional":null,"is_replenishable":false,"is_search_suppressed":null,"is_searchable":true,"is_shaded":null,"is_sized":null,"is_sold_out":true,"is_under_weight_hazmat":false,"is_vto_enabled":null,"life_of_product":"Limited life","material_code":"ZP4R010000","media":{"large":[{"alt":"High Impact Kajal Eyeliner","height":1200,"position":1,"src":"/media/export/cms/products/1200x1500/cl_sku_ZP4R01_1200x1500_0.png","type":"image","width":1500}],"medium":[{"alt":"High Impact Kajal Eyeliner","height":600,"position":2,"src":"/media/export/cms/products/600x750/cl_sku_ZP4R01_600x750_0.png","type":"image","width":750}],"model":null,"poster":null,"small":[{"alt":"High Impact Kajal Eyeliner","height":1200,"position":3,"src":"/media/export/cms/products/1200x1500/cl_sku_ZP4R01_1200x1500_0.png","type":"image","width":1500}],"smoosh":[{"alt":"High Impact Kajal Eyeliner","height":1200,"position":0,"src":"/media/export/cms/products/1200x1500/swatches_v3/53_ns_ng.png","type":"image","width":1500}],"xl":null},"out_of_stock_threshold":null,"perlgem":{"SKU_BASE_ID":71728},"preorder_date":null,"prices":[{"currency":"JPY","exclude_tax":{"original_price":16.5,"original_price_formatted":"¥16.5","price":16.5,"price_formatted":"¥16.5","price_per_unit":null,"price_per_unit_formatted":""},"include_tax":{"original_price":18,"original_price_formatted":"¥18","price":18,"price_formatted":"¥18","price_per_unit":null,"price_per_unit_formatted":""},"is_discounted":false}],"purchase_limit":null,"replenishment":{"message":null},"reviews":{"average_rating":null,"number_of_questions":null,"number_of_reviews":null},"set_components":null,"shade_groups":null,"shades":[{"description":"","hex_val":"#0b0004","image":{"height":null,"src":"","width":null},"name":"Black","smoosh_design":{"group_id":null,"name":"53::none::none"}}],"sizes":[{"key":1,"value":null}],"skin":{"tone":null,"type":null,"type_description":null},"sku_badge":null,"sku_badge_image":null,"sku_display_order":0,"sku_id":"ZP4R01","sku_promo_messaging":null,"sku_type":"SE","sku_url":null,"tags":{"total":5,"items":[{"id":"25565","key":"justarrivednew","value":"justarrivednew"},{"id":"27172","key":"day5flashsale","value":"Day5FlashSale"},{"id":"1597","key":"アイライナー","value":"アイライナー"},{"id":"27174","key":"day7flashsale","value":"Day7FlashSale"},{"id":"27171","key":"day4flashsale","value":"Day4FlashSale"}]},"texture":null,"undertone":null,"unit_of_measure":null,"unit_size":null,"unit_size_formatted":null,"upc":"020714810993","vto":{"is_color_experience":null,"is_foundation_experience":null}},{"color_family":null,"coverage_options":null,"cross_sell":null,"display_status":1,"finish":null,"finish_options":null,"fragrances":[{"family":null,"key":null,"value":null}],"iln_listing":null,"iln_version_number":null,"inventory_status":"Sold Out","is_active":null,"is_coming_soon":null,"is_default_sku":false,"is_discountable":true,"is_displayable":null,"is_engravable":null,"is_fragrance":null,"is_giftable":null,"is_giftwrap":false,"is_inactive":null,"is_multi_shaded":null,"is_out_of_stock":null,"is_preorder":false,"is_preorderable":null,"is_promotional":null,"is_replenishable":false,"is_search_suppressed":null,"is_searchable":true,"is_shaded":null,"is_sized":null,"is_sold_out":true,"is_under_weight_hazmat":false,"is_vto_enabled":null,"life_of_product":"Limited life","material_code":"ZP4R040000","media":{"large":[{"alt":"High Impact Kajal Eyeliner","height":1200,"position":1,"src":"/media/export/cms/products/1200x1500/cl_sku_ZP4R04_1200x1500_0.png","type":"image","width":1500}],"medium":[{"alt":"High Impact Kajal Eyeliner","height":600,"position":2,"src":"/media/export/cms/products/600x750/cl_sku_ZP4R04_600x750_0.png","type":"image","width":750}],"model":null,"poster":null,"small":[{"alt":"High Impact Kajal Eyeliner","height":1200,"position":3,"src":"/media/export/cms/products/1200x1500/cl_sku_ZP4R04_1200x1500_0.png","type":"image","width":1500}],"smoosh":[{"alt":"High Impact Kajal Eyeliner","height":1200,"position":0,"src":"/media/export/cms/products/1200x1500/swatches_v3/53_ns_ng.png","type":"image","width":1500}],"xl":null},"out_of_stock_threshold":null,"perlgem":{"SKU_BASE_ID":71731},"preorder_date":null,"prices":[{"currency":"JPY","exclude_tax":{"original_price":16.5,"original_price_formatted":"¥16.5","price":16.5,"price_formatted":"¥16.5","price_per_unit":null,"price_per_unit_formatted":""},"include_tax":{"original_price":18,"original_price_formatted":"¥18","price":18,"price_formatted":"¥18","price_per_unit":null,"price_per_unit_formatted":""},"is_discounted":false}],"purchase_limit":null,"replenishment":{"message":null},"reviews":{"average_rating":null,"number_of_questions":null,"number_of_reviews":null},"set_components":null,"shade_groups":null,"shades":[{"description":"","hex_val":"#010e24","image":{"height":null,"src":"","width":null},"name":"Blue","smoosh_design":{"group_id":null,"name":"53::none::none"}}],"sizes":[{"key":1,"value":null}],"skin":{"tone":null,"type":null,"type_description":null},"sku_badge":null,"sku_badge_image":null,"sku_display_order":0,"sku_id":"ZP4R04","sku_promo_messaging":null,"sku_type":"SE","sku_url":null,"tags":{"total":1,"items":[{"id":"1597","key":"アイライナー","value":"アイライナー"}]},"texture":null,"undertone":null,"unit_of_measure":null,"unit_size":null,"unit_size_formatted":null,"upc":"020714813192","vto":{"is_color_experience":null,"is_foundation_experience":null}},{"color_family":null,"coverage_options":null,"cross_sell":null,"display_status":1,"finish":null,"finish_options":null,"fragrances":[{"family":null,"key":null,"value":null}],"iln_listing":null,"iln_version_number":null,"inventory_status":"Sold Out","is_active":null,"is_coming_soon":null,"is_default_sku":false,"is_discountable":true,"is_displayable":null,"is_engravable":null,"is_fragrance":null,"is_giftable":null,"is_giftwrap":false,"is_inactive":null,"is_multi_shaded":null,"is_out_of_stock":null,"is_preorder":false,"is_preorderable":null,"is_promotional":null,"is_replenishable":false,"is_search_suppressed":null,"is_searchable":true,"is_shaded":null,"is_sized":null,"is_sold_out":true,"is_under_weight_hazmat":false,"is_vto_enabled":null,"life_of_product":"Limited life","material_code":"ZP4R020000","media":{"large":[{"alt":"High Impact Kajal Eyeliner","height":1200,"position":1,"src":"/media/export/cms/products/1200x1500/cl_sku_ZP4R02_1200x1500_0.png","type":"image","width":1500}],"medium":[{"alt":"High Impact Kajal Eyeliner","height":600,"position":2,"src":"/media/export/cms/products/600x750/cl_sku_ZP4R02_600x750_0.png","type":"image","width":750}],"model":null,"poster":null,"small":[{"alt":"High Impact Kajal Eyeliner","height":1200,"position":3,"src":"/media/export/cms/products/1200x1500/cl_sku_ZP4R02_1200x1500_0.png","type":"image","width":1500}],"smoosh":[{"alt":"High Impact Kajal Eyeliner","height":1200,"position":0,"src":"/media/export/cms/products/1200x1500/swatches_v3/53_ns_ng.png","type":"image","width":1500}],"xl":null},"out_of_stock_threshold":null,"perlgem":{"SKU_BASE_ID":71729},"preorder_date":null,"prices":[{"currency":"JPY","exclude_tax":{"original_price":16.5,"original_price_formatted":"¥16.5","price":16.5,"price_formatted":"¥16.5","price_per_unit":null,"price_per_unit_formatted":""},"include_tax":{"original_price":18,"original_price_formatted":"¥18","price":18,"price_formatted":"¥18","price_per_unit":null,"price_per_unit_formatted":""},"is_discounted":false}],"purchase_limit":null,"replenishment":{"message":null},"reviews":{"average_rating":null,"number_of_questions":null,"number_of_reviews":null},"set_components":null,"shade_groups":null,"shades":[{"description":"","hex_val":"#3e2b27","image":{"height":null,"src":"","width":null},"name":"Brown","smoosh_design":{"group_id":null,"name":"53::none::none"}}],"sizes":[{"key":1,"value":null}],"skin":{"tone":null,"type":null,"type_description":null},"sku_badge":null,"sku_badge_image":null,"sku_display_order":0,"sku_id":"ZP4R02","sku_promo_messaging":null,"sku_type":"SE","sku_url":null,"tags":{"total":1,"items":[{"id":"1597","key":"アイライナー","value":"アイライナー"}]},"texture":null,"undertone":null,"unit_of_measure":null,"unit_size":null,"unit_size_formatted":null,"upc":"020714813178","vto":{"is_color_experience":null,"is_foundation_experience":null}}]},"sub_display_name":null,"sub_header":null,"tags":{"total":5,"items":[{"id":"25565","key":"justarrivednew","parent_tag_id":null,"product_display_order":10,"value":"justarrivednew"},{"id":"27172","key":"day5flashsale","parent_tag_id":"1590","product_display_order":0,"value":"Day5FlashSale"},{"id":"1597","key":"アイライナー","parent_tag_id":"1592","product_display_order":0,"value":"アイライナー"},{"id":"27174","key":"day7flashsale","parent_tag_id":"1590","product_display_order":0,"value":"Day7FlashSale"},{"id":"27171","key":"day4flashsale","parent_tag_id":"1590","product_display_order":11,"value":"Day4FlashSale"}]},"usage":[{"content":null,"label":"PRODUCT USAGE","type":"product_usage"},{"content":null,"label":"HOW DOES IT WORK","type":"how_does_it_work"},{"content":null,"label":"WHO IT IS FOR","type":"who_it_is_for"},{"content":null,"label":"GREAT TO KNOW","type":"great_to_know"},{"content":null,"label":"WHAT_IT_DOES","type":"what_it_does"},{"content":null,"label":"WHAT_IT_IS","type":"what_it_is"}],"objectID":"41979"},{"benefit":{"statement":null,"benefits":null},"brand":null,"collection":null,"coverage":null,"cross_sell":null,"default_category":{"id":"1590","key":"last-chance"},"description":null,"display_mode":null,"display_name":"Take The Day Off Remover Stick","display_status":1,"finish":null,"form":null,"formula_type":null,"fragrance_family":null,"indexable_keywords":null,"is_hazmat":false,"is_product_coming_soon":null,"is_product_displayable":true,"is_product_searchable":true,"is_product_shoppable":false,"is_product_sold_out":null,"is_product_temporarily_out_of_stock":null,"is_search_suppressed":null,"key_ingredient":null,"media":{"large":null,"medium":null,"poster":null,"small":null,"videos":[{"position":null,"poster":{"height":null,"src":null,"width":null},"provider":null,"src":null},{"position":null,"poster":{"height":null,"src":null,"width":null},"provider":null,"src":null},{"position":null,"poster":{"height":null,"src":null,"width":null},"provider":null,"src":null}],"xl":null},"meta":{"description":null,"keywords":null},"parent_category":[{"id":"1590","value":"Last Chance"}],"product_badge":null,"product_id":"41981","product_title_tag":null,"product_type":"Other","product_url":"/product/1590/41981/last-chance/take-the-day-off-remover-stick/take-the-day-off-remover-stick","reviews":{"average_rating":null,"number_of_questions":null,"number_of_reviews":null},"shade_groups":null,"short_description":null,"skin":null,"skin_goal":null,"skus":{"total":1,"items":[{"color_family":null,"coverage_options":null,"cross_sell":null,"display_status":1,"finish":null,"finish_options":null,"fragrances":[{"family":null,"key":null,"value":null}],"iln_listing":null,"iln_version_number":null,"inventory_status":"Sold Out","is_active":null,"is_coming_soon":null,"is_default_sku":false,"is_discountable":true,"is_displayable":null,"is_engravable":null,"is_fragrance":null,"is_giftable":null,"is_giftwrap":false,"is_inactive":null,"is_multi_shaded":null,"is_out_of_stock":null,"is_preorder":false,"is_preorderable":null,"is_promotional":null,"is_replenishable":false,"is_search_suppressed":null,"is_searchable":true,"is_shaded":null,"is_sized":null,"is_sold_out":true,"is_under_weight_hazmat":false,"is_vto_enabled":null,"life_of_product":"Limited life","material_code":"ZT7X010000","media":{"large":[{"alt":"Take The Day Off Remover Stick","height":1200,"position":0,"src":"/media/export/cms/products/1200x1500/cl_sku_ZT7X01_1200x1500_0.png","type":"image","width":1500}],"medium":[{"alt":"Take The Day Off Remover Stick","height":600,"position":1,"src":"/media/export/cms/products/600x750/cl_sku_ZT7X01_600x750_0.png","type":"image","width":750}],"model":null,"poster":null,"small":[{"alt":"Take The Day Off Remover Stick","height":1200,"position":2,"src":"/media/export/cms/products/1200x1500/cl_sku_ZT7X01_1200x1500_0.png","type":"image","width":1500}],"smoosh":null,"xl":null},"out_of_stock_threshold":null,"perlgem":{"SKU_BASE_ID":71733},"preorder_date":null,"prices":[{"currency":"JPY","exclude_tax":{"original_price":16.5,"original_price_formatted":"¥16.5","price":16.5,"price_formatted":"¥16.5","price_per_unit":null,"price_per_unit_formatted":""},"include_tax":{"original_price":18,"original_price_formatted":"¥18","price":18,"price_formatted":"¥18","price_per_unit":null,"price_per_unit_formatted":""},"is_discounted":false}],"purchase_limit":null,"replenishment":{"message":null},"reviews":{"average_rating":null,"number_of_questions":null,"number_of_reviews":null},"set_components":null,"shade_groups":null,"shades":null,"sizes":[{"key":1,"value":null}],"skin":{"tone":null,"type":null,"type_description":null},"sku_badge":null,"sku_badge_image":null,"sku_display_order":0,"sku_id":"ZT7X01","sku_promo_messaging":null,"sku_type":"SE","sku_url":null,"tags":{"total":3,"items":[{"id":"1673","key":"クレンジング洗顔","value":"クレンジング・洗顔"},{"id":"20011","key":"クレンジング","value":"クレンジング"},{"id":"1590","key":"last-chance","value":"Last Chance"}]},"texture":null,"undertone":null,"unit_of_measure":null,"unit_size":null,"unit_size_formatted":null,"upc":"020714828752","vto":{"is_color_experience":null,"is_foundation_experience":null}}]},"sub_display_name":null,"sub_header":null,"tags":{"total":3,"items":[{"id":"1673","key":"クレンジング洗顔","parent_tag_id":"1667","product_display_order":36,"value":"クレンジング・洗顔"},{"id":"20011","key":"クレンジング","parent_tag_id":"1667","product_display_order":23,"value":"クレンジング"},{"id":"1590","key":"last-chance","parent_tag_id":null,"product_display_order":27,"value":"Last Chance"}]},"usage":[{"content":null,"label":"PRODUCT USAGE","type":"product_usage"},{"content":null,"label":"HOW DOES IT WORK","type":"how_does_it_work"},{"content":null,"label":"WHO IT IS FOR","type":"who_it_is_for"},{"content":null,"label":"GREAT TO KNOW","type":"great_to_know"},{"content":null,"label":"WHAT_IT_DOES","type":"what_it_does"},{"content":null,"label":"WHAT_IT_IS","type":"what_it_is"}],"objectID":"41981"},{"benefit":{"statement":null,"benefits":null},"brand":null,"collection":null,"coverage":null,"cross_sell":null,"default_category":{"id":"1610","key":"メンズ３ステップ"},"description":null,"display_mode":null,"display_name":"Clinique For Met Set Regular","display_status":1,"finish":null,"form":null,"formula_type":null,"fragrance_family":null,"indexable_keywords":null,"is_hazmat":false,"is_product_coming_soon":null,"is_product_displayable":true,"is_product_searchable":true,"is_product_shoppable":false,"is_product_sold_out":null,"is_product_temporarily_out_of_stock":null,"is_search_suppressed":null,"key_ingredient":null,"media":{"large":null,"medium":null,"poster":null,"small":null,"videos":[{"position":null,"poster":{"height":null,"src":null,"width":null},"provider":null,"src":null},{"position":null,"poster":{"height":null,"src":null,"width":null},"provider":null,"src":null},{"position":null,"poster":{"height":null,"src":null,"width":null},"provider":null,"src":null}],"xl":null},"meta":{"description":null,"keywords":null},"parent_category":[{"id":"1610","value":"メンズ３ステップ"},{"id":"1609","value":"メンズ"}],"product_badge":null,"product_id":"42160","product_title_tag":null,"product_type":"Other","product_url":"/product/1610/42160/3/clinique-for-met-set-regular/clinique-for-met-set-regular","reviews":{"average_rating":null,"number_of_questions":null,"number_of_reviews":null},"shade_groups":null,"short_description":null,"skin":null,"skin_goal":null,"skus":{"total":1,"items":[{"color_family":null,"coverage_options":null,"cross_sell":null,"display_status":1,"finish":null,"finish_options":null,"fragrances":[{"family":null,"key":null,"value":null}],"iln_listing":null,"iln_version_number":null,"inventory_status":"Sold Out","is_active":null,"is_coming_soon":null,"is_default_sku":false,"is_discountable":true,"is_displayable":null,"is_engravable":null,"is_fragrance":null,"is_giftable":null,"is_giftwrap":false,"is_inactive":null,"is_multi_shaded":null,"is_out_of_stock":null,"is_preorder":false,"is_preorderable":null,"is_promotional":null,"is_replenishable":false,"is_search_suppressed":null,"is_searchable":true,"is_shaded":null,"is_sized":null,"is_sold_out":true,"is_under_weight_hazmat":false,"is_vto_enabled":null,"life_of_product":"Limited life","material_code":"ZPP0010000","media":{"large":[{"alt":"Clinique For Met Set Regular","height":1200,"position":0,"src":"/media/export/cms/products/1200x1500/cl_sku_ZPP001_1200x1500_0.png","type":"image","width":1500}],"medium":[{"alt":"Clinique For Met Set Regular","height":600,"position":1,"src":"/media/export/cms/products/600x750/cl_sku_ZPP001_600x750_0.png","type":"image","width":750}],"model":null,"poster":null,"small":[{"alt":"Clinique For Met Set Regular","height":1200,"position":2,"src":"/media/export/cms/products/1200x1500/cl_sku_ZPP001_1200x1500_0.png","type":"image","width":1500}],"smoosh":null,"xl":null},"out_of_stock_threshold":null,"perlgem":{"SKU_BASE_ID":71935},"preorder_date":null,"prices":[{"currency":"JPY","exclude_tax":{"original_price":39.5,"original_price_formatted":"¥39.5","price":39.5,"price_formatted":"¥39.5","price_per_unit":null,"price_per_unit_formatted":""},"include_tax":{"original_price":43,"original_price_formatted":"¥43","price":43,"price_formatted":"¥43","price_per_unit":null,"price_per_unit_formatted":""},"is_discounted":false}],"purchase_limit":null,"replenishment":{"message":null},"reviews":{"average_rating":null,"number_of_questions":null,"number_of_reviews":null},"set_components":null,"shade_groups":null,"shades":null,"sizes":[{"key":1,"value":null}],"skin":{"tone":null,"type":null,"type_description":null},"sku_badge":null,"sku_badge_image":null,"sku_display_order":0,"sku_id":"ZPP001","sku_promo_messaging":null,"sku_type":"SE","sku_url":null,"tags":{"total":6,"items":[{"id":"1626","key":"moisturize-protect","value":"Moisturize & Protect"},{"id":"1619","key":"セットギフト","value":"セット＆ギフト"},{"id":"1625","key":"スキンケア","value":"スキンケア"},{"id":"16422","key":"セットギフト","value":"セット＆ギフト"},{"id":"1610","key":"メンズ３ステップ","value":"メンズ３ステップ"},{"id":"1618","key":"メンズセットギフト","value":"メンズセット＆ギフト"}]},"texture":null,"undertone":null,"unit_of_measure":null,"unit_size":null,"unit_size_formatted":null,"upc":"020714815646","vto":{"is_color_experience":null,"is_foundation_experience":null}}]},"sub_display_name":null,"sub_header":null,"tags":{"total":6,"items":[{"id":"1626","key":"moisturize-protect","parent_tag_id":"1625","product_display_order":0,"value":"Moisturize & Protect"},{"id":"1619","key":"セットギフト","parent_tag_id":"1618","product_display_order":23,"value":"セット＆ギフト"},{"id":"1625","key":"スキンケア","parent_tag_id":"1609","product_display_order":29,"value":"スキンケア"},{"id":"16422","key":"セットギフト","parent_tag_id":"1585","product_display_order":260,"value":"セット＆ギフト"},{"id":"1610","key":"メンズ３ステップ","parent_tag_id":"1609","product_display_order":0,"value":"メンズ３ステップ"},{"id":"1618","key":"メンズセットギフト","parent_tag_id":"1609","product_display_order":14,"value":"メンズセット＆ギフト"}]},"usage":[{"content":null,"label":"PRODUCT USAGE","type":"product_usage"},{"content":null,"label":"HOW DOES IT WORK","type":"how_does_it_work"},{"content":null,"label":"WHO IT IS FOR","type":"who_it_is_for"},{"content":null,"label":"GREAT TO KNOW","type":"great_to_know"},{"content":null,"label":"WHAT_IT_DOES","type":"what_it_does"},{"content":null,"label":"WHAT_IT_IS","type":"what_it_is"}],"objectID":"42160"},{"benefit":{"statement":null,"benefits":null},"brand":null,"collection":null,"coverage":null,"cross_sell":null,"default_category":{"id":"16422","key":"セットギフト"},"description":null,"display_mode":null,"display_name":"Clinique For Met Set Oily","display_status":1,"finish":null,"form":null,"formula_type":null,"fragrance_family":null,"indexable_keywords":null,"is_hazmat":false,"is_product_coming_soon":null,"is_product_displayable":true,"is_product_searchable":true,"is_product_shoppable":false,"is_product_sold_out":null,"is_product_temporarily_out_of_stock":null,"is_search_suppressed":null,"key_ingredient":null,"media":{"large":null,"medium":null,"poster":null,"small":null,"videos":[{"position":null,"poster":{"height":null,"src":null,"width":null},"provider":null,"src":null},{"position":null,"poster":{"height":null,"src":null,"width":null},"provider":null,"src":null},{"position":null,"poster":{"height":null,"src":null,"width":null},"provider":null,"src":null}],"xl":null},"meta":{"description":null,"keywords":null},"parent_category":[{"id":"16422","value":"セット＆ギフト"},{"id":"1585","value":"Gift Center"}],"product_badge":null,"product_id":"42161","product_title_tag":null,"product_type":"Other","product_url":"/product/16422/42161/gift-center/clinique-for-met-set-oily/clinique-for-met-set-oily","reviews":{"average_rating":null,"number_of_questions":null,"number_of_reviews":null},"shade_groups":null,"short_description":null,"skin":null,"skin_goal":null,"skus":{"total":1,"items":[{"color_family":null,"coverage_options":null,"cross_sell":null,"display_status":1,"finish":null,"finish_options":null,"fragrances":[{"family":null,"key":null,"value":null}],"iln_listing":null,"iln_version_number":null,"inventory_status":"Sold Out","is_active":null,"is_coming_soon":null,"is_default_sku":false,"is_discountable":true,"is_displayable":null,"is_engravable":null,"is_fragrance":null,"is_giftable":null,"is_giftwrap":false,"is_inactive":null,"is_multi_shaded":null,"is_out_of_stock":null,"is_preorder":false,"is_preorderable":null,"is_promotional":null,"is_replenishable":false,"is_search_suppressed":null,"is_searchable":true,"is_shaded":null,"is_sized":null,"is_sold_out":true,"is_under_weight_hazmat":false,"is_vto_enabled":null,"life_of_product":"Limited life","material_code":"ZPP1010000","media":{"large":[{"alt":"Clinique For Met Set Oily","height":1200,"position":0,"src":"/media/export/cms/products/1200x1500/cl_sku_ZPP101_1200x1500_0.png","type":"image","width":1500}],"medium":[{"alt":"Clinique For Met Set Oily","height":600,"position":1,"src":"/media/export/cms/products/600x750/cl_sku_ZPP101_600x750_0.png","type":"image","width":750}],"model":null,"poster":null,"small":[{"alt":"Clinique For Met Set Oily","height":1200,"position":2,"src":"/media/export/cms/products/1200x1500/cl_sku_ZPP101_1200x1500_0.png","type":"image","width":1500}],"smoosh":null,"xl":null},"out_of_stock_threshold":null,"perlgem":{"SKU_BASE_ID":71936},"preorder_date":null,"prices":[{"currency":"JPY","exclude_tax":{"original_price":39.5,"original_price_formatted":"¥39.5","price":39.5,"price_formatted":"¥39.5","price_per_unit":null,"price_per_unit_formatted":""},"include_tax":{"original_price":43,"original_price_formatted":"¥43","price":43,"price_formatted":"¥43","price_per_unit":null,"price_per_unit_formatted":""},"is_discounted":false}],"purchase_limit":null,"replenishment":{"message":null},"reviews":{"average_rating":null,"number_of_questions":null,"number_of_reviews":null},"set_components":null,"shade_groups":null,"shades":null,"sizes":[{"key":1,"value":null}],"skin":{"tone":null,"type":null,"type_description":null},"sku_badge":null,"sku_badge_image":null,"sku_display_order":0,"sku_id":"ZPP101","sku_promo_messaging":null,"sku_type":"SE","sku_url":null,"tags":{"total":1,"items":[{"id":"16422","key":"セットギフト","value":"セット＆ギフト"}]},"texture":null,"undertone":null,"unit_of_measure":null,"unit_size":null,"unit_size_formatted":null,"upc":"020714815653","vto":{"is_color_experience":null,"is_foundation_experience":null}}]},"sub_display_name":null,"sub_header":null,"tags":{"total":1,"items":[{"id":"16422","key":"セットギフト","parent_tag_id":"1585","product_display_order":243,"value":"セット＆ギフト"}]},"usage":[{"content":null,"label":"PRODUCT USAGE","type":"product_usage"},{"content":null,"label":"HOW DOES IT WORK","type":"how_does_it_work"},{"content":null,"label":"WHO IT IS FOR","type":"who_it_is_for"},{"content":null,"label":"GREAT TO KNOW","type":"great_to_know"},{"content":null,"label":"WHAT_IT_DOES","type":"what_it_does"},{"content":null,"label":"WHAT_IT_IS","type":"what_it_is"}],"objectID":"42161"},{"benefit":{"statement":null,"benefits":null},"brand":null,"collection":null,"coverage":null,"cross_sell":null,"default_category":{"id":"13659","key":"トライアルサイズ"},"description":null,"display_mode":null,"display_name":"Chubby Stick Intense™ Moisturizing Lip Colour Balm Mini in Roomiest Rose","display_status":1,"finish":null,"form":null,"formula_type":null,"fragrance_family":null,"indexable_keywords":null,"is_hazmat":false,"is_product_coming_soon":null,"is_product_displayable":true,"is_product_searchable":true,"is_product_shoppable":false,"is_product_sold_out":null,"is_product_temporarily_out_of_stock":null,"is_search_suppressed":null,"key_ingredient":null,"media":{"large":null,"medium":null,"poster":null,"small":null,"videos":[{"position":null,"poster":{"height":null,"src":null,"width":null},"provider":null,"src":null},{"position":null,"poster":{"height":null,"src":null,"width":null},"provider":null,"src":null},{"position":null,"poster":{"height":null,"src":null,"width":null},"provider":null,"src":null}],"xl":null},"meta":{"description":null,"keywords":null},"parent_category":[{"id":"13659","value":"トライアルサイズ"},{"id":"1667","value":"スキンケア"}],"product_badge":null,"product_id":"42469","product_title_tag":null,"product_type":"Shaded","product_url":"/product/13659/42469/chubby-stick-intensetm-moisturizing-lip-colour-balm-mini-in-roomiest-rose/chubby-stick-intensetm-moisturizing-lip-colour-balm-mini-in-roomiest-rose","reviews":{"average_rating":null,"number_of_questions":null,"number_of_reviews":null},"shade_groups":null,"short_description":null,"skin":null,"skin_goal":null,"skus":{"total":1,"items":[{"color_family":null,"coverage_options":null,"cross_sell":null,"display_status":1,"finish":null,"finish_options":null,"fragrances":[{"family":null,"key":null,"value":null}],"iln_listing":null,"iln_version_number":null,"inventory_status":"Sold Out","is_active":null,"is_coming_soon":null,"is_default_sku":false,"is_discountable":true,"is_displayable":null,"is_engravable":null,"is_fragrance":null,"is_giftable":null,"is_giftwrap":false,"is_inactive":null,"is_multi_shaded":null,"is_out_of_stock":null,"is_preorder":false,"is_preorderable":null,"is_promotional":null,"is_replenishable":false,"is_search_suppressed":null,"is_searchable":true,"is_shaded":null,"is_sized":null,"is_sold_out":true,"is_under_weight_hazmat":false,"is_vto_enabled":null,"life_of_product":"Limited life","material_code":"ZMWE060000","media":{"large":[{"alt":"Chubby Stick Intense™ Moisturizing Lip Colour Balm Mini in Roomiest Rose","height":1200,"position":1,"src":"/media/export/cms/products/1200x1500/cl_sku_ZMWE06_1200x1500_0.png","type":"image","width":1500}],"medium":[{"alt":"Chubby Stick Intense™ Moisturizing Lip Colour Balm Mini in Roomiest Rose","height":600,"position":2,"src":"/media/export/cms/products/600x750/cl_sku_ZMWE06_600x750_0.png","type":"image","width":750}],"model":null,"poster":null,"small":[{"alt":"Chubby Stick Intense™ Moisturizing Lip Colour Balm Mini in Roomiest Rose","height":1200,"position":3,"src":"/media/export/cms/products/1200x1500/cl_sku_ZMWE06_1200x1500_0.png","type":"image","width":1500}],"smoosh":[{"alt":"Chubby Stick Intense™ Moisturizing Lip Colour Balm Mini in Roomiest Rose","height":1200,"position":0,"src":"/media/export/cms/products/1200x1500/swatches_v3/37_ns_ng.png","type":"image","width":1500}],"xl":null},"out_of_stock_threshold":null,"perlgem":{"SKU_BASE_ID":72436},"preorder_date":null,"prices":[{"currency":"JPY","exclude_tax":{"original_price":10,"original_price_formatted":"¥10","price":10,"price_formatted":"¥10","price_per_unit":null,"price_per_unit_formatted":""},"include_tax":{"original_price":11,"original_price_formatted":"¥11","price":11,"price_formatted":"¥11","price_per_unit":null,"price_per_unit_formatted":""},"is_discounted":false}],"purchase_limit":null,"replenishment":{"message":null},"reviews":{"average_rating":null,"number_of_questions":null,"number_of_reviews":null},"set_components":null,"shade_groups":null,"shades":[{"description":"","hex_val":"#AF2C4E","image":{"height":null,"src":"","width":null},"name":"Roomiest Rose","smoosh_design":{"group_id":null,"name":"37::none::none"}}],"sizes":[{"key":1,"value":null}],"skin":{"tone":null,"type":null,"type_description":null},"sku_badge":null,"sku_badge_image":null,"sku_display_order":0,"sku_id":"ZMWE06","sku_promo_messaging":null,"sku_type":"SE","sku_url":null,"tags":{"total":1,"items":[{"id":"13659","key":"トライアルサイズ","value":"トライアルサイズ"}]},"texture":null,"undertone":null,"unit_of_measure":null,"unit_size":null,"unit_size_formatted":null,"upc":"020714800444","vto":{"is_color_experience":null,"is_foundation_experience":null}}]},"sub_display_name":null,"sub_header":null,"tags":{"total":1,"items":[{"id":"13659","key":"トライアルサイズ","parent_tag_id":"1667","product_display_order":46,"value":"トライアルサイズ"}]},"usage":[{"content":null,"label":"PRODUCT USAGE","type":"product_usage"},{"content":null,"label":"HOW DOES IT WORK","type":"how_does_it_work"},{"content":null,"label":"WHO IT IS FOR","type":"who_it_is_for"},{"content":null,"label":"GREAT TO KNOW","type":"great_to_know"},{"content":null,"label":"WHAT_IT_DOES","type":"what_it_does"},{"content":null,"label":"WHAT_IT_IS","type":"what_it_is"}],"objectID":"42469"},{"benefit":{"statement":null,"benefits":null},"brand":null,"collection":null,"coverage":null,"cross_sell":null,"default_category":{"id":"13659","key":"トライアルサイズ"},"description":null,"display_mode":null,"display_name":"Pep-Start 2-in-1 Exfoliating Cleanser","display_status":1,"finish":null,"form":null,"formula_type":null,"fragrance_family":null,"indexable_keywords":null,"is_hazmat":false,"is_product_coming_soon":null,"is_product_displayable":true,"is_product_searchable":true,"is_product_shoppable":false,"is_product_sold_out":null,"is_product_temporarily_out_of_stock":null,"is_search_suppressed":null,"key_ingredient":null,"media":{"large":null,"medium":null,"poster":null,"small":null,"videos":[{"position":null,"poster":{"height":null,"src":null,"width":null},"provider":null,"src":null},{"position":null,"poster":{"height":null,"src":null,"width":null},"provider":null,"src":null},{"position":null,"poster":{"height":null,"src":null,"width":null},"provider":null,"src":null}],"xl":null},"meta":{"description":null,"keywords":null},"parent_category":[{"id":"13659","value":"トライアルサイズ"},{"id":"1667","value":"スキンケア"}],"product_badge":null,"product_id":"42495","product_title_tag":null,"product_type":"Shaded","product_url":"/product/13659/42495/pep-start-2-in-1-exfoliating-cleanser/pep-start-2-in-1-exfoliating-cleanser","reviews":{"average_rating":null,"number_of_questions":null,"number_of_reviews":null},"shade_groups":null,"short_description":null,"skin":null,"skin_goal":null,"skus":{"total":1,"items":[{"color_family":null,"coverage_options":null,"cross_sell":null,"display_status":1,"finish":null,"finish_options":null,"fragrances":[{"family":null,"key":null,"value":null}],"iln_listing":null,"iln_version_number":null,"inventory_status":"Sold Out","is_active":null,"is_coming_soon":null,"is_default_sku":false,"is_discountable":true,"is_displayable":null,"is_engravable":null,"is_fragrance":null,"is_giftable":null,"is_giftwrap":false,"is_inactive":null,"is_multi_shaded":null,"is_out_of_stock":null,"is_preorder":false,"is_preorderable":null,"is_promotional":null,"is_replenishable":false,"is_search_suppressed":null,"is_searchable":true,"is_shaded":null,"is_sized":null,"is_sold_out":true,"is_under_weight_hazmat":false,"is_vto_enabled":null,"life_of_product":"Limited life","material_code":"ZRJR010000","media":{"large":[{"alt":"Pep-Start 2-in-1 Exfoliating Cleanser","height":1200,"position":0,"src":"/media/export/cms/products/1200x1500/cl_sku_ZRJR01_1200x1500_0.png","type":"image","width":1500}],"medium":[{"alt":"Pep-Start 2-in-1 Exfoliating Cleanser","height":600,"position":1,"src":"/media/export/cms/products/600x750/cl_sku_ZRJR01_600x750_0.png","type":"image","width":750}],"model":null,"poster":null,"small":[{"alt":"Pep-Start 2-in-1 Exfoliating Cleanser","height":1200,"position":2,"src":"/media/export/cms/products/1200x1500/cl_sku_ZRJR01_1200x1500_0.png","type":"image","width":1500}],"smoosh":null,"xl":null},"out_of_stock_threshold":null,"perlgem":{"SKU_BASE_ID":72460},"preorder_date":null,"prices":[{"currency":"JPY","exclude_tax":{"original_price":10,"original_price_formatted":"¥10","price":10,"price_formatted":"¥10","price_per_unit":null,"price_per_unit_formatted":""},"include_tax":{"original_price":11,"original_price_formatted":"¥11","price":11,"price_formatted":"¥11","price_per_unit":null,"price_per_unit_formatted":""},"is_discounted":false}],"purchase_limit":null,"replenishment":{"message":null},"reviews":{"average_rating":null,"number_of_questions":null,"number_of_reviews":null},"set_components":null,"shade_groups":null,"shades":null,"sizes":[{"key":1,"value":"30ml"}],"skin":{"tone":null,"type":null,"type_description":null},"sku_badge":null,"sku_badge_image":null,"sku_display_order":0,"sku_id":"ZRJR01","sku_promo_messaging":null,"sku_type":"SE","sku_url":null,"tags":{"total":1,"items":[{"id":"13659","key":"トライアルサイズ","value":"トライアルサイズ"}]},"texture":null,"undertone":null,"unit_of_measure":null,"unit_size":null,"unit_size_formatted":null,"upc":"020714823108","vto":{"is_color_experience":null,"is_foundation_experience":null}}]},"sub_display_name":null,"sub_header":null,"tags":{"total":1,"items":[{"id":"13659","key":"トライアルサイズ","parent_tag_id":"1667","product_display_order":23,"value":"トライアルサイズ"}]},"usage":[{"content":null,"label":"PRODUCT USAGE","type":"product_usage"},{"content":null,"label":"HOW DOES IT WORK","type":"how_does_it_work"},{"content":null,"label":"WHO IT IS FOR","type":"who_it_is_for"},{"content":null,"label":"GREAT TO KNOW","type":"great_to_know"},{"content":null,"label":"WHAT_IT_DOES","type":"what_it_does"},{"content":null,"label":"WHAT_IT_IS","type":"what_it_is"}],"objectID":"42495"},{"benefit":{"statement":null,"benefits":null},"brand":null,"collection":null,"coverage":null,"cross_sell":null,"default_category":{"id":"13659","key":"トライアルサイズ"},"description":null,"display_mode":null,"display_name":"Pep-Start Pop-Up Wipes Kit ","display_status":1,"finish":null,"form":null,"formula_type":null,"fragrance_family":null,"indexable_keywords":null,"is_hazmat":false,"is_product_coming_soon":null,"is_product_displayable":true,"is_product_searchable":true,"is_product_shoppable":false,"is_product_sold_out":null,"is_product_temporarily_out_of_stock":null,"is_search_suppressed":null,"key_ingredient":null,"media":{"large":null,"medium":null,"poster":null,"small":null,"videos":[{"position":null,"poster":{"height":null,"src":null,"width":null},"provider":null,"src":null},{"position":null,"poster":{"height":null,"src":null,"width":null},"provider":null,"src":null},{"position":null,"poster":{"height":null,"src":null,"width":null},"provider":null,"src":null}],"xl":null},"meta":{"description":null,"keywords":null},"parent_category":[{"id":"13659","value":"トライアルサイズ"},{"id":"1667","value":"スキンケア"}],"product_badge":null,"product_id":"42497","product_title_tag":null,"product_type":"Shaded","product_url":"/product/13659/42497/pep-start-pop-up-wipes-kit/pep-start-pop-up-wipes-kit","reviews":{"average_rating":null,"number_of_questions":null,"number_of_reviews":null},"shade_groups":null,"short_description":null,"skin":null,"skin_goal":null,"skus":{"total":1,"items":[{"color_family":null,"coverage_options":null,"cross_sell":null,"display_status":1,"finish":null,"finish_options":null,"fragrances":[{"family":null,"key":null,"value":null}],"iln_listing":null,"iln_version_number":null,"inventory_status":"Sold Out","is_active":null,"is_coming_soon":null,"is_default_sku":false,"is_discountable":true,"is_displayable":null,"is_engravable":null,"is_fragrance":null,"is_giftable":null,"is_giftwrap":false,"is_inactive":null,"is_multi_shaded":null,"is_out_of_stock":null,"is_preorder":false,"is_preorderable":null,"is_promotional":null,"is_replenishable":false,"is_search_suppressed":null,"is_searchable":true,"is_shaded":null,"is_sized":null,"is_sold_out":true,"is_under_weight_hazmat":false,"is_vto_enabled":null,"life_of_product":"Limited life","material_code":"ZP8K010000","media":{"large":[{"alt":"Pep-Start Pop-Up Wipes Kit ","height":1200,"position":0,"src":"/media/export/cms/products/1200x1500/cl_sku_ZP8K01_1200x1500_0.png","type":"image","width":1500}],"medium":[{"alt":"Pep-Start Pop-Up Wipes Kit ","height":600,"position":1,"src":"/media/export/cms/products/600x750/cl_sku_ZP8K01_600x750_0.png","type":"image","width":750}],"model":null,"poster":null,"small":[{"alt":"Pep-Start Pop-Up Wipes Kit ","height":1200,"position":2,"src":"/media/export/cms/products/1200x1500/cl_sku_ZP8K01_1200x1500_0.png","type":"image","width":1500}],"smoosh":null,"xl":null},"out_of_stock_threshold":null,"perlgem":{"SKU_BASE_ID":72462},"preorder_date":null,"prices":[{"currency":"JPY","exclude_tax":{"original_price":12.5,"original_price_formatted":"¥12.5","price":12.5,"price_formatted":"¥12.5","price_per_unit":null,"price_per_unit_formatted":""},"include_tax":{"original_price":13,"original_price_formatted":"¥13","price":13,"price_formatted":"¥13","price_per_unit":null,"price_per_unit_formatted":""},"is_discounted":false}],"purchase_limit":null,"replenishment":{"message":null},"reviews":{"average_rating":null,"number_of_questions":null,"number_of_reviews":null},"set_components":null,"shade_groups":null,"shades":null,"sizes":[{"key":1,"value":null}],"skin":{"tone":null,"type":null,"type_description":null},"sku_badge":null,"sku_badge_image":null,"sku_display_order":0,"sku_id":"ZP8K01","sku_promo_messaging":null,"sku_type":"SE","sku_url":null,"tags":{"total":2,"items":[{"id":"1628","key":"サンプル","value":"サンプル"},{"id":"13659","key":"トライアルサイズ","value":"トライアルサイズ"}]},"texture":null,"undertone":null,"unit_of_measure":null,"unit_size":null,"unit_size_formatted":null,"upc":"020714812003","vto":{"is_color_experience":null,"is_foundation_experience":null}}]},"sub_display_name":null,"sub_header":null,"tags":{"total":2,"items":[{"id":"1628","key":"サンプル","parent_tag_id":null,"product_display_order":381,"value":"サンプル"},{"id":"13659","key":"トライアルサイズ","parent_tag_id":"1667","product_display_order":26,"value":"トライアルサイズ"}]},"usage":[{"content":null,"label":"PRODUCT USAGE","type":"product_usage"},{"content":null,"label":"HOW DOES IT WORK","type":"how_does_it_work"},{"content":null,"label":"WHO IT IS FOR","type":"who_it_is_for"},{"content":null,"label":"GREAT TO KNOW","type":"great_to_know"},{"content":null,"label":"WHAT_IT_DOES","type":"what_it_does"},{"content":null,"label":"WHAT_IT_IS","type":"what_it_is"}],"objectID":"42497"},{"benefit":{"statement":null,"benefits":null},"brand":null,"collection":null,"coverage":null,"cross_sell":null,"default_category":{"id":"1605","key":"リップスティック"},"description":"心うばわれる美しいスウェードのようなマット リップ。ポップな発色＋クリーミーなプライマー機能がひとつになった人気「クリニーク ポップ」シリーズから、マットな質感のリップカラーが誕生。<br>マットなのに、唇が劇的に乾かないなめらかなつけ心地で、ひと塗りで見たままの美しい色を再現。<br>今までのマットとはひと味違う、心うばわれるヴェルヴェットのような唇で、あなたの新鮮な表情を引き出します。","display_mode":null,"display_name":"クリニーク ポップ マット","display_status":7,"finish":null,"form":null,"formula_type":null,"fragrance_family":null,"indexable_keywords":null,"is_hazmat":false,"is_product_coming_soon":null,"is_product_displayable":true,"is_product_searchable":true,"is_product_shoppable":false,"is_product_sold_out":null,"is_product_temporarily_out_of_stock":null,"is_search_suppressed":null,"key_ingredient":null,"media":{"large":null,"medium":null,"poster":null,"small":null,"videos":[{"position":null,"poster":{"height":null,"src":null,"width":null},"provider":null,"src":null},{"position":null,"poster":{"height":null,"src":null,"width":null},"provider":null,"src":null},{"position":null,"poster":{"height":null,"src":null,"width":null},"provider":null,"src":null}],"xl":null},"meta":{"description":null,"keywords":null},"parent_category":[{"id":"1605","value":"リップスティック"},{"id":"1592","value":"メーク"}],"product_badge":null,"product_id":"42767","product_title_tag":null,"product_type":"Shaded","product_url":"/product/1605/42767/clinique-poptm-matte-matte-lip-colour-primer","reviews":{"average_rating":null,"number_of_questions":null,"number_of_reviews":null},"shade_groups":null,"short_description":"心うばわれる美しいスウェードのようなマット リップ。ポップな発色＋クリーミーなプライマー機能がひとつになった人気「クリニーク ポップ」シリーズから、マットな質感のリップカラーが誕生。<br>マットなのに、唇が劇的に乾かないなめらかなつけ心地で、ひと塗りで見たままの美しい色を再現。<br>今までのマットとはひと味違う、心うばわれるヴェルヴェットのような唇で、あなたの新鮮な表情を引き出します。","skin":null,"skin_goal":null,"skus":{"total":3,"items":[{"color_family":[{"key":"violet-color","value":"violet_color"}],"coverage_options":null,"cross_sell":null,"display_status":1,"finish":[{"key":"matte-finish","value":"matte_finish"}],"finish_options":[{"key":"matte-finish","value":"matte_finish"}],"fragrances":[{"family":null,"key":null,"value":null}],"iln_listing":null,"iln_version_number":null,"inventory_status":"Sold Out","is_active":null,"is_coming_soon":null,"is_default_sku":false,"is_discountable":true,"is_displayable":null,"is_engravable":null,"is_fragrance":null,"is_giftable":null,"is_giftwrap":false,"is_inactive":null,"is_multi_shaded":null,"is_out_of_stock":null,"is_preorder":false,"is_preorderable":null,"is_promotional":null,"is_replenishable":false,"is_search_suppressed":null,"is_searchable":true,"is_shaded":null,"is_sized":null,"is_sold_out":true,"is_under_weight_hazmat":false,"is_vto_enabled":null,"life_of_product":"Basic Reorder","material_code":"ZTPH140000","media":{"large":[{"alt":"クリニーク ポップ マット","height":1200,"position":1,"src":"/media/export/cms/products/1200x1500/cl_sku_ZTPH14_1200x1500_0.png","type":"image","width":1500}],"medium":[{"alt":"クリニーク ポップ マット","height":600,"position":2,"src":"/media/export/cms/products/600x750/cl_sku_ZTPH14_600x750_0.png","type":"image","width":750}],"model":null,"poster":null,"small":[{"alt":"クリニーク ポップ マット","height":1200,"position":3,"src":"/media/export/cms/products/1200x1500/cl_sku_ZTPH14_1200x1500_0.png","type":"image","width":1500}],"smoosh":[{"alt":"クリニーク ポップ マット","height":1200,"position":0,"src":"/media/export/cms/products/1200x1500/swatches_v3/87_ns_ng.png","type":"image","width":1500}],"xl":null},"out_of_stock_threshold":null,"perlgem":{"SKU_BASE_ID":73177},"preorder_date":null,"prices":[{"currency":"JPY","exclude_tax":{"original_price":18,"original_price_formatted":"¥18","price":18,"price_formatted":"¥18","price_per_unit":null,"price_per_unit_formatted":""},"include_tax":{"original_price":19,"original_price_formatted":"¥19","price":19,"price_formatted":"¥19","price_per_unit":null,"price_per_unit_formatted":""},"is_discounted":false}],"purchase_limit":null,"replenishment":{"message":null},"reviews":{"average_rating":null,"number_of_questions":null,"number_of_reviews":null},"set_components":null,"shade_groups":null,"shades":[{"description":"","hex_val":"#a54b60","image":{"height":null,"src":"","width":null},"name":"Cute Pop","smoosh_design":{"group_id":null,"name":"87::none::none"}}],"sizes":[{"key":1,"value":null}],"skin":{"tone":null,"type":null,"type_description":null},"sku_badge":null,"sku_badge_image":null,"sku_display_order":7,"sku_id":"ZTPH14","sku_promo_messaging":null,"sku_type":"SE","sku_url":null,"tags":{"total":1,"items":[{"id":"1605","key":"リップスティック","value":"リップスティック"}]},"texture":null,"undertone":null,"unit_of_measure":null,"unit_size":null,"unit_size_formatted":null,"upc":"020714852610","vto":{"is_color_experience":null,"is_foundation_experience":null}},{"color_family":[{"key":"violet-color","value":"violet_color"}],"coverage_options":null,"cross_sell":null,"display_status":1,"finish":[{"key":"matte-finish","value":"matte_finish"}],"finish_options":[{"key":"matte-finish","value":"matte_finish"}],"fragrances":[{"family":null,"key":null,"value":null}],"iln_listing":null,"iln_version_number":null,"inventory_status":"Sold Out","is_active":null,"is_coming_soon":null,"is_default_sku":false,"is_discountable":true,"is_displayable":null,"is_engravable":null,"is_fragrance":null,"is_giftable":null,"is_giftwrap":false,"is_inactive":null,"is_multi_shaded":null,"is_out_of_stock":null,"is_preorder":false,"is_preorderable":null,"is_promotional":null,"is_replenishable":false,"is_search_suppressed":null,"is_searchable":true,"is_shaded":null,"is_sized":null,"is_sold_out":true,"is_under_weight_hazmat":false,"is_vto_enabled":null,"life_of_product":"Basic Reorder","material_code":"ZTPH150000","media":{"large":[{"alt":"クリニーク ポップ マット","height":1200,"position":1,"src":"/media/export/cms/products/1200x1500/cl_sku_ZTPH15_1200x1500_0.png","type":"image","width":1500}],"medium":[{"alt":"クリニーク ポップ マット","height":600,"position":2,"src":"/media/export/cms/products/600x750/cl_sku_ZTPH15_600x750_0.png","type":"image","width":750}],"model":null,"poster":null,"small":[{"alt":"クリニーク ポップ マット","height":1200,"position":3,"src":"/media/export/cms/products/1200x1500/cl_sku_ZTPH15_1200x1500_0.png","type":"image","width":1500}],"smoosh":[{"alt":"クリニーク ポップ マット","height":1200,"position":0,"src":"/media/export/cms/products/1200x1500/swatches_v3/87_ns_ng.png","type":"image","width":1500}],"xl":null},"out_of_stock_threshold":null,"perlgem":{"SKU_BASE_ID":73178},"preorder_date":null,"prices":[{"currency":"JPY","exclude_tax":{"original_price":18,"original_price_formatted":"¥18","price":18,"price_formatted":"¥18","price_per_unit":null,"price_per_unit_formatted":""},"include_tax":{"original_price":19,"original_price_formatted":"¥19","price":19,"price_formatted":"¥19","price_per_unit":null,"price_per_unit_formatted":""},"is_discounted":false}],"purchase_limit":null,"replenishment":{"message":null},"reviews":{"average_rating":null,"number_of_questions":null,"number_of_reviews":null},"set_components":null,"shade_groups":null,"shades":[{"description":"","hex_val":"#af1a58","image":{"height":null,"src":"","width":null},"name":"Shock Pop","smoosh_design":{"group_id":null,"name":"87::none::none"}}],"sizes":[{"key":1,"value":null}],"skin":{"tone":null,"type":null,"type_description":null},"sku_badge":null,"sku_badge_image":null,"sku_display_order":8,"sku_id":"ZTPH15","sku_promo_messaging":null,"sku_type":"SE","sku_url":null,"tags":{"total":2,"items":[{"id":"19288","key":"スペシャルセール","value":"スペシャルセール"},{"id":"1605","key":"リップスティック","value":"リップスティック"}]},"texture":null,"undertone":null,"unit_of_measure":null,"unit_size":null,"unit_size_formatted":null,"upc":"020714852627","vto":{"is_color_experience":null,"is_foundation_experience":null}},{"color_family":[{"key":"violet-color","value":"violet_color"}],"coverage_options":null,"cross_sell":null,"display_status":1,"finish":[{"key":"matte-finish","value":"matte_finish"}],"finish_options":[{"key":"matte-finish","value":"matte_finish"}],"fragrances":[{"family":null,"key":null,"value":null}],"iln_listing":null,"iln_version_number":null,"inventory_status":"Sold Out","is_active":null,"is_coming_soon":null,"is_default_sku":false,"is_discountable":true,"is_displayable":null,"is_engravable":null,"is_fragrance":null,"is_giftable":null,"is_giftwrap":false,"is_inactive":null,"is_multi_shaded":null,"is_out_of_stock":null,"is_preorder":false,"is_preorderable":null,"is_promotional":null,"is_replenishable":false,"is_search_suppressed":null,"is_searchable":true,"is_shaded":null,"is_sized":null,"is_sold_out":true,"is_under_weight_hazmat":false,"is_vto_enabled":null,"life_of_product":"Basic Reorder","material_code":"ZTPH160000","media":{"large":[{"alt":"クリニーク ポップ マット","height":1200,"position":1,"src":"/media/export/cms/products/1200x1500/cl_sku_ZTPH16_1200x1500_0.png","type":"image","width":1500}],"medium":[{"alt":"クリニーク ポップ マット","height":600,"position":2,"src":"/media/export/cms/products/600x750/cl_sku_ZTPH16_600x750_0.png","type":"image","width":750}],"model":null,"poster":null,"small":[{"alt":"クリニーク ポップ マット","height":1200,"position":3,"src":"/media/export/cms/products/1200x1500/cl_sku_ZTPH16_1200x1500_0.png","type":"image","width":1500}],"smoosh":[{"alt":"クリニーク ポップ マット","height":1200,"position":0,"src":"/media/export/cms/products/1200x1500/swatches_v3/87_ns_ng.png","type":"image","width":1500}],"xl":null},"out_of_stock_threshold":null,"perlgem":{"SKU_BASE_ID":73179},"preorder_date":null,"prices":[{"currency":"JPY","exclude_tax":{"original_price":18,"original_price_formatted":"¥18","price":18,"price_formatted":"¥18","price_per_unit":null,"price_per_unit_formatted":""},"include_tax":{"original_price":19,"original_price_formatted":"¥19","price":19,"price_formatted":"¥19","price_per_unit":null,"price_per_unit_formatted":""},"is_discounted":false}],"purchase_limit":null,"replenishment":{"message":null},"reviews":{"average_rating":null,"number_of_questions":null,"number_of_reviews":null},"set_components":null,"shade_groups":null,"shades":[{"description":"","hex_val":"#301018","image":{"height":null,"src":"","width":null},"name":"Avant Garde Pop","smoosh_design":{"group_id":null,"name":"87::none::none"}}],"sizes":[{"key":1,"value":null}],"skin":{"tone":null,"type":null,"type_description":null},"sku_badge":null,"sku_badge_image":null,"sku_display_order":14,"sku_id":"ZTPH16","sku_promo_messaging":null,"sku_type":"SE","sku_url":null,"tags":{"total":2,"items":[{"id":"19288","key":"スペシャルセール","value":"スペシャルセール"},{"id":"1605","key":"リップスティック","value":"リップスティック"}]},"texture":null,"undertone":null,"unit_of_measure":null,"unit_size":null,"unit_size_formatted":null,"upc":"020714852634","vto":{"is_color_experience":null,"is_foundation_experience":null}}]},"sub_display_name":"クリニーク ポップ マット","sub_header":null,"tags":{"total":2,"items":[{"id":"19288","key":"スペシャルセール","parent_tag_id":"1590","product_display_order":0,"value":"スペシャルセール"},{"id":"1605","key":"リップスティック","parent_tag_id":"1592","product_display_order":18,"value":"リップスティック"}]},"usage":[{"content":null,"label":"PRODUCT USAGE","type":"product_usage"},{"content":null,"label":"HOW DOES IT WORK","type":"how_does_it_work"},{"content":null,"label":"WHO IT IS FOR","type":"who_it_is_for"},{"content":null,"label":"GREAT TO KNOW","type":"great_to_know"},{"content":null,"label":"WHAT_IT_DOES","type":"what_it_does"},{"content":null,"label":"WHAT_IT_IS","type":"what_it_is"}],"objectID":"42767"},{"benefit":{"statement":null,"benefits":null},"brand":null,"collection":null,"coverage":null,"cross_sell":null,"default_category":{"id":"1605","key":"リップスティック"},"description":"<P>心うばわれる美しいスウェードのようなリキッド マット リップ。</P><P>ポップな発色＋クリーミーなプライマー機能がひとつになった人気「クリニーク ポップ」シリーズから、<BR>マットな質感のリキッド リップカラーが誕生。<BR>リキッドなのに軽いつけ心地で、よれない、にじまない、<BR>唇にのせると、スウェードのような、今までに見たことのないマットな質感へ変化。<BR>ひと塗りで、あなたの唇にドラマをおこします。</P>","display_mode":null,"display_name":"クリニーク ポップ リキッド マット","display_status":7,"finish":null,"form":null,"formula_type":null,"fragrance_family":null,"indexable_keywords":null,"is_hazmat":false,"is_product_coming_soon":null,"is_product_displayable":true,"is_product_searchable":true,"is_product_shoppable":false,"is_product_sold_out":null,"is_product_temporarily_out_of_stock":null,"is_search_suppressed":null,"key_ingredient":null,"media":{"large":null,"medium":null,"poster":null,"small":null,"videos":[{"position":null,"poster":{"height":null,"src":null,"width":null},"provider":null,"src":null},{"position":null,"poster":{"height":null,"src":null,"width":null},"provider":null,"src":null},{"position":null,"poster":{"height":null,"src":null,"width":null},"provider":null,"src":null}],"xl":null},"meta":{"description":null,"keywords":null},"parent_category":[{"id":"1605","value":"リップスティック"},{"id":"1592","value":"メーク"}],"product_badge":null,"product_id":"42886","product_title_tag":null,"product_type":"Shaded","product_url":"/product/1605/42886/-/clinique-pop-liquidtm-matte-lip-colour-primer","reviews":{"average_rating":null,"number_of_questions":null,"number_of_reviews":null},"shade_groups":null,"short_description":"<P>心うばわれる美しいスウェードのようなリキッド マット リップ。</P><P>ポップな発色＋クリーミーなプライマー機能がひとつになった人気「クリニーク ポップ」シリーズから、<BR>マットな質感のリキッド リップカラーが誕生。<BR>リキッドなのに軽いつけ心地で、よれない、にじまない、<BR>唇にのせると、スウェードのような、今までに見たことのないマットな質感へ変化。<BR>ひと塗りで、あなたの唇にドラマをおこします。</P>","skin":null,"skin_goal":null,"skus":{"total":4,"items":[{"color_family":[{"key":"red-color","value":"red_color"}],"coverage_options":null,"cross_sell":null,"display_status":1,"finish":[{"key":"matte-finish","value":"matte_finish"}],"finish_options":[{"key":"matte-finish","value":"matte_finish"}],"fragrances":[{"family":null,"key":null,"value":null}],"iln_listing":null,"iln_version_number":null,"inventory_status":"Sold Out","is_active":null,"is_coming_soon":null,"is_default_sku":false,"is_discountable":true,"is_displayable":null,"is_engravable":null,"is_fragrance":null,"is_giftable":null,"is_giftwrap":false,"is_inactive":null,"is_multi_shaded":null,"is_out_of_stock":null,"is_preorder":false,"is_preorderable":null,"is_promotional":null,"is_replenishable":false,"is_search_suppressed":null,"is_searchable":true,"is_shaded":null,"is_sized":null,"is_sold_out":true,"is_under_weight_hazmat":false,"is_vto_enabled":null,"life_of_product":"Basic Reorder","material_code":"ZLPM020000","media":{"large":[{"alt":"クリニーク ポップ リキッド マット","height":1200,"position":1,"src":"/media/export/cms/products/1200x1500/cl_sku_ZLPM02_1200x1500_0.png","type":"image","width":1500}],"medium":[{"alt":"クリニーク ポップ リキッド マット","height":600,"position":2,"src":"/media/export/cms/products/600x750/cl_sku_ZLPM02_600x750_0.png","type":"image","width":750}],"model":null,"poster":null,"small":[{"alt":"クリニーク ポップ リキッド マット","height":1200,"position":3,"src":"/media/export/cms/products/1200x1500/cl_sku_ZLPM02_1200x1500_0.png","type":"image","width":1500}],"smoosh":[{"alt":"クリニーク ポップ リキッド マット","height":1200,"position":0,"src":"/media/export/cms/products/1200x1500/swatches_v3/85_ns_mg.png","type":"image","width":1500}],"xl":null},"out_of_stock_threshold":null,"perlgem":{"SKU_BASE_ID":73182},"preorder_date":null,"prices":[{"currency":"JPY","exclude_tax":{"original_price":18,"original_price_formatted":"¥18","price":18,"price_formatted":"¥18","price_per_unit":null,"price_per_unit_formatted":""},"include_tax":{"original_price":19,"original_price_formatted":"¥19","price":19,"price_formatted":"¥19","price_per_unit":null,"price_per_unit_formatted":""},"is_discounted":false}],"purchase_limit":null,"replenishment":{"message":null},"reviews":{"average_rating":null,"number_of_questions":null,"number_of_reviews":null},"set_components":null,"shade_groups":null,"shades":[{"description":"","hex_val":"#c8093a","image":{"height":null,"src":"","width":null},"name":"Flame Pop","smoosh_design":{"group_id":null,"name":"85::none::medium"}}],"sizes":[{"key":1,"value":null}],"skin":{"tone":null,"type":null,"type_description":null},"sku_badge":null,"sku_badge_image":null,"sku_display_order":4,"sku_id":"ZLPM02","sku_promo_messaging":null,"sku_type":"SE","sku_url":null,"tags":{"total":2,"items":[{"id":"1603","key":"リップグロス","value":"リップグロス"},{"id":"1605","key":"リップスティック","value":"リップスティック"}]},"texture":null,"undertone":null,"unit_of_measure":null,"unit_size":null,"unit_size_formatted":null,"upc":"020714790646","vto":{"is_color_experience":null,"is_foundation_experience":null}},{"color_family":[{"key":"nude-color","value":"nude_color"}],"coverage_options":null,"cross_sell":null,"display_status":1,"finish":[{"key":"matte-finish","value":"matte_finish"}],"finish_options":[{"key":"matte-finish","value":"matte_finish"}],"fragrances":[{"family":null,"key":null,"value":null}],"iln_listing":null,"iln_version_number":null,"inventory_status":"Sold Out","is_active":null,"is_coming_soon":null,"is_default_sku":false,"is_discountable":true,"is_displayable":null,"is_engravable":null,"is_fragrance":null,"is_giftable":null,"is_giftwrap":false,"is_inactive":null,"is_multi_shaded":null,"is_out_of_stock":null,"is_preorder":false,"is_preorderable":null,"is_promotional":null,"is_replenishable":false,"is_search_suppressed":null,"is_searchable":true,"is_shaded":null,"is_sized":null,"is_sold_out":true,"is_under_weight_hazmat":false,"is_vto_enabled":null,"life_of_product":"Basic Reorder","material_code":"ZLPM070000","media":{"large":[{"alt":"クリニーク ポップ リキッド マット","height":1200,"position":1,"src":"/media/export/cms/products/1200x1500/cl_sku_ZLPM07_1200x1500_0.png","type":"image","width":1500}],"medium":[{"alt":"クリニーク ポップ リキッド マット","height":600,"position":2,"src":"/media/export/cms/products/600x750/cl_sku_ZLPM07_600x750_0.png","type":"image","width":750}],"model":null,"poster":null,"small":[{"alt":"クリニーク ポップ リキッド マット","height":1200,"position":3,"src":"/media/export/cms/products/1200x1500/cl_sku_ZLPM07_1200x1500_0.png","type":"image","width":1500}],"smoosh":[{"alt":"クリニーク ポップ リキッド マット","height":1200,"position":0,"src":"/media/export/cms/products/1200x1500/swatches_v3/85_ns_mg.png","type":"image","width":1500}],"xl":null},"out_of_stock_threshold":null,"perlgem":{"SKU_BASE_ID":73189},"preorder_date":null,"prices":[{"currency":"JPY","exclude_tax":{"original_price":18,"original_price_formatted":"¥18","price":18,"price_formatted":"¥18","price_per_unit":null,"price_per_unit_formatted":""},"include_tax":{"original_price":19,"original_price_formatted":"¥19","price":19,"price_formatted":"¥19","price_per_unit":null,"price_per_unit_formatted":""},"is_discounted":false}],"purchase_limit":null,"replenishment":{"message":null},"reviews":{"average_rating":null,"number_of_questions":null,"number_of_reviews":null},"set_components":null,"shade_groups":null,"shades":[{"description":"","hex_val":"#841544","image":{"height":null,"src":"","width":null},"name":"Boom Pop","smoosh_design":{"group_id":null,"name":"85::none::medium"}}],"sizes":[{"key":1,"value":null}],"skin":{"tone":null,"type":null,"type_description":null},"sku_badge":null,"sku_badge_image":null,"sku_display_order":5,"sku_id":"ZLPM07","sku_promo_messaging":null,"sku_type":"SE","sku_url":null,"tags":{"total":2,"items":[{"id":"1603","key":"リップグロス","value":"リップグロス"},{"id":"1605","key":"リップスティック","value":"リップスティック"}]},"texture":null,"undertone":null,"unit_of_measure":null,"unit_size":null,"unit_size_formatted":null,"upc":"020714790691","vto":{"is_color_experience":null,"is_foundation_experience":null}},{"color_family":[{"key":"red-color","value":"red_color"}],"coverage_options":null,"cross_sell":null,"display_status":1,"finish":[{"key":"matte-finish","value":"matte_finish"}],"finish_options":[{"key":"matte-finish","value":"matte_finish"}],"fragrances":[{"family":null,"key":null,"value":null}],"iln_listing":"イソドデカン・オクチルドデカノール・水添ポリデセン・水添（スチレン／イソプレン）コポリマー・ジステアルジモニウムヘクトライト・ポリエチレン・ヒマワリ種子ロウ・炭酸プロピレン・ジメチルシリル化シリカ・酢酸トコフェロール・リン酸２Ｃａ・テトラ（ジ－ｔ－ブチルヒドロキシヒドロケイヒ酸）ペンタエリスリチル・トコフェロール　＋／－　酸化チタン・硫酸Ｂａ・赤１０４（１）・赤２０２・黄４・赤２０１・青１・マンガンバイオレット・マイカ・合成金雲母・シリカ・酸化スズ<JILN7585>","iln_version_number":"JILN7585","inventory_status":"Sold Out","is_active":null,"is_coming_soon":null,"is_default_sku":false,"is_discountable":true,"is_displayable":null,"is_engravable":null,"is_fragrance":null,"is_giftable":null,"is_giftwrap":false,"is_inactive":null,"is_multi_shaded":null,"is_out_of_stock":null,"is_preorder":false,"is_preorderable":null,"is_promotional":null,"is_replenishable":false,"is_search_suppressed":null,"is_searchable":true,"is_shaded":null,"is_sized":null,"is_sold_out":true,"is_under_weight_hazmat":false,"is_vto_enabled":null,"life_of_product":"Basic Reorder","material_code":"ZLPM040000","media":{"large":[{"alt":"クリニーク ポップ リキッド マット","height":1200,"position":1,"src":"/media/export/cms/products/1200x1500/cl_sku_ZLPM04_1200x1500_0.png","type":"image","width":1500}],"medium":[{"alt":"クリニーク ポップ リキッド マット","height":600,"position":2,"src":"/media/export/cms/products/600x750/cl_sku_ZLPM04_600x750_0.png","type":"image","width":750}],"model":null,"poster":null,"small":[{"alt":"クリニーク ポップ リキッド マット","height":1200,"position":3,"src":"/media/export/cms/products/1200x1500/cl_sku_ZLPM04_1200x1500_0.png","type":"image","width":1500}],"smoosh":[{"alt":"クリニーク ポップ リキッド マット","height":1200,"position":0,"src":"/media/export/cms/products/1200x1500/swatches_v3/85_ns_mg.png","type":"image","width":1500}],"xl":null},"out_of_stock_threshold":null,"perlgem":{"SKU_BASE_ID":73184},"preorder_date":null,"prices":[{"currency":"JPY","exclude_tax":{"original_price":18,"original_price_formatted":"¥18","price":18,"price_formatted":"¥18","price_per_unit":null,"price_per_unit_formatted":""},"include_tax":{"original_price":19,"original_price_formatted":"¥19","price":19,"price_formatted":"¥19","price_per_unit":null,"price_per_unit_formatted":""},"is_discounted":false}],"purchase_limit":null,"replenishment":{"message":null},"reviews":{"average_rating":null,"number_of_questions":null,"number_of_reviews":null},"set_components":null,"shade_groups":null,"shades":[{"description":"","hex_val":"#ef3232","image":{"height":null,"src":"","width":null},"name":"Ripe Pop","smoosh_design":{"group_id":null,"name":"85::none::medium"}}],"sizes":[{"key":1,"value":null}],"skin":{"tone":null,"type":null,"type_description":null},"sku_badge":null,"sku_badge_image":null,"sku_display_order":6,"sku_id":"ZLPM04","sku_promo_messaging":null,"sku_type":"SE","sku_url":null,"tags":{"total":2,"items":[{"id":"1603","key":"リップグロス","value":"リップグロス"},{"id":"1605","key":"リップスティック","value":"リップスティック"}]},"texture":null,"undertone":null,"unit_of_measure":null,"unit_size":null,"unit_size_formatted":null,"upc":"020714790660","vto":{"is_color_experience":null,"is_foundation_experience":null}},{"color_family":[{"key":"violet-color","value":"violet_color"}],"coverage_options":null,"cross_sell":null,"display_status":1,"finish":[{"key":"matte-finish","value":"matte_finish"}],"finish_options":[{"key":"matte-finish","value":"matte_finish"}],"fragrances":[{"family":null,"key":null,"value":null}],"iln_listing":"イソドデカン・オクチルドデカノール・水添ポリデセン・水添（スチレン／イソプレン）コポリマー・ジステアルジモニウムヘクトライト・ポリエチレン・ヒマワリ種子ロウ・炭酸プロピレン・ジメチルシリル化シリカ・酢酸トコフェロール・リン酸２Ｃａ・テトラ（ジ－ｔ－ブチルヒドロキシヒドロケイヒ酸）ペンタエリスリチル・トコフェロール　＋／－　酸化チタン・硫酸Ｂａ・赤１０４（１）・赤２０２・黄４・赤２０１・青１・マンガンバイオレット・マイカ・合成金雲母・シリカ・酸化スズ<JILN7585>","iln_version_number":"JILN7585","inventory_status":"Sold Out","is_active":null,"is_coming_soon":null,"is_default_sku":false,"is_discountable":true,"is_displayable":null,"is_engravable":null,"is_fragrance":null,"is_giftable":null,"is_giftwrap":false,"is_inactive":null,"is_multi_shaded":null,"is_out_of_stock":null,"is_preorder":false,"is_preorderable":null,"is_promotional":null,"is_replenishable":false,"is_search_suppressed":null,"is_searchable":true,"is_shaded":null,"is_sized":null,"is_sold_out":true,"is_under_weight_hazmat":false,"is_vto_enabled":null,"life_of_product":"Basic Reorder","material_code":"ZLPM080000","media":{"large":[{"alt":"クリニーク ポップ リキッド マット","height":1200,"position":1,"src":"/media/export/cms/products/1200x1500/cl_sku_ZLPM08_1200x1500_0.png","type":"image","width":1500}],"medium":[{"alt":"クリニーク ポップ リキッド マット","height":600,"position":2,"src":"/media/export/cms/products/600x750/cl_sku_ZLPM08_600x750_0.png","type":"image","width":750}],"model":null,"poster":null,"small":[{"alt":"クリニーク ポップ リキッド マット","height":1200,"position":3,"src":"/media/export/cms/products/1200x1500/cl_sku_ZLPM08_1200x1500_0.png","type":"image","width":1500}],"smoosh":[{"alt":"クリニーク ポップ リキッド マット","height":1200,"position":0,"src":"/media/export/cms/products/1200x1500/swatches_v3/85_ns_mg.png","type":"image","width":1500}],"xl":null},"out_of_stock_threshold":null,"perlgem":{"SKU_BASE_ID":73190},"preorder_date":null,"prices":[{"currency":"JPY","exclude_tax":{"original_price":18,"original_price_formatted":"¥18","price":18,"price_formatted":"¥18","price_per_unit":null,"price_per_unit_formatted":""},"include_tax":{"original_price":19,"original_price_formatted":"¥19","price":19,"price_formatted":"¥19","price_per_unit":null,"price_per_unit_formatted":""},"is_discounted":false}],"purchase_limit":null,"replenishment":{"message":null},"reviews":{"average_rating":null,"number_of_questions":null,"number_of_reviews":null},"set_components":null,"shade_groups":null,"shades":[{"description":"","hex_val":"#5e072f","image":{"height":null,"src":"","width":null},"name":"Black Licorice Pop","smoosh_design":{"group_id":null,"name":"85::none::medium"}}],"sizes":[{"key":1,"value":null}],"skin":{"tone":null,"type":null,"type_description":null},"sku_badge":null,"sku_badge_image":null,"sku_display_order":7,"sku_id":"ZLPM08","sku_promo_messaging":null,"sku_type":"SE","sku_url":null,"tags":{"total":2,"items":[{"id":"1603","key":"リップグロス","value":"リップグロス"},{"id":"1605","key":"リップスティック","value":"リップスティック"}]},"texture":null,"undertone":null,"unit_of_measure":null,"unit_size":null,"unit_size_formatted":null,"upc":"020714790707","vto":{"is_color_experience":null,"is_foundation_experience":null}}]},"sub_display_name":"クリニーク ポップ リキッド マット","sub_header":null,"tags":{"total":2,"items":[{"id":"1603","key":"リップグロス","parent_tag_id":"1592","product_display_order":5,"value":"リップグロス"},{"id":"1605","key":"リップスティック","parent_tag_id":"1592","product_display_order":22,"value":"リップスティック"}]},"usage":[{"content":null,"label":"PRODUCT USAGE","type":"product_usage"},{"content":null,"label":"HOW DOES IT WORK","type":"how_does_it_work"},{"content":null,"label":"WHO IT IS FOR","type":"who_it_is_for"},{"content":null,"label":"GREAT TO KNOW","type":"great_to_know"},{"content":null,"label":"WHAT_IT_DOES","type":"what_it_does"},{"content":null,"label":"WHAT_IT_IS","type":"what_it_is"}],"objectID":"42886"},{"benefit":{"statement":null,"benefits":null},"brand":null,"collection":null,"coverage":[{"key":"medium-coverage","value":"medium_coverage"},{"key":"sheer-coverage","value":"sheer_coverage"}],"cross_sell":null,"default_category":{"id":"1599","key":"ファンデーション"},"description":"Slip on a silk-enriched makeup. Feel naked, yet covered to perfection. Control oil, yet hydrate where needed. Protect with SPF. Oil-free. Sheer to moderate coverage. Natural-matte finish. Ideal for Dry Combination to Oily Skin Types.","display_mode":null,"display_name":"Superbalanced™ Silk Makeup Broad Spectrum SPF 15","display_status":1,"finish":[{"key":"matte-finish","value":"matte_finish"},{"key":"natural-finish","value":"natural_finish"}],"form":[{"key":"liquid-form","value":"liquid_form"}],"formula_type":null,"fragrance_family":null,"indexable_keywords":null,"is_hazmat":false,"is_product_coming_soon":null,"is_product_displayable":true,"is_product_searchable":true,"is_product_shoppable":false,"is_product_sold_out":null,"is_product_temporarily_out_of_stock":null,"is_search_suppressed":null,"key_ingredient":null,"media":{"large":null,"medium":null,"poster":null,"small":null,"videos":[{"position":null,"poster":{"height":null,"src":null,"width":null},"provider":null,"src":null},{"position":null,"poster":{"height":null,"src":null,"width":null},"provider":null,"src":null},{"position":null,"poster":{"height":null,"src":null,"width":null},"provider":null,"src":null}],"xl":null},"meta":{"description":null,"keywords":null},"parent_category":[{"id":"1599","value":"ファンデーション"},{"id":"1592","value":"メーク"}],"product_badge":null,"product_id":"42938","product_title_tag":null,"product_type":"Shaded","product_url":"/product/1599/42938/superbalancedtm-silk-makeup-broad-spectrum-spf-15/superbalancedtm-silk-makeup-broad-spectrum-spf-15","reviews":{"average_rating":null,"number_of_questions":null,"number_of_reviews":null},"shade_groups":null,"short_description":"Ultra-fluid, silky makeup controls oil, yet hydrates where needed. Protects with SPF.","skin":{"concern":[{"key":"spf-concern","value":"spf_concern"}]},"skin_goal":null,"skus":{"total":19,"items":[{"color_family":[{"key":"medium-color","value":"medium_color"}],"coverage_options":null,"cross_sell":null,"display_status":1,"finish":[{"key":"natural-finish","value":"natural_finish"}],"finish_options":[{"key":"natural-finish","value":"natural_finish"}],"fragrances":[{"family":null,"key":null,"value":null}],"iln_listing":null,"iln_version_number":null,"inventory_status":"Sold Out","is_active":null,"is_coming_soon":null,"is_default_sku":false,"is_discountable":true,"is_displayable":null,"is_engravable":null,"is_fragrance":null,"is_giftable":null,"is_giftwrap":false,"is_inactive":null,"is_multi_shaded":null,"is_out_of_stock":null,"is_preorder":false,"is_preorderable":null,"is_promotional":null,"is_replenishable":false,"is_search_suppressed":null,"is_searchable":true,"is_shaded":null,"is_sized":null,"is_sold_out":true,"is_under_weight_hazmat":false,"is_vto_enabled":null,"life_of_product":"Basic Reorder","material_code":"ZGH4150000","media":{"large":[{"alt":"Superbalanced™ Silk Makeup Broad Spectrum SPF 15","height":1200,"position":1,"src":"/media/export/cms/products/1200x1500/cl_sku_ZGH415_1200x1500_0.png","type":"image","width":1500}],"medium":[{"alt":"Superbalanced™ Silk Makeup Broad Spectrum SPF 15","height":600,"position":2,"src":"/media/export/cms/products/600x750/cl_sku_ZGH415_600x750_0.png","type":"image","width":750}],"model":null,"poster":null,"small":[{"alt":"Superbalanced™ Silk Makeup Broad Spectrum SPF 15","height":1200,"position":3,"src":"/media/export/cms/products/1200x1500/cl_sku_ZGH415_1200x1500_0.png","type":"image","width":1500}],"smoosh":[{"alt":"Superbalanced™ Silk Makeup Broad Spectrum SPF 15","height":1200,"position":0,"src":"/media/export/cms/products/1200x1500/swatches_v3/55_ns_ng.png","type":"image","width":1500}],"xl":null},"out_of_stock_threshold":null,"perlgem":{"SKU_BASE_ID":73218},"preorder_date":null,"prices":[{"currency":"JPY","exclude_tax":{"original_price":25.5,"original_price_formatted":"¥25.5","price":25.5,"price_formatted":"¥25.5","price_per_unit":null,"price_per_unit_formatted":""},"include_tax":{"original_price":28,"original_price_formatted":"¥28","price":28,"price_formatted":"¥28","price_per_unit":null,"price_per_unit_formatted":""},"is_discounted":false}],"purchase_limit":null,"replenishment":{"message":null},"reviews":{"average_rating":null,"number_of_questions":null,"number_of_reviews":null},"set_components":null,"shade_groups":null,"shades":[{"description":"","hex_val":"#C99B71","image":{"height":null,"src":"","width":null},"name":"Silk Nutmeg","smoosh_design":{"group_id":null,"name":"55::none::none"}}],"sizes":[{"key":1,"value":"30ml/1.0oz"}],"skin":{"tone":null,"type":[{"key":"combination-skintype","value":"combination_skintype"},{"key":"dry-skintype","value":"dry_skintype"},{"key":"oily-skintype","value":"oily_skintype"}],"type_description":null},"sku_badge":null,"sku_badge_image":null,"sku_display_order":0,"sku_id":"ZGH415","sku_promo_messaging":null,"sku_type":"SE","sku_url":null,"tags":{"total":2,"items":[{"id":"1599","key":"ファンデーション","value":"ファンデーション"},{"id":"19288","key":"スペシャルセール","value":"スペシャルセール"}]},"texture":null,"undertone":[{"key":"cool-undertone","value":"cool_undertone"}],"unit_of_measure":null,"unit_size":null,"unit_size_formatted":null,"upc":"020714803865","vto":{"is_color_experience":null,"is_foundation_experience":null}},{"color_family":[{"key":"dark-color","value":"dark_color"}],"coverage_options":null,"cross_sell":null,"display_status":1,"finish":[{"key":"natural-finish","value":"natural_finish"}],"finish_options":[{"key":"natural-finish","value":"natural_finish"}],"fragrances":[{"family":null,"key":null,"value":null}],"iln_listing":null,"iln_version_number":null,"inventory_status":"Sold Out","is_active":null,"is_coming_soon":null,"is_default_sku":false,"is_discountable":true,"is_displayable":null,"is_engravable":null,"is_fragrance":null,"is_giftable":null,"is_giftwrap":false,"is_inactive":null,"is_multi_shaded":null,"is_out_of_stock":null,"is_preorder":false,"is_preorderable":null,"is_promotional":null,"is_replenishable":false,"is_search_suppressed":null,"is_searchable":true,"is_shaded":null,"is_sized":null,"is_sold_out":true,"is_under_weight_hazmat":false,"is_vto_enabled":null,"life_of_product":"Basic Reorder","material_code":"ZGH4190000","media":{"large":[{"alt":"Superbalanced™ Silk Makeup Broad Spectrum SPF 15","height":1200,"position":1,"src":"/media/export/cms/products/1200x1500/cl_sku_ZGH419_1200x1500_0.png","type":"image","width":1500}],"medium":[{"alt":"Superbalanced™ Silk Makeup Broad Spectrum SPF 15","height":600,"position":2,"src":"/media/export/cms/products/600x750/cl_sku_ZGH419_600x750_0.png","type":"image","width":750}],"model":null,"poster":null,"small":[{"alt":"Superbalanced™ Silk Makeup Broad Spectrum SPF 15","height":1200,"position":3,"src":"/media/export/cms/products/1200x1500/cl_sku_ZGH419_1200x1500_0.png","type":"image","width":1500}],"smoosh":[{"alt":"Superbalanced™ Silk Makeup Broad Spectrum SPF 15","height":1200,"position":0,"src":"/media/export/cms/products/1200x1500/swatches_v3/55_ns_ng.png","type":"image","width":1500}],"xl":null},"out_of_stock_threshold":null,"perlgem":{"SKU_BASE_ID":73222},"preorder_date":null,"prices":[{"currency":"JPY","exclude_tax":{"original_price":25.5,"original_price_formatted":"¥25.5","price":25.5,"price_formatted":"¥25.5","price_per_unit":null,"price_per_unit_formatted":""},"include_tax":{"original_price":28,"original_price_formatted":"¥28","price":28,"price_formatted":"¥28","price_per_unit":null,"price_per_unit_formatted":""},"is_discounted":false}],"purchase_limit":null,"replenishment":{"message":null},"reviews":{"average_rating":null,"number_of_questions":null,"number_of_reviews":null},"set_components":null,"shade_groups":null,"shades":[{"description":"","hex_val":"#995C27","image":{"height":null,"src":"","width":null},"name":"Silk Brandy","smoosh_design":{"group_id":null,"name":"55::none::none"}}],"sizes":[{"key":1,"value":"30ml/1.0oz"}],"skin":{"tone":null,"type":[{"key":"combination-skintype","value":"combination_skintype"},{"key":"dry-skintype","value":"dry_skintype"},{"key":"oily-skintype","value":"oily_skintype"}],"type_description":null},"sku_badge":null,"sku_badge_image":null,"sku_display_order":0,"sku_id":"ZGH419","sku_promo_messaging":null,"sku_type":"SE","sku_url":null,"tags":{"total":2,"items":[{"id":"1599","key":"ファンデーション","value":"ファンデーション"},{"id":"19288","key":"スペシャルセール","value":"スペシャルセール"}]},"texture":null,"undertone":[{"key":"warm-undertone","value":"warm_undertone"}],"unit_of_measure":null,"unit_size":null,"unit_size_formatted":null,"upc":"020714803902","vto":{"is_color_experience":null,"is_foundation_experience":null}},{"color_family":[{"key":"very-fair-color","value":"very_fair_color"}],"coverage_options":null,"cross_sell":null,"display_status":1,"finish":[{"key":"natural-finish","value":"natural_finish"}],"finish_options":[{"key":"natural-finish","value":"natural_finish"}],"fragrances":[{"family":null,"key":null,"value":null}],"iln_listing":null,"iln_version_number":null,"inventory_status":"Sold Out","is_active":null,"is_coming_soon":null,"is_default_sku":false,"is_discountable":true,"is_displayable":null,"is_engravable":null,"is_fragrance":null,"is_giftable":null,"is_giftwrap":false,"is_inactive":null,"is_multi_shaded":null,"is_out_of_stock":null,"is_preorder":false,"is_preorderable":null,"is_promotional":null,"is_replenishable":false,"is_search_suppressed":null,"is_searchable":true,"is_shaded":null,"is_sized":null,"is_sold_out":true,"is_under_weight_hazmat":false,"is_vto_enabled":null,"life_of_product":"Basic Reorder","material_code":"ZGH4050000","media":{"large":[{"alt":"Superbalanced™ Silk Makeup Broad Spectrum SPF 15","height":1200,"position":1,"src":"/media/export/cms/products/1200x1500/cl_sku_ZGH405_1200x1500_0.png","type":"image","width":1500}],"medium":[{"alt":"Superbalanced™ Silk Makeup Broad Spectrum SPF 15","height":600,"position":2,"src":"/media/export/cms/products/600x750/cl_sku_ZGH405_600x750_0.png","type":"image","width":750}],"model":null,"poster":null,"small":[{"alt":"Superbalanced™ Silk Makeup Broad Spectrum SPF 15","height":1200,"position":3,"src":"/media/export/cms/products/1200x1500/cl_sku_ZGH405_1200x1500_0.png","type":"image","width":1500}],"smoosh":[{"alt":"Superbalanced™ Silk Makeup Broad Spectrum SPF 15","height":1200,"position":0,"src":"/media/export/cms/products/1200x1500/swatches_v3/55_ns_ng.png","type":"image","width":1500}],"xl":null},"out_of_stock_threshold":null,"perlgem":{"SKU_BASE_ID":73198},"preorder_date":null,"prices":[{"currency":"JPY","exclude_tax":{"original_price":25.5,"original_price_formatted":"¥25.5","price":25.5,"price_formatted":"¥25.5","price_per_unit":null,"price_per_unit_formatted":""},"include_tax":{"original_price":28,"original_price_formatted":"¥28","price":28,"price_formatted":"¥28","price_per_unit":null,"price_per_unit_formatted":""},"is_discounted":false}],"purchase_limit":null,"replenishment":{"message":null},"reviews":{"average_rating":null,"number_of_questions":null,"number_of_reviews":null},"set_components":null,"shade_groups":null,"shades":[{"description":"","hex_val":"#E5BFA9","image":{"height":null,"src":"","width":null},"name":"Silk Ivory","smoosh_design":{"group_id":null,"name":"55::none::none"}}],"sizes":[{"key":1,"value":"30ml/1.0oz"}],"skin":{"tone":null,"type":[{"key":"combination-skintype","value":"combination_skintype"},{"key":"dry-skintype","value":"dry_skintype"},{"key":"oily-skintype","value":"oily_skintype"}],"type_description":null},"sku_badge":null,"sku_badge_image":null,"sku_display_order":0,"sku_id":"ZGH405","sku_promo_messaging":null,"sku_type":"SE","sku_url":null,"tags":{"total":4,"items":[{"id":"27171","key":"day4flashsale","value":"Day4FlashSale"},{"id":"27174","key":"day7flashsale","value":"Day7FlashSale"},{"id":"27172","key":"day5flashsale","value":"Day5FlashSale"},{"id":"1599","key":"ファンデーション","value":"ファンデーション"}]},"texture":null,"undertone":[{"key":"cool-undertone","value":"cool_undertone"}],"unit_of_measure":null,"unit_size":null,"unit_size_formatted":null,"upc":"020714755720","vto":{"is_color_experience":null,"is_foundation_experience":null}},{"color_family":[{"key":"fair-color","value":"fair_color"}],"coverage_options":null,"cross_sell":null,"display_status":1,"finish":[{"key":"natural-finish","value":"natural_finish"}],"finish_options":[{"key":"natural-finish","value":"natural_finish"}],"fragrances":[{"family":null,"key":null,"value":null}],"iln_listing":null,"iln_version_number":null,"inventory_status":"Sold Out","is_active":null,"is_coming_soon":null,"is_default_sku":false,"is_discountable":true,"is_displayable":null,"is_engravable":null,"is_fragrance":null,"is_giftable":null,"is_giftwrap":false,"is_inactive":null,"is_multi_shaded":null,"is_out_of_stock":null,"is_preorder":false,"is_preorderable":null,"is_promotional":null,"is_replenishable":false,"is_search_suppressed":null,"is_searchable":true,"is_shaded":null,"is_sized":null,"is_sold_out":true,"is_under_weight_hazmat":false,"is_vto_enabled":null,"life_of_product":"Basic Reorder","material_code":"ZGH4100000","media":{"large":[{"alt":"Superbalanced™ Silk Makeup Broad Spectrum SPF 15","height":1200,"position":1,"src":"/media/export/cms/products/1200x1500/cl_sku_ZGH410_1200x1500_0.png","type":"image","width":1500}],"medium":[{"alt":"Superbalanced™ Silk Makeup Broad Spectrum SPF 15","height":600,"position":2,"src":"/media/export/cms/products/600x750/cl_sku_ZGH410_600x750_0.png","type":"image","width":750}],"model":null,"poster":null,"small":[{"alt":"Superbalanced™ Silk Makeup Broad Spectrum SPF 15","height":1200,"position":3,"src":"/media/export/cms/products/1200x1500/cl_sku_ZGH410_1200x1500_0.png","type":"image","width":1500}],"smoosh":[{"alt":"Superbalanced™ Silk Makeup Broad Spectrum SPF 15","height":1200,"position":0,"src":"/media/export/cms/products/1200x1500/swatches_v3/55_ns_ng.png","type":"image","width":1500}],"xl":null},"out_of_stock_threshold":null,"perlgem":{"SKU_BASE_ID":73213},"preorder_date":null,"prices":[{"currency":"JPY","exclude_tax":{"original_price":25.5,"original_price_formatted":"¥25.5","price":25.5,"price_formatted":"¥25.5","price_per_unit":null,"price_per_unit_formatted":""},"include_tax":{"original_price":28,"original_price_formatted":"¥28","price":28,"price_formatted":"¥28","price_per_unit":null,"price_per_unit_formatted":""},"is_discounted":false}],"purchase_limit":null,"replenishment":{"message":null},"reviews":{"average_rating":null,"number_of_questions":null,"number_of_reviews":null},"set_components":null,"shade_groups":null,"shades":[{"description":"","hex_val":"#DAA878","image":{"height":null,"src":"","width":null},"name":"Silk Honeymilk","smoosh_design":{"group_id":null,"name":"55::none::none"}}],"sizes":[{"key":1,"value":"30ml/1.0oz"}],"skin":{"tone":null,"type":[{"key":"combination-skintype","value":"combination_skintype"},{"key":"dry-skintype","value":"dry_skintype"},{"key":"oily-skintype","value":"oily_skintype"}],"type_description":null},"sku_badge":null,"sku_badge_image":null,"sku_display_order":0,"sku_id":"ZGH410","sku_promo_messaging":null,"sku_type":"SE","sku_url":null,"tags":{"total":5,"items":[{"id":"27171","key":"day4flashsale","value":"Day4FlashSale"},{"id":"27174","key":"day7flashsale","value":"Day7FlashSale"},{"id":"27172","key":"day5flashsale","value":"Day5FlashSale"},{"id":"1599","key":"ファンデーション","value":"ファンデーション"},{"id":"19288","key":"スペシャルセール","value":"スペシャルセール"}]},"texture":null,"undertone":[{"key":"warm-undertone","value":"warm_undertone"}],"unit_of_measure":null,"unit_size":null,"unit_size_formatted":null,"upc":"020714755775","vto":{"is_color_experience":null,"is_foundation_experience":null}},{"color_family":[{"key":"very-fair-color","value":"very_fair_color"}],"coverage_options":null,"cross_sell":null,"display_status":1,"finish":[{"key":"natural-finish","value":"natural_finish"}],"finish_options":[{"key":"natural-finish","value":"natural_finish"}],"fragrances":[{"family":null,"key":null,"value":null}],"iln_listing":null,"iln_version_number":null,"inventory_status":"Sold Out","is_active":null,"is_coming_soon":null,"is_default_sku":false,"is_discountable":true,"is_displayable":null,"is_engravable":null,"is_fragrance":null,"is_giftable":null,"is_giftwrap":false,"is_inactive":null,"is_multi_shaded":null,"is_out_of_stock":null,"is_preorder":false,"is_preorderable":null,"is_promotional":null,"is_replenishable":false,"is_search_suppressed":null,"is_searchable":true,"is_shaded":null,"is_sized":null,"is_sold_out":true,"is_under_weight_hazmat":false,"is_vto_enabled":null,"life_of_product":"Basic Reorder","material_code":"ZGH4020000","media":{"large":[{"alt":"Superbalanced™ Silk Makeup Broad Spectrum SPF 15","height":1200,"position":1,"src":"/media/export/cms/products/1200x1500/cl_sku_ZGH402_1200x1500_0.png","type":"image","width":1500}],"medium":[{"alt":"Superbalanced™ Silk Makeup Broad Spectrum SPF 15","height":600,"position":2,"src":"/media/export/cms/products/600x750/cl_sku_ZGH402_600x750_0.png","type":"image","width":750}],"model":null,"poster":null,"small":[{"alt":"Superbalanced™ Silk Makeup Broad Spectrum SPF 15","height":1200,"position":3,"src":"/media/export/cms/products/1200x1500/cl_sku_ZGH402_1200x1500_0.png","type":"image","width":1500}],"smoosh":[{"alt":"Superbalanced™ Silk Makeup Broad Spectrum SPF 15","height":1200,"position":0,"src":"/media/export/cms/products/1200x1500/swatches_v3/55_ns_ng.png","type":"image","width":1500}],"xl":null},"out_of_stock_threshold":null,"perlgem":{"SKU_BASE_ID":73194},"preorder_date":null,"prices":[{"currency":"JPY","exclude_tax":{"original_price":25.5,"original_price_formatted":"¥25.5","price":25.5,"price_formatted":"¥25.5","price_per_unit":null,"price_per_unit_formatted":""},"include_tax":{"original_price":28,"original_price_formatted":"¥28","price":28,"price_formatted":"¥28","price_per_unit":null,"price_per_unit_formatted":""},"is_discounted":false}],"purchase_limit":null,"replenishment":{"message":null},"reviews":{"average_rating":null,"number_of_questions":null,"number_of_reviews":null},"set_components":null,"shade_groups":null,"shades":[{"description":"","hex_val":"#F0C9AE","image":{"height":null,"src":"","width":null},"name":"Silk Shell","smoosh_design":{"group_id":null,"name":"55::none::none"}}],"sizes":[{"key":1,"value":"30ml/1.0oz"}],"skin":{"tone":null,"type":[{"key":"combination-skintype","value":"combination_skintype"},{"key":"dry-skintype","value":"dry_skintype"},{"key":"oily-skintype","value":"oily_skintype"}],"type_description":null},"sku_badge":null,"sku_badge_image":null,"sku_display_order":0,"sku_id":"ZGH402","sku_promo_messaging":null,"sku_type":"SE","sku_url":null,"tags":{"total":4,"items":[{"id":"27171","key":"day4flashsale","value":"Day4FlashSale"},{"id":"27174","key":"day7flashsale","value":"Day7FlashSale"},{"id":"27172","key":"day5flashsale","value":"Day5FlashSale"},{"id":"1599","key":"ファンデーション","value":"ファンデーション"}]},"texture":null,"undertone":[{"key":"cool-undertone","value":"cool_undertone"}],"unit_of_measure":null,"unit_size":null,"unit_size_formatted":null,"upc":"020714755690","vto":{"is_color_experience":null,"is_foundation_experience":null}},{"color_family":[{"key":"dark-color","value":"dark_color"}],"coverage_options":null,"cross_sell":null,"display_status":1,"finish":[{"key":"natural-finish","value":"natural_finish"}],"finish_options":[{"key":"natural-finish","value":"natural_finish"}],"fragrances":[{"family":null,"key":null,"value":null}],"iln_listing":null,"iln_version_number":null,"inventory_status":"Sold Out","is_active":null,"is_coming_soon":null,"is_default_sku":false,"is_discountable":true,"is_displayable":null,"is_engravable":null,"is_fragrance":null,"is_giftable":null,"is_giftwrap":false,"is_inactive":null,"is_multi_shaded":null,"is_out_of_stock":null,"is_preorder":false,"is_preorderable":null,"is_promotional":null,"is_replenishable":false,"is_search_suppressed":null,"is_searchable":true,"is_shaded":null,"is_sized":null,"is_sold_out":true,"is_under_weight_hazmat":false,"is_vto_enabled":null,"life_of_product":"Basic Reorder","material_code":"ZGH4200000","media":{"large":[{"alt":"Superbalanced™ Silk Makeup Broad Spectrum SPF 15","height":1200,"position":1,"src":"/media/export/cms/products/1200x1500/cl_sku_ZGH420_1200x1500_0.png","type":"image","width":1500}],"medium":[{"alt":"Superbalanced™ Silk Makeup Broad Spectrum SPF 15","height":600,"position":2,"src":"/media/export/cms/products/600x750/cl_sku_ZGH420_600x750_0.png","type":"image","width":750}],"model":null,"poster":null,"small":[{"alt":"Superbalanced™ Silk Makeup Broad Spectrum SPF 15","height":1200,"position":3,"src":"/media/export/cms/products/1200x1500/cl_sku_ZGH420_1200x1500_0.png","type":"image","width":1500}],"smoosh":[{"alt":"Superbalanced™ Silk Makeup Broad Spectrum SPF 15","height":1200,"position":0,"src":"/media/export/cms/products/1200x1500/swatches_v3/55_ns_ng.png","type":"image","width":1500}],"xl":null},"out_of_stock_threshold":null,"perlgem":{"SKU_BASE_ID":73223},"preorder_date":null,"prices":[{"currency":"JPY","exclude_tax":{"original_price":25.5,"original_price_formatted":"¥25.5","price":25.5,"price_formatted":"¥25.5","price_per_unit":null,"price_per_unit_formatted":""},"include_tax":{"original_price":28,"original_price_formatted":"¥28","price":28,"price_formatted":"¥28","price_per_unit":null,"price_per_unit_formatted":""},"is_discounted":false}],"purchase_limit":null,"replenishment":{"message":null},"reviews":{"average_rating":null,"number_of_questions":null,"number_of_reviews":null},"set_components":null,"shade_groups":null,"shades":[{"description":"","hex_val":"#8E5230","image":{"height":null,"src":"","width":null},"name":"Silk Cocoa","smoosh_design":{"group_id":null,"name":"55::none::none"}}],"sizes":[{"key":1,"value":"30ml/1.0oz"}],"skin":{"tone":null,"type":[{"key":"combination-skintype","value":"combination_skintype"},{"key":"dry-skintype","value":"dry_skintype"},{"key":"oily-skintype","value":"oily_skintype"}],"type_description":null},"sku_badge":null,"sku_badge_image":null,"sku_display_order":0,"sku_id":"ZGH420","sku_promo_messaging":null,"sku_type":"SE","sku_url":null,"tags":{"total":3,"items":[{"id":"27171","key":"day4flashsale","value":"Day4FlashSale"},{"id":"1599","key":"ファンデーション","value":"ファンデーション"},{"id":"19288","key":"スペシャルセール","value":"スペシャルセール"}]},"texture":null,"undertone":[{"key":"cool-undertone","value":"cool_undertone"}],"unit_of_measure":null,"unit_size":null,"unit_size_formatted":null,"upc":"020714803919","vto":{"is_color_experience":null,"is_foundation_experience":null}},{"color_family":[{"key":"dark-color","value":"dark_color"}],"coverage_options":null,"cross_sell":null,"display_status":1,"finish":[{"key":"natural-finish","value":"natural_finish"}],"finish_options":[{"key":"natural-finish","value":"natural_finish"}],"fragrances":[{"family":null,"key":null,"value":null}],"iln_listing":null,"iln_version_number":null,"inventory_status":"Sold Out","is_active":null,"is_coming_soon":null,"is_default_sku":false,"is_discountable":true,"is_displayable":null,"is_engravable":null,"is_fragrance":null,"is_giftable":null,"is_giftwrap":false,"is_inactive":null,"is_multi_shaded":null,"is_out_of_stock":null,"is_preorder":false,"is_preorderable":null,"is_promotional":null,"is_replenishable":false,"is_search_suppressed":null,"is_searchable":true,"is_shaded":null,"is_sized":null,"is_sold_out":true,"is_under_weight_hazmat":false,"is_vto_enabled":null,"life_of_product":"Basic Reorder","material_code":"ZGH4180000","media":{"large":[{"alt":"Superbalanced™ Silk Makeup Broad Spectrum SPF 15","height":1200,"position":1,"src":"/media/export/cms/products/1200x1500/cl_sku_ZGH418_1200x1500_0.png","type":"image","width":1500}],"medium":[{"alt":"Superbalanced™ Silk Makeup Broad Spectrum SPF 15","height":600,"position":2,"src":"/media/export/cms/products/600x750/cl_sku_ZGH418_600x750_0.png","type":"image","width":750}],"model":null,"poster":null,"small":[{"alt":"Superbalanced™ Silk Makeup Broad Spectrum SPF 15","height":1200,"position":3,"src":"/media/export/cms/products/1200x1500/cl_sku_ZGH418_1200x1500_0.png","type":"image","width":1500}],"smoosh":[{"alt":"Superbalanced™ Silk Makeup Broad Spectrum SPF 15","height":1200,"position":0,"src":"/media/export/cms/products/1200x1500/swatches_v3/55_ns_ng.png","type":"image","width":1500}],"xl":null},"out_of_stock_threshold":null,"perlgem":{"SKU_BASE_ID":73221},"preorder_date":null,"prices":[{"currency":"JPY","exclude_tax":{"original_price":25.5,"original_price_formatted":"¥25.5","price":25.5,"price_formatted":"¥25.5","price_per_unit":null,"price_per_unit_formatted":""},"include_tax":{"original_price":28,"original_price_formatted":"¥28","price":28,"price_formatted":"¥28","price_per_unit":null,"price_per_unit_formatted":""},"is_discounted":false}],"purchase_limit":null,"replenishment":{"message":null},"reviews":{"average_rating":null,"number_of_questions":null,"number_of_reviews":null},"set_components":null,"shade_groups":null,"shades":[{"description":"","hex_val":"#B4753E","image":{"height":null,"src":"","width":null},"name":"Silk Sable","smoosh_design":{"group_id":null,"name":"55::none::none"}}],"sizes":[{"key":1,"value":"30ml/1.0oz"}],"skin":{"tone":null,"type":[{"key":"dry-skintype","value":"dry_skintype"},{"key":"combination-skintype","value":"combination_skintype"},{"key":"oily-skintype","value":"oily_skintype"}],"type_description":null},"sku_badge":null,"sku_badge_image":null,"sku_display_order":0,"sku_id":"ZGH418","sku_promo_messaging":null,"sku_type":"SE","sku_url":null,"tags":{"total":1,"items":[{"id":"1599","key":"ファンデーション","value":"ファンデーション"}]},"texture":null,"undertone":[{"key":"warm-undertone","value":"warm_undertone"}],"unit_of_measure":null,"unit_size":null,"unit_size_formatted":null,"upc":"020714803896","vto":{"is_color_experience":null,"is_foundation_experience":null}},{"color_family":[{"key":"fair-color","value":"fair_color"}],"coverage_options":null,"cross_sell":null,"display_status":1,"finish":[{"key":"natural-finish","value":"natural_finish"}],"finish_options":[{"key":"natural-finish","value":"natural_finish"}],"fragrances":[{"family":null,"key":null,"value":null}],"iln_listing":null,"iln_version_number":null,"inventory_status":"Sold Out","is_active":null,"is_coming_soon":null,"is_default_sku":false,"is_discountable":true,"is_displayable":null,"is_engravable":null,"is_fragrance":null,"is_giftable":null,"is_giftwrap":false,"is_inactive":null,"is_multi_shaded":null,"is_out_of_stock":null,"is_preorder":false,"is_preorderable":null,"is_promotional":null,"is_replenishable":false,"is_search_suppressed":null,"is_searchable":true,"is_shaded":null,"is_sized":null,"is_sold_out":true,"is_under_weight_hazmat":false,"is_vto_enabled":null,"life_of_product":"Basic Reorder","material_code":"ZGH4120000","media":{"large":[{"alt":"Superbalanced™ Silk Makeup Broad Spectrum SPF 15","height":1200,"position":1,"src":"/media/export/cms/products/1200x1500/cl_sku_ZGH412_1200x1500_0.png","type":"image","width":1500}],"medium":[{"alt":"Superbalanced™ Silk Makeup Broad Spectrum SPF 15","height":600,"position":2,"src":"/media/export/cms/products/600x750/cl_sku_ZGH412_600x750_0.png","type":"image","width":750}],"model":null,"poster":null,"small":[{"alt":"Superbalanced™ Silk Makeup Broad Spectrum SPF 15","height":1200,"position":3,"src":"/media/export/cms/products/1200x1500/cl_sku_ZGH412_1200x1500_0.png","type":"image","width":1500}],"smoosh":[{"alt":"Superbalanced™ Silk Makeup Broad Spectrum SPF 15","height":1200,"position":0,"src":"/media/export/cms/products/1200x1500/swatches_v3/55_ns_ng.png","type":"image","width":1500}],"xl":null},"out_of_stock_threshold":null,"perlgem":{"SKU_BASE_ID":73215},"preorder_date":null,"prices":[{"currency":"JPY","exclude_tax":{"original_price":25.5,"original_price_formatted":"¥25.5","price":25.5,"price_formatted":"¥25.5","price_per_unit":null,"price_per_unit_formatted":""},"include_tax":{"original_price":28,"original_price_formatted":"¥28","price":28,"price_formatted":"¥28","price_per_unit":null,"price_per_unit_formatted":""},"is_discounted":false}],"purchase_limit":null,"replenishment":{"message":null},"reviews":{"average_rating":null,"number_of_questions":null,"number_of_reviews":null},"set_components":null,"shade_groups":null,"shades":[{"description":"","hex_val":"#E0AD84","image":{"height":null,"src":"","width":null},"name":"Silk Maple","smoosh_design":{"group_id":null,"name":"55::none::none"}}],"sizes":[{"key":1,"value":"30ml/1.0oz"}],"skin":{"tone":null,"type":[{"key":"combination-skintype","value":"combination_skintype"},{"key":"dry-skintype","value":"dry_skintype"},{"key":"oily-skintype","value":"oily_skintype"}],"type_description":null},"sku_badge":null,"sku_badge_image":null,"sku_display_order":0,"sku_id":"ZGH412","sku_promo_messaging":null,"sku_type":"SE","sku_url":null,"tags":{"total":2,"items":[{"id":"1599","key":"ファンデーション","value":"ファンデーション"},{"id":"19288","key":"スペシャルセール","value":"スペシャルセール"}]},"texture":null,"undertone":[{"key":"warm-undertone","value":"warm_undertone"}],"unit_of_measure":null,"unit_size":null,"unit_size_formatted":null,"upc":"020714755799","vto":{"is_color_experience":null,"is_foundation_experience":null}},{"color_family":[{"key":"fair-color","value":"fair_color"}],"coverage_options":null,"cross_sell":null,"display_status":1,"finish":[{"key":"natural-finish","value":"natural_finish"}],"finish_options":[{"key":"natural-finish","value":"natural_finish"}],"fragrances":[{"family":null,"key":null,"value":null}],"iln_listing":null,"iln_version_number":null,"inventory_status":"Sold Out","is_active":null,"is_coming_soon":null,"is_default_sku":false,"is_discountable":true,"is_displayable":null,"is_engravable":null,"is_fragrance":null,"is_giftable":null,"is_giftwrap":false,"is_inactive":null,"is_multi_shaded":null,"is_out_of_stock":null,"is_preorder":false,"is_preorderable":null,"is_promotional":null,"is_replenishable":false,"is_search_suppressed":null,"is_searchable":true,"is_shaded":null,"is_sized":null,"is_sold_out":true,"is_under_weight_hazmat":false,"is_vto_enabled":null,"life_of_product":"Basic Reorder","material_code":"ZGH4080000","media":{"large":[{"alt":"Superbalanced™ Silk Makeup Broad Spectrum SPF 15","height":1200,"position":1,"src":"/media/export/cms/products/1200x1500/cl_sku_ZGH408_1200x1500_0.png","type":"image","width":1500}],"medium":[{"alt":"Superbalanced™ Silk Makeup Broad Spectrum SPF 15","height":600,"position":2,"src":"/media/export/cms/products/600x750/cl_sku_ZGH408_600x750_0.png","type":"image","width":750}],"model":null,"poster":null,"small":[{"alt":"Superbalanced™ Silk Makeup Broad Spectrum SPF 15","height":1200,"position":3,"src":"/media/export/cms/products/1200x1500/cl_sku_ZGH408_1200x1500_0.png","type":"image","width":1500}],"smoosh":[{"alt":"Superbalanced™ Silk Makeup Broad Spectrum SPF 15","height":1200,"position":0,"src":"/media/export/cms/products/1200x1500/swatches_v3/55_ns_ng.png","type":"image","width":1500}],"xl":null},"out_of_stock_threshold":null,"perlgem":{"SKU_BASE_ID":73211},"preorder_date":null,"prices":[{"currency":"JPY","exclude_tax":{"original_price":25.5,"original_price_formatted":"¥25.5","price":25.5,"price_formatted":"¥25.5","price_per_unit":null,"price_per_unit_formatted":""},"include_tax":{"original_price":28,"original_price_formatted":"¥28","price":28,"price_formatted":"¥28","price_per_unit":null,"price_per_unit_formatted":""},"is_discounted":false}],"purchase_limit":null,"replenishment":{"message":null},"reviews":{"average_rating":null,"number_of_questions":null,"number_of_reviews":null},"set_components":null,"shade_groups":null,"shades":[{"description":"","hex_val":"#DCAB86","image":{"height":null,"src":"","width":null},"name":"Silk Canvas","smoosh_design":{"group_id":null,"name":"55::none::none"}}],"sizes":[{"key":1,"value":"30ml/1.0oz"}],"skin":{"tone":null,"type":[{"key":"combination-skintype","value":"combination_skintype"},{"key":"dry-skintype","value":"dry_skintype"},{"key":"oily-skintype","value":"oily_skintype"}],"type_description":null},"sku_badge":null,"sku_badge_image":null,"sku_display_order":0,"sku_id":"ZGH408","sku_promo_messaging":null,"sku_type":"SE","sku_url":null,"tags":{"total":1,"items":[{"id":"1599","key":"ファンデーション","value":"ファンデーション"}]},"texture":null,"undertone":[{"key":"cool-undertone","value":"cool_undertone"}],"unit_of_measure":null,"unit_size":null,"unit_size_formatted":null,"upc":"020714755751","vto":{"is_color_experience":null,"is_foundation_experience":null}},{"color_family":[{"key":"fair-color","value":"fair_color"}],"coverage_options":null,"cross_sell":null,"display_status":1,"finish":[{"key":"natural-finish","value":"natural_finish"}],"finish_options":[{"key":"natural-finish","value":"natural_finish"}],"fragrances":[{"family":null,"key":null,"value":null}],"iln_listing":null,"iln_version_number":null,"inventory_status":"Sold Out","is_active":null,"is_coming_soon":null,"is_default_sku":false,"is_discountable":true,"is_displayable":null,"is_engravable":null,"is_fragrance":null,"is_giftable":null,"is_giftwrap":false,"is_inactive":null,"is_multi_shaded":null,"is_out_of_stock":null,"is_preorder":false,"is_preorderable":null,"is_promotional":null,"is_replenishable":false,"is_search_suppressed":null,"is_searchable":true,"is_shaded":null,"is_sized":null,"is_sold_out":true,"is_under_weight_hazmat":false,"is_vto_enabled":null,"life_of_product":"Basic Reorder","material_code":"ZGH4110000","media":{"large":[{"alt":"Superbalanced™ Silk Makeup Broad Spectrum SPF 15","height":1200,"position":1,"src":"/media/export/cms/products/1200x1500/cl_sku_ZGH411_1200x1500_0.png","type":"image","width":1500}],"medium":[{"alt":"Superbalanced™ Silk Makeup Broad Spectrum SPF 15","height":600,"position":2,"src":"/media/export/cms/products/600x750/cl_sku_ZGH411_600x750_0.png","type":"image","width":750}],"model":null,"poster":null,"small":[{"alt":"Superbalanced™ Silk Makeup Broad Spectrum SPF 15","height":1200,"position":3,"src":"/media/export/cms/products/1200x1500/cl_sku_ZGH411_1200x1500_0.png","type":"image","width":1500}],"smoosh":[{"alt":"Superbalanced™ Silk Makeup Broad Spectrum SPF 15","height":1200,"position":0,"src":"/media/export/cms/products/1200x1500/swatches_v3/55_ns_ng.png","type":"image","width":1500}],"xl":null},"out_of_stock_threshold":null,"perlgem":{"SKU_BASE_ID":73214},"preorder_date":null,"prices":[{"currency":"JPY","exclude_tax":{"original_price":25.5,"original_price_formatted":"¥25.5","price":25.5,"price_formatted":"¥25.5","price_per_unit":null,"price_per_unit_formatted":""},"include_tax":{"original_price":28,"original_price_formatted":"¥28","price":28,"price_formatted":"¥28","price_per_unit":null,"price_per_unit_formatted":""},"is_discounted":false}],"purchase_limit":null,"replenishment":{"message":null},"reviews":{"average_rating":null,"number_of_questions":null,"number_of_reviews":null},"set_components":null,"shade_groups":null,"shades":[{"description":"","hex_val":"#D7A581","image":{"height":null,"src":"","width":null},"name":"Silk Sunny Beige","smoosh_design":{"group_id":null,"name":"55::none::none"}}],"sizes":[{"key":1,"value":"30ml/1.0oz"}],"skin":{"tone":null,"type":[{"key":"combination-skintype","value":"combination_skintype"},{"key":"dry-skintype","value":"dry_skintype"},{"key":"oily-skintype","value":"oily_skintype"}],"type_description":null},"sku_badge":null,"sku_badge_image":null,"sku_display_order":0,"sku_id":"ZGH411","sku_promo_messaging":null,"sku_type":"SE","sku_url":null,"tags":{"total":3,"items":[{"id":"27171","key":"day4flashsale","value":"Day4FlashSale"},{"id":"27172","key":"day5flashsale","value":"Day5FlashSale"},{"id":"1599","key":"ファンデーション","value":"ファンデーション"}]},"texture":null,"undertone":[{"key":"cool-undertone","value":"cool_undertone"}],"unit_of_measure":null,"unit_size":null,"unit_size_formatted":null,"upc":"020714755782","vto":{"is_color_experience":null,"is_foundation_experience":null}},{"color_family":[{"key":"very-fair-color","value":"very_fair_color"}],"coverage_options":null,"cross_sell":null,"display_status":1,"finish":[{"key":"natural-finish","value":"natural_finish"}],"finish_options":[{"key":"natural-finish","value":"natural_finish"}],"fragrances":[{"family":null,"key":null,"value":null}],"iln_listing":null,"iln_version_number":null,"inventory_status":"Sold Out","is_active":null,"is_coming_soon":null,"is_default_sku":false,"is_discountable":true,"is_displayable":null,"is_engravable":null,"is_fragrance":null,"is_giftable":null,"is_giftwrap":false,"is_inactive":null,"is_multi_shaded":null,"is_out_of_stock":null,"is_preorder":false,"is_preorderable":null,"is_promotional":null,"is_replenishable":false,"is_search_suppressed":null,"is_searchable":true,"is_shaded":null,"is_sized":null,"is_sold_out":true,"is_under_weight_hazmat":false,"is_vto_enabled":null,"life_of_product":"Basic Reorder","material_code":"ZGH4030000","media":{"large":[{"alt":"Superbalanced™ Silk Makeup Broad Spectrum SPF 15","height":1200,"position":1,"src":"/media/export/cms/products/1200x1500/cl_sku_ZGH403_1200x1500_0.png","type":"image","width":1500}],"medium":[{"alt":"Superbalanced™ Silk Makeup Broad Spectrum SPF 15","height":600,"position":2,"src":"/media/export/cms/products/600x750/cl_sku_ZGH403_600x750_0.png","type":"image","width":750}],"model":null,"poster":null,"small":[{"alt":"Superbalanced™ Silk Makeup Broad Spectrum SPF 15","height":1200,"position":3,"src":"/media/export/cms/products/1200x1500/cl_sku_ZGH403_1200x1500_0.png","type":"image","width":1500}],"smoosh":[{"alt":"Superbalanced™ Silk Makeup Broad Spectrum SPF 15","height":1200,"position":0,"src":"/media/export/cms/products/1200x1500/swatches_v3/55_ns_ng.png","type":"image","width":1500}],"xl":null},"out_of_stock_threshold":null,"perlgem":{"SKU_BASE_ID":73196},"preorder_date":null,"prices":[{"currency":"JPY","exclude_tax":{"original_price":25.5,"original_price_formatted":"¥25.5","price":25.5,"price_formatted":"¥25.5","price_per_unit":null,"price_per_unit_formatted":""},"include_tax":{"original_price":28,"original_price_formatted":"¥28","price":28,"price_formatted":"¥28","price_per_unit":null,"price_per_unit_formatted":""},"is_discounted":false}],"purchase_limit":null,"replenishment":{"message":null},"reviews":{"average_rating":null,"number_of_questions":null,"number_of_reviews":null},"set_components":null,"shade_groups":null,"shades":[{"description":"","hex_val":"#E9BC98","image":{"height":null,"src":"","width":null},"name":"Silk Bare","smoosh_design":{"group_id":null,"name":"55::none::none"}}],"sizes":[{"key":1,"value":"30ml/1.0oz"}],"skin":{"tone":null,"type":[{"key":"combination-skintype","value":"combination_skintype"},{"key":"dry-skintype","value":"dry_skintype"},{"key":"oily-skintype","value":"oily_skintype"}],"type_description":null},"sku_badge":null,"sku_badge_image":null,"sku_display_order":0,"sku_id":"ZGH403","sku_promo_messaging":null,"sku_type":"SE","sku_url":null,"tags":{"total":4,"items":[{"id":"27171","key":"day4flashsale","value":"Day4FlashSale"},{"id":"27174","key":"day7flashsale","value":"Day7FlashSale"},{"id":"27172","key":"day5flashsale","value":"Day5FlashSale"},{"id":"1599","key":"ファンデーション","value":"ファンデーション"}]},"texture":null,"undertone":[{"key":"warm-undertone","value":"warm_undertone"}],"unit_of_measure":null,"unit_size":null,"unit_size_formatted":null,"upc":"020714755706","vto":{"is_color_experience":null,"is_foundation_experience":null}},{"color_family":[{"key":"very-fair-color","value":"very_fair_color"}],"coverage_options":null,"cross_sell":null,"display_status":1,"finish":[{"key":"natural-finish","value":"natural_finish"}],"finish_options":[{"key":"natural-finish","value":"natural_finish"}],"fragrances":[{"family":null,"key":null,"value":null}],"iln_listing":null,"iln_version_number":null,"inventory_status":"Sold Out","is_active":null,"is_coming_soon":null,"is_default_sku":false,"is_discountable":true,"is_displayable":null,"is_engravable":null,"is_fragrance":null,"is_giftable":null,"is_giftwrap":false,"is_inactive":null,"is_multi_shaded":null,"is_out_of_stock":null,"is_preorder":false,"is_preorderable":null,"is_promotional":null,"is_replenishable":false,"is_search_suppressed":null,"is_searchable":true,"is_shaded":null,"is_sized":null,"is_sold_out":true,"is_under_weight_hazmat":false,"is_vto_enabled":null,"life_of_product":"Basic Reorder","material_code":"ZGH4040000","media":{"large":[{"alt":"Superbalanced™ Silk Makeup Broad Spectrum SPF 15","height":1200,"position":1,"src":"/media/export/cms/products/1200x1500/cl_sku_ZGH404_1200x1500_0.png","type":"image","width":1500}],"medium":[{"alt":"Superbalanced™ Silk Makeup Broad Spectrum SPF 15","height":600,"position":2,"src":"/media/export/cms/products/600x750/cl_sku_ZGH404_600x750_0.png","type":"image","width":750}],"model":null,"poster":null,"small":[{"alt":"Superbalanced™ Silk Makeup Broad Spectrum SPF 15","height":1200,"position":3,"src":"/media/export/cms/products/1200x1500/cl_sku_ZGH404_1200x1500_0.png","type":"image","width":1500}],"smoosh":[{"alt":"Superbalanced™ Silk Makeup Broad Spectrum SPF 15","height":1200,"position":0,"src":"/media/export/cms/products/1200x1500/swatches_v3/55_ns_ng.png","type":"image","width":1500}],"xl":null},"out_of_stock_threshold":null,"perlgem":{"SKU_BASE_ID":73197},"preorder_date":null,"prices":[{"currency":"JPY","exclude_tax":{"original_price":25.5,"original_price_formatted":"¥25.5","price":25.5,"price_formatted":"¥25.5","price_per_unit":null,"price_per_unit_formatted":""},"include_tax":{"original_price":28,"original_price_formatted":"¥28","price":28,"price_formatted":"¥28","price_per_unit":null,"price_per_unit_formatted":""},"is_discounted":false}],"purchase_limit":null,"replenishment":{"message":null},"reviews":{"average_rating":null,"number_of_questions":null,"number_of_reviews":null},"set_components":null,"shade_groups":null,"shades":[{"description":"","hex_val":"#F1BF9E","image":{"height":null,"src":"","width":null},"name":"Silk Bisque","smoosh_design":{"group_id":null,"name":"55::none::none"}}],"sizes":[{"key":1,"value":"30ml/1.0oz"}],"skin":{"tone":null,"type":[{"key":"combination-skintype","value":"combination_skintype"},{"key":"dry-skintype","value":"dry_skintype"},{"key":"oily-skintype","value":"oily_skintype"}],"type_description":null},"sku_badge":null,"sku_badge_image":null,"sku_display_order":0,"sku_id":"ZGH404","sku_promo_messaging":null,"sku_type":"SE","sku_url":null,"tags":{"total":4,"items":[{"id":"27171","key":"day4flashsale","value":"Day4FlashSale"},{"id":"27174","key":"day7flashsale","value":"Day7FlashSale"},{"id":"27172","key":"day5flashsale","value":"Day5FlashSale"},{"id":"1599","key":"ファンデーション","value":"ファンデーション"}]},"texture":null,"undertone":[{"key":"cool-undertone","value":"cool_undertone"}],"unit_of_measure":null,"unit_size":null,"unit_size_formatted":null,"upc":"020714755713","vto":{"is_color_experience":null,"is_foundation_experience":null}},{"color_family":[{"key":"fair-color","value":"fair_color"}],"coverage_options":null,"cross_sell":null,"display_status":1,"finish":[{"key":"natural-finish","value":"natural_finish"}],"finish_options":[{"key":"natural-finish","value":"natural_finish"}],"fragrances":[{"family":null,"key":null,"value":null}],"iln_listing":null,"iln_version_number":null,"inventory_status":"Sold Out","is_active":null,"is_coming_soon":null,"is_default_sku":false,"is_discountable":true,"is_displayable":null,"is_engravable":null,"is_fragrance":null,"is_giftable":null,"is_giftwrap":false,"is_inactive":null,"is_multi_shaded":null,"is_out_of_stock":null,"is_preorder":false,"is_preorderable":null,"is_promotional":null,"is_replenishable":false,"is_search_suppressed":null,"is_searchable":true,"is_shaded":null,"is_sized":null,"is_sold_out":true,"is_under_weight_hazmat":false,"is_vto_enabled":null,"life_of_product":"Basic Reorder","material_code":"ZGH4090000","media":{"large":[{"alt":"Superbalanced™ Silk Makeup Broad Spectrum SPF 15","height":1200,"position":1,"src":"/media/export/cms/products/1200x1500/cl_sku_ZGH409_1200x1500_0.png","type":"image","width":1500}],"medium":[{"alt":"Superbalanced™ Silk Makeup Broad Spectrum SPF 15","height":600,"position":2,"src":"/media/export/cms/products/600x750/cl_sku_ZGH409_600x750_0.png","type":"image","width":750}],"model":null,"poster":null,"small":[{"alt":"Superbalanced™ Silk Makeup Broad Spectrum SPF 15","height":1200,"position":3,"src":"/media/export/cms/products/1200x1500/cl_sku_ZGH409_1200x1500_0.png","type":"image","width":1500}],"smoosh":[{"alt":"Superbalanced™ Silk Makeup Broad Spectrum SPF 15","height":1200,"position":0,"src":"/media/export/cms/products/1200x1500/swatches_v3/55_ns_ng.png","type":"image","width":1500}],"xl":null},"out_of_stock_threshold":null,"perlgem":{"SKU_BASE_ID":73212},"preorder_date":null,"prices":[{"currency":"JPY","exclude_tax":{"original_price":25.5,"original_price_formatted":"¥25.5","price":25.5,"price_formatted":"¥25.5","price_per_unit":null,"price_per_unit_formatted":""},"include_tax":{"original_price":28,"original_price_formatted":"¥28","price":28,"price_formatted":"¥28","price_per_unit":null,"price_per_unit_formatted":""},"is_discounted":false}],"purchase_limit":null,"replenishment":{"message":null},"reviews":{"average_rating":null,"number_of_questions":null,"number_of_reviews":null},"set_components":null,"shade_groups":null,"shades":[{"description":"","hex_val":"#E0B394","image":{"height":null,"src":"","width":null},"name":"Silk Bambo","smoosh_design":{"group_id":null,"name":"55::none::none"}}],"sizes":[{"key":1,"value":null}],"skin":{"tone":null,"type":[{"key":"combination-skintype","value":"combination_skintype"},{"key":"dry-skintype","value":"dry_skintype"},{"key":"oily-skintype","value":"oily_skintype"}],"type_description":null},"sku_badge":null,"sku_badge_image":null,"sku_display_order":0,"sku_id":"ZGH409","sku_promo_messaging":null,"sku_type":"SE","sku_url":null,"tags":{"total":2,"items":[{"id":"1599","key":"ファンデーション","value":"ファンデーション"},{"id":"19288","key":"スペシャルセール","value":"スペシャルセール"}]},"texture":null,"undertone":[{"key":"cool-undertone","value":"cool_undertone"}],"unit_of_measure":null,"unit_size":null,"unit_size_formatted":null,"upc":"020714755768","vto":{"is_color_experience":null,"is_foundation_experience":null}},{"color_family":[{"key":"very-fair-color","value":"very_fair_color"}],"coverage_options":null,"cross_sell":null,"display_status":1,"finish":[{"key":"natural-finish","value":"natural_finish"}],"finish_options":[{"key":"natural-finish","value":"natural_finish"}],"fragrances":[{"family":null,"key":null,"value":null}],"iln_listing":null,"iln_version_number":null,"inventory_status":"Sold Out","is_active":null,"is_coming_soon":null,"is_default_sku":false,"is_discountable":true,"is_displayable":null,"is_engravable":null,"is_fragrance":null,"is_giftable":null,"is_giftwrap":false,"is_inactive":null,"is_multi_shaded":null,"is_out_of_stock":null,"is_preorder":false,"is_preorderable":null,"is_promotional":null,"is_replenishable":false,"is_search_suppressed":null,"is_searchable":true,"is_shaded":null,"is_sized":null,"is_sold_out":true,"is_under_weight_hazmat":false,"is_vto_enabled":null,"life_of_product":"Basic Reorder","material_code":"ZGH4060000","media":{"large":[{"alt":"Superbalanced™ Silk Makeup Broad Spectrum SPF 15","height":1200,"position":1,"src":"/media/export/cms/products/1200x1500/cl_sku_ZGH406_1200x1500_0.png","type":"image","width":1500}],"medium":[{"alt":"Superbalanced™ Silk Makeup Broad Spectrum SPF 15","height":600,"position":2,"src":"/media/export/cms/products/600x750/cl_sku_ZGH406_600x750_0.png","type":"image","width":750}],"model":null,"poster":null,"small":[{"alt":"Superbalanced™ Silk Makeup Broad Spectrum SPF 15","height":1200,"position":3,"src":"/media/export/cms/products/1200x1500/cl_sku_ZGH406_1200x1500_0.png","type":"image","width":1500}],"smoosh":[{"alt":"Superbalanced™ Silk Makeup Broad Spectrum SPF 15","height":1200,"position":0,"src":"/media/export/cms/products/1200x1500/swatches_v3/55_ns_ng.png","type":"image","width":1500}],"xl":null},"out_of_stock_threshold":null,"perlgem":{"SKU_BASE_ID":73199},"preorder_date":null,"prices":[{"currency":"JPY","exclude_tax":{"original_price":25.5,"original_price_formatted":"¥25.5","price":25.5,"price_formatted":"¥25.5","price_per_unit":null,"price_per_unit_formatted":""},"include_tax":{"original_price":28,"original_price_formatted":"¥28","price":28,"price_formatted":"¥28","price_per_unit":null,"price_per_unit_formatted":""},"is_discounted":false}],"purchase_limit":null,"replenishment":{"message":null},"reviews":{"average_rating":null,"number_of_questions":null,"number_of_reviews":null},"set_components":null,"shade_groups":null,"shades":[{"description":"","hex_val":"#F4CBB3","image":{"height":null,"src":"","width":null},"name":"Silk Cream Chamois","smoosh_design":{"group_id":null,"name":"55::none::none"}}],"sizes":[{"key":1,"value":"30ml/1.0oz"}],"skin":{"tone":null,"type":[{"key":"combination-skintype","value":"combination_skintype"},{"key":"dry-skintype","value":"dry_skintype"},{"key":"oily-skintype","value":"oily_skintype"}],"type_description":null},"sku_badge":null,"sku_badge_image":null,"sku_display_order":0,"sku_id":"ZGH406","sku_promo_messaging":null,"sku_type":"SE","sku_url":null,"tags":{"total":4,"items":[{"id":"27171","key":"day4flashsale","value":"Day4FlashSale"},{"id":"27174","key":"day7flashsale","value":"Day7FlashSale"},{"id":"27172","key":"day5flashsale","value":"Day5FlashSale"},{"id":"1599","key":"ファンデーション","value":"ファンデーション"}]},"texture":null,"undertone":[{"key":"warm-undertone","value":"warm_undertone"}],"unit_of_measure":null,"unit_size":null,"unit_size_formatted":null,"upc":"020714755737","vto":{"is_color_experience":null,"is_foundation_experience":null}},{"color_family":[{"key":"medium-color","value":"medium_color"}],"coverage_options":null,"cross_sell":null,"display_status":1,"finish":[{"key":"natural-finish","value":"natural_finish"}],"finish_options":[{"key":"natural-finish","value":"natural_finish"}],"fragrances":[{"family":null,"key":null,"value":null}],"iln_listing":null,"iln_version_number":null,"inventory_status":"Sold Out","is_active":null,"is_coming_soon":null,"is_default_sku":false,"is_discountable":true,"is_displayable":null,"is_engravable":null,"is_fragrance":null,"is_giftable":null,"is_giftwrap":false,"is_inactive":null,"is_multi_shaded":null,"is_out_of_stock":null,"is_preorder":false,"is_preorderable":null,"is_promotional":null,"is_replenishable":false,"is_search_suppressed":null,"is_searchable":true,"is_shaded":null,"is_sized":null,"is_sold_out":true,"is_under_weight_hazmat":false,"is_vto_enabled":null,"life_of_product":"Basic Reorder","material_code":"ZGH4170000","media":{"large":[{"alt":"Superbalanced™ Silk Makeup Broad Spectrum SPF 15","height":1200,"position":1,"src":"/media/export/cms/products/1200x1500/cl_sku_ZGH417_1200x1500_0.png","type":"image","width":1500}],"medium":[{"alt":"Superbalanced™ Silk Makeup Broad Spectrum SPF 15","height":600,"position":2,"src":"/media/export/cms/products/600x750/cl_sku_ZGH417_600x750_0.png","type":"image","width":750}],"model":null,"poster":null,"small":[{"alt":"Superbalanced™ Silk Makeup Broad Spectrum SPF 15","height":1200,"position":3,"src":"/media/export/cms/products/1200x1500/cl_sku_ZGH417_1200x1500_0.png","type":"image","width":1500}],"smoosh":[{"alt":"Superbalanced™ Silk Makeup Broad Spectrum SPF 15","height":1200,"position":0,"src":"/media/export/cms/products/1200x1500/swatches_v3/55_ns_ng.png","type":"image","width":1500}],"xl":null},"out_of_stock_threshold":null,"perlgem":{"SKU_BASE_ID":73220},"preorder_date":null,"prices":[{"currency":"JPY","exclude_tax":{"original_price":25.5,"original_price_formatted":"¥25.5","price":25.5,"price_formatted":"¥25.5","price_per_unit":null,"price_per_unit_formatted":""},"include_tax":{"original_price":28,"original_price_formatted":"¥28","price":28,"price_formatted":"¥28","price_per_unit":null,"price_per_unit_formatted":""},"is_discounted":false}],"purchase_limit":null,"replenishment":{"message":null},"reviews":{"average_rating":null,"number_of_questions":null,"number_of_reviews":null},"set_components":null,"shade_groups":null,"shades":[{"description":"","hex_val":"#BE773D","image":{"height":null,"src":"","width":null},"name":"Silk Cinnamon","smoosh_design":{"group_id":null,"name":"55::none::none"}}],"sizes":[{"key":1,"value":"30ml/1.0oz"}],"skin":{"tone":null,"type":[{"key":"combination-skintype","value":"combination_skintype"},{"key":"dry-skintype","value":"dry_skintype"},{"key":"oily-skintype","value":"oily_skintype"}],"type_description":null},"sku_badge":null,"sku_badge_image":null,"sku_display_order":0,"sku_id":"ZGH417","sku_promo_messaging":null,"sku_type":"SE","sku_url":null,"tags":{"total":2,"items":[{"id":"1599","key":"ファンデーション","value":"ファンデーション"},{"id":"19288","key":"スペシャルセール","value":"スペシャルセール"}]},"texture":null,"undertone":[{"key":"cool-undertone","value":"cool_undertone"}],"unit_of_measure":null,"unit_size":null,"unit_size_formatted":null,"upc":"020714803889","vto":{"is_color_experience":null,"is_foundation_experience":null}},{"color_family":[{"key":"fair-color","value":"fair_color"}],"coverage_options":null,"cross_sell":null,"display_status":1,"finish":[{"key":"natural-finish","value":"natural_finish"}],"finish_options":[{"key":"natural-finish","value":"natural_finish"}],"fragrances":[{"family":null,"key":null,"value":null}],"iln_listing":null,"iln_version_number":null,"inventory_status":"Sold Out","is_active":null,"is_coming_soon":null,"is_default_sku":false,"is_discountable":true,"is_displayable":null,"is_engravable":null,"is_fragrance":null,"is_giftable":null,"is_giftwrap":false,"is_inactive":null,"is_multi_shaded":null,"is_out_of_stock":null,"is_preorder":false,"is_preorderable":null,"is_promotional":null,"is_replenishable":false,"is_search_suppressed":null,"is_searchable":true,"is_shaded":null,"is_sized":null,"is_sold_out":true,"is_under_weight_hazmat":false,"is_vto_enabled":null,"life_of_product":"Basic Reorder","material_code":"ZGH4130000","media":{"large":[{"alt":"Superbalanced™ Silk Makeup Broad Spectrum SPF 15","height":1200,"position":1,"src":"/media/export/cms/products/1200x1500/cl_sku_ZGH413_1200x1500_0.png","type":"image","width":1500}],"medium":[{"alt":"Superbalanced™ Silk Makeup Broad Spectrum SPF 15","height":600,"position":2,"src":"/media/export/cms/products/600x750/cl_sku_ZGH413_600x750_0.png","type":"image","width":750}],"model":null,"poster":null,"small":[{"alt":"Superbalanced™ Silk Makeup Broad Spectrum SPF 15","height":1200,"position":3,"src":"/media/export/cms/products/1200x1500/cl_sku_ZGH413_1200x1500_0.png","type":"image","width":1500}],"smoosh":[{"alt":"Superbalanced™ Silk Makeup Broad Spectrum SPF 15","height":1200,"position":0,"src":"/media/export/cms/products/1200x1500/swatches_v3/55_ns_ng.png","type":"image","width":1500}],"xl":null},"out_of_stock_threshold":null,"perlgem":{"SKU_BASE_ID":73216},"preorder_date":null,"prices":[{"currency":"JPY","exclude_tax":{"original_price":25.5,"original_price_formatted":"¥25.5","price":25.5,"price_formatted":"¥25.5","price_per_unit":null,"price_per_unit_formatted":""},"include_tax":{"original_price":28,"original_price_formatted":"¥28","price":28,"price_formatted":"¥28","price_per_unit":null,"price_per_unit_formatted":""},"is_discounted":false}],"purchase_limit":null,"replenishment":{"message":null},"reviews":{"average_rating":null,"number_of_questions":null,"number_of_reviews":null},"set_components":null,"shade_groups":null,"shades":[{"description":"","hex_val":"#E1BAA3","image":{"height":null,"src":"","width":null},"name":"Silk Vanilla","smoosh_design":{"group_id":null,"name":"55::none::none"}}],"sizes":[{"key":1,"value":"30ml/1.0oz"}],"skin":{"tone":null,"type":[{"key":"combination-skintype","value":"combination_skintype"},{"key":"dry-skintype","value":"dry_skintype"},{"key":"oily-skintype","value":"oily_skintype"}],"type_description":null},"sku_badge":null,"sku_badge_image":null,"sku_display_order":0,"sku_id":"ZGH413","sku_promo_messaging":null,"sku_type":"SE","sku_url":null,"tags":{"total":4,"items":[{"id":"27171","key":"day4flashsale","value":"Day4FlashSale"},{"id":"27174","key":"day7flashsale","value":"Day7FlashSale"},{"id":"27172","key":"day5flashsale","value":"Day5FlashSale"},{"id":"1599","key":"ファンデーション","value":"ファンデーション"}]},"texture":null,"undertone":[{"key":"warm-undertone","value":"warm_undertone"}],"unit_of_measure":null,"unit_size":null,"unit_size_formatted":null,"upc":"020714803841","vto":{"is_color_experience":null,"is_foundation_experience":null}},{"color_family":[{"key":"medium-color","value":"medium_color"}],"coverage_options":null,"cross_sell":null,"display_status":1,"finish":[{"key":"natural-finish","value":"natural_finish"}],"finish_options":[{"key":"natural-finish","value":"natural_finish"}],"fragrances":[{"family":null,"key":null,"value":null}],"iln_listing":null,"iln_version_number":null,"inventory_status":"Sold Out","is_active":null,"is_coming_soon":null,"is_default_sku":false,"is_discountable":true,"is_displayable":null,"is_engravable":null,"is_fragrance":null,"is_giftable":null,"is_giftwrap":false,"is_inactive":null,"is_multi_shaded":null,"is_out_of_stock":null,"is_preorder":false,"is_preorderable":null,"is_promotional":null,"is_replenishable":false,"is_search_suppressed":null,"is_searchable":true,"is_shaded":null,"is_sized":null,"is_sold_out":true,"is_under_weight_hazmat":false,"is_vto_enabled":null,"life_of_product":"Basic Reorder","material_code":"ZGH4160000","media":{"large":[{"alt":"Superbalanced™ Silk Makeup Broad Spectrum SPF 15","height":1200,"position":1,"src":"/media/export/cms/products/1200x1500/cl_sku_ZGH416_1200x1500_0.png","type":"image","width":1500}],"medium":[{"alt":"Superbalanced™ Silk Makeup Broad Spectrum SPF 15","height":600,"position":2,"src":"/media/export/cms/products/600x750/cl_sku_ZGH416_600x750_0.png","type":"image","width":750}],"model":null,"poster":null,"small":[{"alt":"Superbalanced™ Silk Makeup Broad Spectrum SPF 15","height":1200,"position":3,"src":"/media/export/cms/products/1200x1500/cl_sku_ZGH416_1200x1500_0.png","type":"image","width":1500}],"smoosh":[{"alt":"Superbalanced™ Silk Makeup Broad Spectrum SPF 15","height":1200,"position":0,"src":"/media/export/cms/products/1200x1500/swatches_v3/55_ns_ng.png","type":"image","width":1500}],"xl":null},"out_of_stock_threshold":null,"perlgem":{"SKU_BASE_ID":73219},"preorder_date":null,"prices":[{"currency":"JPY","exclude_tax":{"original_price":25.5,"original_price_formatted":"¥25.5","price":25.5,"price_formatted":"¥25.5","price_per_unit":null,"price_per_unit_formatted":""},"include_tax":{"original_price":28,"original_price_formatted":"¥28","price":28,"price_formatted":"¥28","price_per_unit":null,"price_per_unit_formatted":""},"is_discounted":false}],"purchase_limit":null,"replenishment":{"message":null},"reviews":{"average_rating":null,"number_of_questions":null,"number_of_reviews":null},"set_components":null,"shade_groups":null,"shades":[{"description":"","hex_val":"#c8874e","image":{"height":null,"src":"","width":null},"name":"Silk Almond","smoosh_design":{"group_id":null,"name":"55::none::none"}}],"sizes":[{"key":1,"value":"30ml/1.0oz"}],"skin":{"tone":null,"type":[{"key":"combination-skintype","value":"combination_skintype"},{"key":"dry-skintype","value":"dry_skintype"},{"key":"oily-skintype","value":"oily_skintype"}],"type_description":null},"sku_badge":null,"sku_badge_image":null,"sku_display_order":0,"sku_id":"ZGH416","sku_promo_messaging":null,"sku_type":"SE","sku_url":null,"tags":{"total":2,"items":[{"id":"1599","key":"ファンデーション","value":"ファンデーション"},{"id":"19288","key":"スペシャルセール","value":"スペシャルセール"}]},"texture":null,"undertone":[{"key":"warm-undertone","value":"warm_undertone"}],"unit_of_measure":null,"unit_size":null,"unit_size_formatted":null,"upc":"020714803872","vto":{"is_color_experience":null,"is_foundation_experience":null}},{"color_family":[{"key":"fair-color","value":"fair_color"},{"key":"medium-color","value":"medium_color"}],"coverage_options":null,"cross_sell":null,"display_status":1,"finish":[{"key":"natural-finish","value":"natural_finish"}],"finish_options":[{"key":"natural-finish","value":"natural_finish"}],"fragrances":[{"family":null,"key":null,"value":null}],"iln_listing":null,"iln_version_number":null,"inventory_status":"Sold Out","is_active":null,"is_coming_soon":null,"is_default_sku":false,"is_discountable":true,"is_displayable":null,"is_engravable":null,"is_fragrance":null,"is_giftable":null,"is_giftwrap":false,"is_inactive":null,"is_multi_shaded":null,"is_out_of_stock":null,"is_preorder":false,"is_preorderable":null,"is_promotional":null,"is_replenishable":false,"is_search_suppressed":null,"is_searchable":true,"is_shaded":null,"is_sized":null,"is_sold_out":true,"is_under_weight_hazmat":false,"is_vto_enabled":null,"life_of_product":"Basic Reorder","material_code":"ZGH4140000","media":{"large":[{"alt":"Superbalanced™ Silk Makeup Broad Spectrum SPF 15","height":1200,"position":1,"src":"/media/export/cms/products/1200x1500/cl_sku_ZGH414_1200x1500_0.png","type":"image","width":1500}],"medium":[{"alt":"Superbalanced™ Silk Makeup Broad Spectrum SPF 15","height":600,"position":2,"src":"/media/export/cms/products/600x750/cl_sku_ZGH414_600x750_0.png","type":"image","width":750}],"model":null,"poster":null,"small":[{"alt":"Superbalanced™ Silk Makeup Broad Spectrum SPF 15","height":1200,"position":3,"src":"/media/export/cms/products/1200x1500/cl_sku_ZGH414_1200x1500_0.png","type":"image","width":1500}],"smoosh":[{"alt":"Superbalanced™ Silk Makeup Broad Spectrum SPF 15","height":1200,"position":0,"src":"/media/export/cms/products/1200x1500/swatches_v3/55_ns_ng.png","type":"image","width":1500}],"xl":null},"out_of_stock_threshold":null,"perlgem":{"SKU_BASE_ID":73217},"preorder_date":null,"prices":[{"currency":"JPY","exclude_tax":{"original_price":25.5,"original_price_formatted":"¥25.5","price":25.5,"price_formatted":"¥25.5","price_per_unit":null,"price_per_unit_formatted":""},"include_tax":{"original_price":28,"original_price_formatted":"¥28","price":28,"price_formatted":"¥28","price_per_unit":null,"price_per_unit_formatted":""},"is_discounted":false}],"purchase_limit":null,"replenishment":{"message":null},"reviews":{"average_rating":null,"number_of_questions":null,"number_of_reviews":null},"set_components":null,"shade_groups":null,"shades":[{"description":"","hex_val":"#D09B73","image":{"height":null,"src":"","width":null},"name":"Silk Suede","smoosh_design":{"group_id":null,"name":"55::none::none"}}],"sizes":[{"key":1,"value":"30ml/1.0oz"}],"skin":{"tone":null,"type":[{"key":"combination-skintype","value":"combination_skintype"},{"key":"dry-skintype","value":"dry_skintype"},{"key":"oily-skintype","value":"oily_skintype"}],"type_description":null},"sku_badge":null,"sku_badge_image":null,"sku_display_order":0,"sku_id":"ZGH414","sku_promo_messaging":null,"sku_type":"SE","sku_url":null,"tags":{"total":4,"items":[{"id":"27171","key":"day4flashsale","value":"Day4FlashSale"},{"id":"27174","key":"day7flashsale","value":"Day7FlashSale"},{"id":"27172","key":"day5flashsale","value":"Day5FlashSale"},{"id":"1599","key":"ファンデーション","value":"ファンデーション"}]},"texture":null,"undertone":[{"key":"cool-undertone","value":"cool_undertone"}],"unit_of_measure":null,"unit_size":null,"unit_size_formatted":null,"upc":"020714803858","vto":{"is_color_experience":null,"is_foundation_experience":null}},{"color_family":[{"key":"fair-color","value":"fair_color"}],"coverage_options":null,"cross_sell":null,"display_status":1,"finish":[{"key":"natural-finish","value":"natural_finish"}],"finish_options":[{"key":"natural-finish","value":"natural_finish"}],"fragrances":[{"family":null,"key":null,"value":null}],"iln_listing":null,"iln_version_number":null,"inventory_status":"Sold Out","is_active":null,"is_coming_soon":null,"is_default_sku":false,"is_discountable":true,"is_displayable":null,"is_engravable":null,"is_fragrance":null,"is_giftable":null,"is_giftwrap":false,"is_inactive":null,"is_multi_shaded":null,"is_out_of_stock":null,"is_preorder":false,"is_preorderable":null,"is_promotional":null,"is_replenishable":false,"is_search_suppressed":null,"is_searchable":true,"is_shaded":null,"is_sized":null,"is_sold_out":true,"is_under_weight_hazmat":false,"is_vto_enabled":null,"life_of_product":"Basic Reorder","material_code":"ZGH4070000","media":{"large":[{"alt":"Superbalanced™ Silk Makeup Broad Spectrum SPF 15","height":1200,"position":1,"src":"/media/export/cms/products/1200x1500/cl_sku_ZGH407_1200x1500_0.png","type":"image","width":1500}],"medium":[{"alt":"Superbalanced™ Silk Makeup Broad Spectrum SPF 15","height":600,"position":2,"src":"/media/export/cms/products/600x750/cl_sku_ZGH407_600x750_0.png","type":"image","width":750}],"model":null,"poster":null,"small":[{"alt":"Superbalanced™ Silk Makeup Broad Spectrum SPF 15","height":1200,"position":3,"src":"/media/export/cms/products/1200x1500/cl_sku_ZGH407_1200x1500_0.png","type":"image","width":1500}],"smoosh":[{"alt":"Superbalanced™ Silk Makeup Broad Spectrum SPF 15","height":1200,"position":0,"src":"/media/export/cms/products/1200x1500/swatches_v3/55_ns_ng.png","type":"image","width":1500}],"xl":null},"out_of_stock_threshold":null,"perlgem":{"SKU_BASE_ID":73210},"preorder_date":null,"prices":[{"currency":"JPY","exclude_tax":{"original_price":25.5,"original_price_formatted":"¥25.5","price":25.5,"price_formatted":"¥25.5","price_per_unit":null,"price_per_unit_formatted":""},"include_tax":{"original_price":28,"original_price_formatted":"¥28","price":28,"price_formatted":"¥28","price_per_unit":null,"price_per_unit_formatted":""},"is_discounted":false}],"purchase_limit":null,"replenishment":{"message":null},"reviews":{"average_rating":null,"number_of_questions":null,"number_of_reviews":null},"set_components":null,"shade_groups":null,"shades":[{"description":"","hex_val":"#E2B186","image":{"height":null,"src":"","width":null},"name":"Silk Sahara","smoosh_design":{"group_id":null,"name":"55::none::none"}}],"sizes":[{"key":1,"value":"30ml/1.0oz"}],"skin":{"tone":null,"type":[{"key":"combination-skintype","value":"combination_skintype"},{"key":"dry-skintype","value":"dry_skintype"},{"key":"oily-skintype","value":"oily_skintype"}],"type_description":null},"sku_badge":null,"sku_badge_image":null,"sku_display_order":0,"sku_id":"ZGH407","sku_promo_messaging":null,"sku_type":"SE","sku_url":null,"tags":{"total":5,"items":[{"id":"27171","key":"day4flashsale","value":"Day4FlashSale"},{"id":"27174","key":"day7flashsale","value":"Day7FlashSale"},{"id":"27172","key":"day5flashsale","value":"Day5FlashSale"},{"id":"1599","key":"ファンデーション","value":"ファンデーション"},{"id":"19288","key":"スペシャルセール","value":"スペシャルセール"}]},"texture":null,"undertone":[{"key":"warm-undertone","value":"warm_undertone"}],"unit_of_measure":null,"unit_size":null,"unit_size_formatted":null,"upc":"020714755744","vto":{"is_color_experience":null,"is_foundation_experience":null}}]},"sub_display_name":null,"sub_header":null,"tags":{"total":5,"items":[{"id":"27171","key":"day4flashsale","parent_tag_id":"1590","product_display_order":0,"value":"Day4FlashSale"},{"id":"27174","key":"day7flashsale","parent_tag_id":"1590","product_display_order":0,"value":"Day7FlashSale"},{"id":"27172","key":"day5flashsale","parent_tag_id":"1590","product_display_order":59,"value":"Day5FlashSale"},{"id":"1599","key":"ファンデーション","parent_tag_id":"1592","product_display_order":25,"value":"ファンデーション"},{"id":"19288","key":"スペシャルセール","parent_tag_id":"1590","product_display_order":0,"value":"スペシャルセール"}]},"usage":[{"content":"<ul><li> Apply after using your 3-Step Skin Care System.</li><li> Start with a small amount in the center of the face. Blend outwards with <a href=\" product/1608/4923/Makeup/The-Brush-Collection/Foundation-Brush\">Foundation Brush or fingertips. Blend well and build coverage as needed.</li><li>Remove with your favourite Clinique makeup remover.</li></ul>","label":"PRODUCT USAGE","type":"product_usage"},{"content":null,"label":"HOW DOES IT WORK","type":"how_does_it_work"},{"content":null,"label":"WHO IT IS FOR","type":"who_it_is_for"},{"content":null,"label":"GREAT TO KNOW","type":"great_to_know"},{"content":null,"label":"WHAT_IT_DOES","type":"what_it_does"},{"content":null,"label":"WHAT_IT_IS","type":"what_it_is"}],"objectID":"42938"},{"benefit":{"statement":null,"benefits":null},"brand":null,"collection":null,"coverage":null,"cross_sell":null,"default_category":{"id":"14706","key":"スペシャルケア"},"description":"ビタミンＣ*１配合のエイジングケア＊２用美容液。キメを整えて、すべすべでみずみずしい、輝くような肌へと導きます。＊１　アスコルビン酸：製品の抗酸化剤＊２　年齢に応じたお手入れ","display_mode":null,"display_name":"フレッシュ プレスト C10 デイリー ブースター","display_status":7,"finish":null,"form":null,"formula_type":null,"fragrance_family":null,"indexable_keywords":null,"is_hazmat":false,"is_product_coming_soon":null,"is_product_displayable":true,"is_product_searchable":true,"is_product_shoppable":true,"is_product_sold_out":null,"is_product_temporarily_out_of_stock":null,"is_search_suppressed":null,"key_ingredient":null,"media":{"large":[{"alt":"フレッシュ プレスト C10 デイリー ブースター","height":1200,"position":0,"src":"/media/export/cms/products/1200x1500/cl_prod_43160_1200x1500_0.png","type":"image","width":1500},{"alt":"フレッシュ プレスト C10 デイリー ブースター","height":1200,"position":1,"src":"/media/export/cms/products/1200x1500/cl_prod_43160_1200x1500_1.png","type":"image","width":1500}],"medium":null,"poster":null,"small":[{"alt":"フレッシュ プレスト C10 デイリー ブースター","height":1200,"position":2,"src":"/media/export/cms/products/1200x1500/cl_prod_43160_1200x1500_0.png","type":"image","width":1500},{"alt":"フレッシュ プレスト C10 デイリー ブースター","height":1200,"position":3,"src":"/media/export/cms/products/1200x1500/cl_prod_43160_1200x1500_1.png","type":"image","width":1500}],"videos":[{"position":null,"poster":{"height":null,"src":null,"width":null},"provider":null,"src":null},{"position":null,"poster":{"height":null,"src":null,"width":null},"provider":null,"src":null},{"position":null,"poster":{"height":null,"src":null,"width":null},"provider":null,"src":null}],"xl":null},"meta":{"description":null,"keywords":null},"parent_category":[{"id":"14706","value":"スペシャルケア"},{"id":"1667","value":"スキンケア"}],"product_badge":null,"product_id":"43160","product_title_tag":null,"product_type":"Other","product_url":"/product/14706/43160/-c10-/clinique-fresh-pressedtm-daily-booster-with-pure-vitamin-c","reviews":{"average_rating":null,"number_of_questions":null,"number_of_reviews":null},"shade_groups":null,"short_description":"ビタミンＣ*１配合のエイジングケア＊２用美容液。キメを整えて、すべすべでみずみずしい、輝くような肌へと導きます。＊１　アスコルビン酸：製品の抗酸化剤＊２　年齢に応じたお手入れ","skin":null,"skin_goal":null,"skus":{"total":1,"items":[{"color_family":null,"coverage_options":null,"cross_sell":null,"display_status":7,"finish":null,"finish_options":null,"fragrances":[{"family":null,"key":null,"value":null}],"iln_listing":"水・アスコルビン酸・グリセリン・ジメチコン・スクワラン・ＢＧ・ＤＰＧ・アセチルグルコサミン・アルゲエキス・ツクシメナモミエキス・ビスＰＥＧ－１８メチルエーテルジメチルシラン・スクロース・ベタイン・ホエイタンパク（牛乳）・キサンタンガム・ジカプリン酸ＰＧ・クエン酸Ｎａ・ヒマワリ油粕・カフェイン・メタクリル酸アリルクロスポリマー・カルボマー・ポリメタクリル酸グリセリル・トロメタミン・ラミナリアディギタータエキス・アルカリゲネス産生多糖体・ＥＤＴＡ－２Ｎａ・ＰＥＧ－８・ヒアルロン酸Ｎａ・ダイズタンパク・クロミグワ根皮エキス・トウミツエキス・オオムギ種子エキス・カプリリルグリコール・オウゴン根エキス・ポリソルベート２０・アセチルヘキサペプチド－８・キュウリ果実エキス・ブドウ果実エキス・パルミトイルトリペプチド－１・パルミトイルテトラペプチド－７・パルミトイルヘキサペプチド－１２・フェノキシエタノール・サリチル酸・ソルビン酸Ｋ<JILN7683>","iln_version_number":"JILN7683","inventory_status":"Active","is_active":true,"is_coming_soon":null,"is_default_sku":true,"is_discountable":true,"is_displayable":null,"is_engravable":null,"is_fragrance":null,"is_giftable":null,"is_giftwrap":false,"is_inactive":null,"is_multi_shaded":null,"is_out_of_stock":null,"is_preorder":false,"is_preorderable":null,"is_promotional":null,"is_replenishable":false,"is_search_suppressed":null,"is_searchable":true,"is_shaded":null,"is_sized":null,"is_sold_out":null,"is_under_weight_hazmat":false,"is_vto_enabled":null,"life_of_product":"Basic Reorder","material_code":"ZN9H010000","media":{"large":[{"alt":"フレッシュ プレスト C10 デイリー ブースター","height":1200,"position":0,"src":"/media/export/cms/products/1200x1500/cl_sku_ZN9H01_1200x1500_0.png","type":"image","width":1500}],"medium":[{"alt":"フレッシュ プレスト C10 デイリー ブースター","height":600,"position":1,"src":"/media/export/cms/products/600x750/cl_sku_ZN9H01_600x750_0.png","type":"image","width":750},{"alt":"フレッシュ プレスト C10 デイリー ブースター","height":600,"position":2,"src":"/media/export/cms/products/600x750/cl_sku_ZN9H01_600x750_1.png","type":"image","width":750}],"model":null,"poster":null,"small":[{"alt":"フレッシュ プレスト C10 デイリー ブースター","height":1200,"position":3,"src":"/media/export/cms/products/1200x1500/cl_sku_ZN9H01_1200x1500_0.png","type":"image","width":1500}],"smoosh":null,"xl":null},"out_of_stock_threshold":null,"perlgem":{"SKU_BASE_ID":73479},"preorder_date":null,"prices":[{"currency":"JPY","exclude_tax":{"original_price":10000,"original_price_formatted":"¥10,000","price":10000,"price_formatted":"¥10,000","price_per_unit":null,"price_per_unit_formatted":""},"include_tax":{"original_price":11000,"original_price_formatted":"¥11,000","price":11000,"price_formatted":"¥11,000","price_per_unit":null,"price_per_unit_formatted":""},"is_discounted":false}],"purchase_limit":null,"replenishment":{"message":null},"reviews":{"average_rating":null,"number_of_questions":null,"number_of_reviews":null},"set_components":null,"shade_groups":null,"shades":null,"sizes":[{"key":1,"value":null}],"skin":{"tone":null,"type":[{"key":"very-dry-skintype","value":"very_dry_skintype"},{"key":"dry-skintype","value":"dry_skintype"},{"key":"combination-skintype","value":"combination_skintype"},{"key":"oily-skintype","value":"oily_skintype"}],"type_description":null},"sku_badge":null,"sku_badge_image":null,"sku_display_order":1,"sku_id":"ZN9H01","sku_promo_messaging":null,"sku_type":"SE","sku_url":null,"tags":{"total":9,"items":[{"id":"18919","key":"fresh-pressed","value":"Fresh Pressed"},{"id":"4034","key":"serums","value":"Serums"},{"id":"13051","key":"スキンケア-ベストセラー","value":"スキンケア ベストセラー"},{"id":"4323","key":"just-arrived","value":"Just Arrived"},{"id":"1575","key":"ベストセラー","value":"ベストセラー"},{"id":"14706","key":"スペシャルケア","value":"スペシャルケア"},{"id":"12537","key":"メークアップ-ベストセラー","value":"メークアップ ベストセラー"},{"id":"13304","key":"スペシャルケア","value":"スペシャルケア"},{"id":"13303","key":"美容液","value":"美容液"}]},"texture":null,"undertone":null,"unit_of_measure":null,"unit_size":null,"unit_size_formatted":null,"upc":"020714804480","vto":{"is_color_experience":null,"is_foundation_experience":null}}]},"sub_display_name":"フレッシュ プレスト C10 デイリー ブースター","sub_header":null,"tags":{"total":9,"items":[{"id":"18919","key":"fresh-pressed","parent_tag_id":"1667","product_display_order":5,"value":"Fresh Pressed"},{"id":"4034","key":"serums","parent_tag_id":"1667","product_display_order":0,"value":"Serums"},{"id":"13051","key":"スキンケア-ベストセラー","parent_tag_id":"1667","product_display_order":43,"value":"スキンケア ベストセラー"},{"id":"4323","key":"just-arrived","parent_tag_id":null,"product_display_order":0,"value":"Just Arrived"},{"id":"1575","key":"ベストセラー","parent_tag_id":null,"product_display_order":84,"value":"ベストセラー"},{"id":"14706","key":"スペシャルケア","parent_tag_id":"1667","product_display_order":37,"value":"スペシャルケア"},{"id":"12537","key":"メークアップ-ベストセラー","parent_tag_id":"1592","product_display_order":19,"value":"メークアップ ベストセラー"},{"id":"13304","key":"スペシャルケア","parent_tag_id":"1667","product_display_order":26,"value":"スペシャルケア"},{"id":"13303","key":"美容液","parent_tag_id":"1667","product_display_order":6,"value":"美容液"}]},"usage":[{"content":"フレッシュなうちに使い切る、1本約7日間の集中ケア。ビタミンC＊を新鮮に保つ2層構造容器になっています。あなたは混ぜるだけ。＊アスコルビン酸：製品の抗酸化剤使用する際は、キャップをしたまま、底面のアルミ箔をはがします。内側のボタンをしっかりと2度押し、約15秒間上下に振ります。朝と夜、2滴程度を お好みのモイスチャライザーと合わせてお使いください。目のまわりは避けてください。ご使用時は、必ず振ってからお使いください。フレッシュにお使いいただくため、開封後は7日間で使い切り、残りは破棄することをおすすめします。","label":"PRODUCT USAGE","type":"product_usage"},{"content":null,"label":"HOW DOES IT WORK","type":"how_does_it_work"},{"content":null,"label":"WHO IT IS FOR","type":"who_it_is_for"},{"content":null,"label":"GREAT TO KNOW","type":"great_to_know"},{"content":null,"label":"WHAT_IT_DOES","type":"what_it_does"},{"content":null,"label":"WHAT_IT_IS","type":"what_it_is"}],"objectID":"43160"},{"benefit":{"statement":null,"benefits":null},"brand":null,"collection":null,"coverage":null,"cross_sell":null,"default_category":{"id":"1673","key":"クレンジング洗顔"},"description":"<P>クリニークから、エイジングケア＊１に明るいニュース。<br>ビタミンC<sup>＊２</sup>をフレッシュなうちに使い切る、「集中ケア」シリーズが誕生しました。</P><P>継続的にケアしたい方へ、28日間朝使用のきめ細やかなパウダー洗顔料。肌を洗浄し、フレッシュでイキイキとした肌印象に。朝、使用することで肌表面を整え、なめらかで輝くような肌へと導きます。全てのスキンケアタイプに。</P><P><small>＊１年齢に応じた肌に潤いを与えるお手入れ ＊２アスコルビン酸：製品の抗酸化剤</small></P>","display_mode":null,"display_name":"フレッシュ プレスト C パウダー クレンザー","display_status":7,"finish":null,"form":null,"formula_type":null,"fragrance_family":null,"indexable_keywords":null,"is_hazmat":false,"is_product_coming_soon":null,"is_product_displayable":true,"is_product_searchable":true,"is_product_shoppable":true,"is_product_sold_out":null,"is_product_temporarily_out_of_stock":null,"is_search_suppressed":null,"key_ingredient":null,"media":{"large":[{"alt":"フレッシュ プレスト C パウダー クレンザー","height":1200,"position":0,"src":"/media/export/cms/products/1200x1500/cl_prod_43162_1200x1500_0.png","type":"image","width":1500}],"medium":null,"poster":null,"small":[{"alt":"フレッシュ プレスト C パウダー クレンザー","height":1200,"position":1,"src":"/media/export/cms/products/1200x1500/cl_prod_43162_1200x1500_0.png","type":"image","width":1500}],"videos":[{"position":null,"poster":{"height":null,"src":null,"width":null},"provider":"YouTube","src":null},{"position":null,"poster":{"height":null,"src":null,"width":null},"provider":"YouTube","src":null},{"position":null,"poster":{"height":null,"src":null,"width":null},"provider":"YouTube","src":null}],"xl":null},"meta":{"description":null,"keywords":null},"parent_category":[{"id":"1673","value":"クレンジング・洗顔"},{"id":"1667","value":"スキンケア"}],"product_badge":null,"product_id":"43162","product_title_tag":null,"product_type":"Other","product_url":"/product/1673/43162/-c-/clinique-fresh-pressedtm-renewing-powder-cleanser-with-pure-vitamin-c","reviews":{"average_rating":null,"number_of_questions":null,"number_of_reviews":null},"shade_groups":null,"short_description":"継続的にケアしたい方へ、28日間朝使用のきめ細やかなパウダー洗顔料。肌を洗浄し、フレッシュでイキイキとした肌印象に。","skin":null,"skin_goal":null,"skus":{"total":1,"items":[{"color_family":null,"coverage_options":null,"cross_sell":null,"display_status":7,"finish":null,"finish_options":null,"fragrances":[{"family":null,"key":null,"value":null}],"iln_listing":"マルトデキストリン・ラウリルスルホ酢酸Ｎａ・ココイルイセチオン酸Ｎａ・ココイルメチルタウリンＮａ・カオリン・アスコルビン酸・ＥＤＴＡ－２Ｎａ・ムクロジエキス・メタクリル酸アリルクロスポリマー・シクロデキストリン・エチルビスイミノメチルグアヤコールマンガンクロリド・サリチル酸<JILN7687>","iln_version_number":"JILN7687","inventory_status":"Active","is_active":true,"is_coming_soon":null,"is_default_sku":true,"is_discountable":true,"is_displayable":null,"is_engravable":null,"is_fragrance":null,"is_giftable":null,"is_giftwrap":false,"is_inactive":null,"is_multi_shaded":null,"is_out_of_stock":null,"is_preorder":false,"is_preorderable":null,"is_promotional":null,"is_replenishable":false,"is_search_suppressed":null,"is_searchable":true,"is_shaded":null,"is_sized":null,"is_sold_out":null,"is_under_weight_hazmat":false,"is_vto_enabled":null,"life_of_product":"Basic Reorder","material_code":"ZWGP010000","media":{"large":[{"alt":"フレッシュ プレスト C パウダー クレンザー","height":1200,"position":0,"src":"/media/export/cms/products/1200x1500/cl_sku_ZWGP01_1200x1500_0.png","type":"image","width":1500}],"medium":[{"alt":"フレッシュ プレスト C パウダー クレンザー","height":600,"position":1,"src":"/media/export/cms/products/600x750/cl_sku_ZWGP01_600x750_0.png","type":"image","width":750},{"alt":"フレッシュ プレスト C パウダー クレンザー","height":600,"position":2,"src":"/media/export/cms/products/600x750/cl_sku_ZWGP01_600x750_1.png","type":"image","width":750}],"model":null,"poster":null,"small":[{"alt":"フレッシュ プレスト C パウダー クレンザー","height":1200,"position":3,"src":"/media/export/cms/products/1200x1500/cl_sku_ZWGP01_1200x1500_0.png","type":"image","width":1500}],"smoosh":null,"xl":null},"out_of_stock_threshold":null,"perlgem":{"SKU_BASE_ID":73481},"preorder_date":null,"prices":[{"currency":"JPY","exclude_tax":{"original_price":4000,"original_price_formatted":"¥4,000","price":4000,"price_formatted":"¥4,000","price_per_unit":null,"price_per_unit_formatted":""},"include_tax":{"original_price":4400,"original_price_formatted":"¥4,400","price":4400,"price_formatted":"¥4,400","price_per_unit":null,"price_per_unit_formatted":""},"is_discounted":false}],"purchase_limit":null,"replenishment":{"message":null},"reviews":{"average_rating":null,"number_of_questions":null,"number_of_reviews":null},"set_components":null,"shade_groups":null,"shades":null,"sizes":[{"key":1,"value":null}],"skin":{"tone":null,"type":[{"key":"very-dry-skintype","value":"very_dry_skintype"},{"key":"dry-skintype","value":"dry_skintype"},{"key":"combination-skintype","value":"combination_skintype"},{"key":"oily-skintype","value":"oily_skintype"}],"type_description":null},"sku_badge":null,"sku_badge_image":null,"sku_display_order":5,"sku_id":"ZWGP01","sku_promo_messaging":null,"sku_type":"SE","sku_url":null,"tags":{"total":10,"items":[{"id":"27172","key":"day5flashsale","value":"Day5FlashSale"},{"id":"4323","key":"just-arrived","value":"Just Arrived"},{"id":"4034","key":"serums","value":"Serums"},{"id":"13304","key":"スペシャルケア","value":"スペシャルケア"},{"id":"18919","key":"fresh-pressed","value":"Fresh Pressed"},{"id":"1673","key":"クレンジング洗顔","value":"クレンジング・洗顔"},{"id":"14706","key":"スペシャルケア","value":"スペシャルケア"},{"id":"27173","key":"day6flashsale","value":"Day6FlashSale"},{"id":"27174","key":"day7flashsale","value":"Day7FlashSale"},{"id":"25565","key":"justarrivednew","value":"justarrivednew"}]},"texture":null,"undertone":null,"unit_of_measure":null,"unit_size":null,"unit_size_formatted":null,"upc":"020714838461","vto":{"is_color_experience":null,"is_foundation_experience":null}}]},"sub_display_name":"フレッシュ プレスト C パウダー クレンザー","sub_header":null,"tags":{"total":10,"items":[{"id":"27172","key":"day5flashsale","parent_tag_id":"1590","product_display_order":17,"value":"Day5FlashSale"},{"id":"4323","key":"just-arrived","parent_tag_id":null,"product_display_order":0,"value":"Just Arrived"},{"id":"4034","key":"serums","parent_tag_id":"1667","product_display_order":5,"value":"Serums"},{"id":"13304","key":"スペシャルケア","parent_tag_id":"1667","product_display_order":25,"value":"スペシャルケア"},{"id":"18919","key":"fresh-pressed","parent_tag_id":"1667","product_display_order":9,"value":"Fresh Pressed"},{"id":"1673","key":"クレンジング洗顔","parent_tag_id":"1667","product_display_order":4,"value":"クレンジング・洗顔"},{"id":"14706","key":"スペシャルケア","parent_tag_id":"1667","product_display_order":13,"value":"スペシャルケア"},{"id":"27173","key":"day6flashsale","parent_tag_id":"1590","product_display_order":0,"value":"Day6FlashSale"},{"id":"27174","key":"day7flashsale","parent_tag_id":"1590","product_display_order":0,"value":"Day7FlashSale"},{"id":"25565","key":"justarrivednew","parent_tag_id":null,"product_display_order":3,"value":"justarrivednew"}]},"usage":[{"content":"１袋を濡れた手に取り出し、水を含ませ泡立てます。目のまわりを避けて、顔全体を優しくマッサージするようになじませます。約１分間おいていただくことをおすすめします。その後、よく洗い流してください。１回につき１袋を使いきってください。","label":"PRODUCT USAGE","type":"product_usage"},{"content":null,"label":"HOW DOES IT WORK","type":"how_does_it_work"},{"content":null,"label":"WHO IT IS FOR","type":"who_it_is_for"},{"content":null,"label":"GREAT TO KNOW","type":"great_to_know"},{"content":null,"label":"WHAT_IT_DOES","type":"what_it_does"},{"content":null,"label":"WHAT_IT_IS","type":"what_it_is"}],"objectID":"43162"},{"benefit":{"statement":null,"benefits":null},"brand":null,"collection":null,"coverage":null,"cross_sell":[{"sku_id":"Z4KL01","sort_key":1},{"sku_id":"6KKA01","sort_key":2},{"sku_id":"ZX2101","sort_key":3}],"default_category":{"id":"1693","key":"シミソバカス"},"description":"白の、その先へ。“均一美白＊1ケア”<br><br>自宅で美白＊2フェーシャル ケアを。たっぷりと贅沢な潤いを与えることで、くすみ感の気にならない 透明感あふれる均一美肌＊１へ誘います。週２〜３回のご使用をおすすめ。<br><br><sub>*1　均一なスキントーン(キメ)を目指す +（*2） <br>*2　メラニンの生成を抑えシミ・ソバカスを防ぐ <br>*3　キメの整った美しい肌<br></sub>","display_mode":null,"display_name":"イーブン ベター ブライター モイスチャー マスク＜医薬部外品＞","display_status":7,"finish":null,"form":null,"formula_type":null,"fragrance_family":null,"indexable_keywords":[{"value":"Even Better"},{"value":"イーブン ベター"},{"value":"イーブン"},{"value":"イーブンベター"}],"is_hazmat":false,"is_product_coming_soon":null,"is_product_displayable":true,"is_product_searchable":true,"is_product_shoppable":true,"is_product_sold_out":null,"is_product_temporarily_out_of_stock":null,"is_search_suppressed":null,"key_ingredient":null,"media":{"large":null,"medium":null,"poster":null,"small":null,"videos":[{"position":null,"poster":{"height":null,"src":null,"width":null},"provider":"YouTube","src":null},{"position":null,"poster":{"height":null,"src":null,"width":null},"provider":"YouTube","src":null},{"position":null,"poster":{"height":null,"src":null,"width":null},"provider":"YouTube","src":null}],"xl":null},"meta":{"description":null,"keywords":null},"parent_category":[{"id":"1693","value":"シミ・ソバカス"},{"id":"1667","value":"スキンケア"}],"product_badge":null,"product_id":"43165","product_title_tag":null,"product_type":"Other","product_url":"/product/1693/43165/-/even-better-brighter-moisture-mask","reviews":{"average_rating":null,"number_of_questions":null,"number_of_reviews":null},"shade_groups":null,"short_description":"白の、その先へ。“均一美白＊1ケア”<br><br>自宅で美白＊2フェーシャル ケアを。たっぷりと贅沢な潤いを与えることで、くすみ感の気にならない 透明感あふれる均一美肌＊１へ誘います。週２〜３回のご使用をおすすめ。<br><br><sub>*1　均一なスキントーン(キメ)を目指す +（*2） <br>*2　メラニンの生成を抑えシミ・ソバカスを防ぐ <br>*3　キメの整った美しい肌</sub>","skin":null,"skin_goal":null,"skus":{"total":1,"items":[{"color_family":null,"coverage_options":null,"cross_sell":null,"display_status":7,"finish":null,"finish_options":null,"fragrances":[{"family":null,"key":null,"value":null}],"iln_listing":"Ｌ－アスコルビン酸　２－グルコシド*、β－グリチルレチン酸*、酢酸トコフェロール*、精製水、メチルポリシロキサン、親油型モノステアリン酸グリセリル、濃グリセリン、シア脂、クエン酸トリ２－エチルヘキシル、１，３－ブチレングリコール、２－エチルヘキサン酸セチル、ステアリン酸、モノステアリン酸ポリエチレングリコール、白糖、混合異性化糖、ベヘニルアルコール、デカメチルテトラシロキサン、ジカプリン酸プロピレングリコール、水酸化ナトリウム、ヒマワリ油粕、カルボキシビニルポリマー、オクタメチルトリシロキサン、クエン酸ナトリウム、Ｎ－アセチルグルコサミン、１，２－オクタンジオール、無水カフェイン、キサンタンガム、海藻エキス（１）、エデト酸塩、ジブチルヒドロキシトルエン、ヒアルロン酸ナトリウム（２）、米糠抽出物加水分解液Ａ、リボ核酸ナトリウム、ゲンチアナエキス、高重合メチルポリシロキサン（２）、ヘキシレングリコール、プルーン酵素分解物、オオムギエキス、黒砂糖、無水クエン酸、キューカンバーエキス（１）、チャエキス（１）、フェノキシエタノール、安息香酸塩、ソルビン酸塩<QDILN273>　*は有効成分　無印はその他の成分","iln_version_number":null,"inventory_status":"Active","is_active":true,"is_coming_soon":null,"is_default_sku":false,"is_discountable":true,"is_displayable":null,"is_engravable":null,"is_fragrance":null,"is_giftable":null,"is_giftwrap":false,"is_inactive":null,"is_multi_shaded":null,"is_out_of_stock":null,"is_preorder":false,"is_preorderable":null,"is_promotional":null,"is_replenishable":false,"is_search_suppressed":null,"is_searchable":true,"is_shaded":null,"is_sized":null,"is_sold_out":null,"is_under_weight_hazmat":false,"is_vto_enabled":null,"life_of_product":"Basic Reorder","material_code":"ZPR7010000","media":{"large":[{"alt":"イーブン ベター ブライター モイスチャー マスク＜医薬部外品＞","height":1200,"position":0,"src":"/media/export/cms/products/1200x1500/cl_sku_ZPR701_1200x1500_0.png","type":"image","width":1500}],"medium":[{"alt":"イーブン ベター ブライター モイスチャー マスク＜医薬部外品＞","height":600,"position":1,"src":"/media/export/cms/products/600x750/cl_sku_ZPR701_600x750_0.png","type":"image","width":750}],"model":null,"poster":null,"small":[{"alt":"イーブン ベター ブライター モイスチャー マスク＜医薬部外品＞","height":1200,"position":2,"src":"/media/export/cms/products/1200x1500/cl_sku_ZPR701_1200x1500_0.png","type":"image","width":1500}],"smoosh":null,"xl":null},"out_of_stock_threshold":null,"perlgem":{"SKU_BASE_ID":73485},"preorder_date":null,"prices":[{"currency":"JPY","exclude_tax":{"original_price":6500,"original_price_formatted":"¥6,500","price":6500,"price_formatted":"¥6,500","price_per_unit":null,"price_per_unit_formatted":""},"include_tax":{"original_price":7150,"original_price_formatted":"¥7,150","price":7150,"price_formatted":"¥7,150","price_per_unit":null,"price_per_unit_formatted":""},"is_discounted":false}],"purchase_limit":null,"replenishment":{"message":null},"reviews":{"average_rating":null,"number_of_questions":null,"number_of_reviews":null},"set_components":null,"shade_groups":null,"shades":null,"sizes":[{"key":1,"value":"100mL"}],"skin":{"tone":null,"type":null,"type_description":null},"sku_badge":null,"sku_badge_image":null,"sku_display_order":0,"sku_id":"ZPR701","sku_promo_messaging":null,"sku_type":"SE","sku_url":null,"tags":{"total":4,"items":[{"id":"14706","key":"スペシャルケア","value":"スペシャルケア"},{"id":"1693","key":"シミソバカス","value":"シミ・ソバカス"},{"id":"13304","key":"スペシャルケア","value":"スペシャルケア"},{"id":"15036","key":"マスク","value":"マスク"}]},"texture":null,"undertone":null,"unit_of_measure":null,"unit_size":null,"unit_size_formatted":null,"upc":"020714815981","vto":{"is_color_experience":null,"is_foundation_experience":null}}]},"sub_display_name":"イーブン ベター ブライター モイスチャー マスク＜医薬部外品＞","sub_header":null,"tags":{"total":4,"items":[{"id":"14706","key":"スペシャルケア","parent_tag_id":"1667","product_display_order":14,"value":"スペシャルケア"},{"id":"1693","key":"シミソバカス","parent_tag_id":"1667","product_display_order":4,"value":"シミ・ソバカス"},{"id":"13304","key":"スペシャルケア","parent_tag_id":"1667","product_display_order":27,"value":"スペシャルケア"},{"id":"15036","key":"マスク","parent_tag_id":"1667","product_display_order":0,"value":"マスク"}]},"usage":[{"content":"週に2、3回のご使用をおすすめします。化粧水の後、目のまわりを避けて、顔全体に均一に伸ばします。約5分後、余分なクリームをティッシュでふき取ったあと、肌になじませるか、軽く洗い流してください。","label":"PRODUCT USAGE","type":"product_usage"},{"content":null,"label":"HOW DOES IT WORK","type":"how_does_it_work"},{"content":null,"label":"WHO IT IS FOR","type":"who_it_is_for"},{"content":null,"label":"GREAT TO KNOW","type":"great_to_know"},{"content":null,"label":"WHAT_IT_DOES","type":"what_it_does"},{"content":null,"label":"WHAT_IT_IS","type":"what_it_is"}],"objectID":"43165"},{"benefit":{"statement":null,"benefits":null},"brand":null,"collection":null,"coverage":null,"cross_sell":[{"sku_id":"Z4KL01","sort_key":1},{"sku_id":"6KKA01","sort_key":2},{"sku_id":"ZX2101","sort_key":3}],"default_category":{"id":"1693","key":"シミソバカス"},"description":"白の、その先へ。“均一美白＊1ケア”<br><br>たっぷり潤いを与えながらメラニン生成を抑制、シミ・ソバカスを防ぎ、<br>明るく透明感のある均一美肌へ。<br><br><sub>*1　均一なスキントーン(キメ)を目指す + 　（*2）<br>*2　メラニンの生成を抑えシミ・ソバカスを防ぐ<br></sub>","display_mode":null,"display_name":"イーブン ベター ブライター モイスチャー クリーム＜医薬部外品＞","display_status":7,"finish":null,"form":null,"formula_type":null,"fragrance_family":null,"indexable_keywords":[{"value":"Even Better"},{"value":"イーブン ベター"},{"value":"イーブン"},{"value":"イーブンベター"}],"is_hazmat":false,"is_product_coming_soon":null,"is_product_displayable":true,"is_product_searchable":true,"is_product_shoppable":true,"is_product_sold_out":null,"is_product_temporarily_out_of_stock":null,"is_search_suppressed":null,"key_ingredient":null,"media":{"large":null,"medium":null,"poster":null,"small":null,"videos":[{"position":null,"poster":{"height":null,"src":null,"width":null},"provider":"YouTube","src":null},{"position":null,"poster":{"height":null,"src":null,"width":null},"provider":"YouTube","src":null},{"position":null,"poster":{"height":null,"src":null,"width":null},"provider":"YouTube","src":null}],"xl":null},"meta":{"description":null,"keywords":null},"parent_category":[{"id":"1693","value":"シミ・ソバカス"},{"id":"1667","value":"スキンケア"}],"product_badge":null,"product_id":"43167","product_title_tag":null,"product_type":"Other","product_url":"/product/1693/43167/-/even-better-brighter-moisture-cream","reviews":{"average_rating":null,"number_of_questions":null,"number_of_reviews":null},"shade_groups":null,"short_description":"白の、その先へ。“均一美白＊1ケア”<br><br>たっぷり潤いを与えながらメラニン生成を抑制、シミ・ソバカスを防ぎ、<br>明るく透明感のある均一美肌へ。<br><br><sub>*1　均一なスキントーン(キメ)を目指す + 　（*2）<br>*2　メラニンの生成を抑えシミ・ソバカスを防ぐ</sub>","skin":null,"skin_goal":null,"skus":{"total":1,"items":[{"color_family":null,"coverage_options":null,"cross_sell":null,"display_status":7,"finish":null,"finish_options":null,"fragrances":[{"family":null,"key":null,"value":null}],"iln_listing":"Ｌ－アスコルビン酸　２－グルコシド*、グリチルリチン酸ジカリウム*、酢酸トコフェロール*、精製水、１，３－ブチレングリコール、アボカド油、ミリスチン酸オクチルドデシル、メチルポリシロキサン、フマル酸ジアルキル（１２～１５）、親油型モノステアリン酸グリセリル、イソステアリン酸イソプロピル、濃グリセリン、リンゴ酸ジイソステアリル、モノステアリン酸ポリエチレングリコール、ポリエチレングリコール、シア脂、トリベヘン酸グリセリル、セタノール、アクリルアミド・アクリルジメチルタウリン酸ナトリウム共重合体／イソヘキサデカン／ポリソルベート　８０、ベヘニルアルコール、セトステアリルグルコシド・セトステアリルアルコール、白糖、架橋型メチルポリシロキサン、水酸化ナトリウム、ジカプリン酸プロピレングリコール、１，２－オクタンジオール、ヒマワリ油粕、キサンタンガム、コレステロール、アクリル酸・メタクリル酸アルキル共重合体、無水カフェイン、Ｎ－アセチルグルコサミン、ジブチルヒドロキシトルエン、海藻エキス（１）、米糠抽出物加水分解液Ａ、無水クエン酸、リボ核酸ナトリウム、ゲンチアナエキス、エデト酸塩、ヒアルロン酸ナトリウム（２）、ヘキシレングリコール、プルーン酵素分解物、黒砂糖、高重合メチルポリシロキサン（１）、オオムギエキス、キューカンバーエキス（１）、チャエキス（１）、フェノキシエタノール、クロルフェネシン、ソルビン酸塩<QDILN275>　*は有効成分　無印はその他の成分","iln_version_number":null,"inventory_status":"Active","is_active":true,"is_coming_soon":null,"is_default_sku":false,"is_discountable":true,"is_displayable":null,"is_engravable":null,"is_fragrance":null,"is_giftable":null,"is_giftwrap":false,"is_inactive":null,"is_multi_shaded":null,"is_out_of_stock":null,"is_preorder":false,"is_preorderable":null,"is_promotional":null,"is_replenishable":false,"is_search_suppressed":null,"is_searchable":true,"is_shaded":null,"is_sized":null,"is_sold_out":null,"is_under_weight_hazmat":false,"is_vto_enabled":null,"life_of_product":"Basic Reorder","material_code":"ZPR5010000","media":{"large":[{"alt":"イーブン ベター ブライター モイスチャー クリーム＜医薬部外品＞","height":1200,"position":0,"src":"/media/export/cms/products/1200x1500/cl_sku_ZPR501_1200x1500_0.png","type":"image","width":1500}],"medium":[{"alt":"イーブン ベター ブライター モイスチャー クリーム＜医薬部外品＞","height":600,"position":1,"src":"/media/export/cms/products/600x750/cl_sku_ZPR501_600x750_0.png","type":"image","width":750}],"model":null,"poster":null,"small":[{"alt":"イーブン ベター ブライター モイスチャー クリーム＜医薬部外品＞","height":1200,"position":2,"src":"/media/export/cms/products/1200x1500/cl_sku_ZPR501_1200x1500_0.png","type":"image","width":1500}],"smoosh":null,"xl":null},"out_of_stock_threshold":null,"perlgem":{"SKU_BASE_ID":73486},"preorder_date":null,"prices":[{"currency":"JPY","exclude_tax":{"original_price":8500,"original_price_formatted":"¥8,500","price":8500,"price_formatted":"¥8,500","price_per_unit":null,"price_per_unit_formatted":""},"include_tax":{"original_price":9350,"original_price_formatted":"¥9,350","price":9350,"price_formatted":"¥9,350","price_per_unit":null,"price_per_unit_formatted":""},"is_discounted":false}],"purchase_limit":null,"replenishment":{"message":null},"reviews":{"average_rating":null,"number_of_questions":null,"number_of_reviews":null},"set_components":null,"shade_groups":null,"shades":null,"sizes":[{"key":1,"value":"50mL"}],"skin":{"tone":null,"type":null,"type_description":null},"sku_badge":null,"sku_badge_image":null,"sku_display_order":0,"sku_id":"ZPR501","sku_promo_messaging":null,"sku_type":"SE","sku_url":null,"tags":{"total":5,"items":[{"id":"13301","key":"乳液クリーム","value":"乳液・クリーム"},{"id":"13304","key":"スペシャルケア","value":"スペシャルケア"},{"id":"14706","key":"スペシャルケア","value":"スペシャルケア"},{"id":"13302","key":"クリーム","value":"クリーム"},{"id":"1693","key":"シミソバカス","value":"シミ・ソバカス"}]},"texture":null,"undertone":null,"unit_of_measure":null,"unit_size":null,"unit_size_formatted":null,"upc":"020714815967","vto":{"is_color_experience":null,"is_foundation_experience":null}}]},"sub_display_name":"イーブン ベター ブライター モイスチャー クリーム＜医薬部外品＞","sub_header":null,"tags":{"total":5,"items":[{"id":"13301","key":"乳液クリーム","parent_tag_id":"1667","product_display_order":20,"value":"乳液・クリーム"},{"id":"13304","key":"スペシャルケア","parent_tag_id":"1667","product_display_order":29,"value":"スペシャルケア"},{"id":"14706","key":"スペシャルケア","parent_tag_id":"1667","product_display_order":15,"value":"スペシャルケア"},{"id":"13302","key":"クリーム","parent_tag_id":"1667","product_display_order":20,"value":"クリーム"},{"id":"1693","key":"シミソバカス","parent_tag_id":"1667","product_display_order":5,"value":"シミ・ソバカス"}]},"usage":[{"content":"朝と夜、乳液の後にお使いください。適量を、目のまわりを避けて、顔全体と首になじませます。","label":"PRODUCT USAGE","type":"product_usage"},{"content":null,"label":"HOW DOES IT WORK","type":"how_does_it_work"},{"content":null,"label":"WHO IT IS FOR","type":"who_it_is_for"},{"content":null,"label":"GREAT TO KNOW","type":"great_to_know"},{"content":null,"label":"WHAT_IT_DOES","type":"what_it_does"},{"content":null,"label":"WHAT_IT_IS","type":"what_it_is"}],"objectID":"43167"},{"benefit":{"statement":null,"benefits":null},"brand":null,"collection":[{"key":"even-better-collection","value":"even_better_collection"}],"coverage":null,"cross_sell":[{"sku_id":"Z4KL01","sort_key":1},{"sku_id":"6KKA01","sort_key":2},{"sku_id":"ZX2101","sort_key":3}],"default_category":{"id":"1693","key":"シミソバカス"},"description":"白の、その先へ。“均一美白＊1ケア”<br><br>たっぷり潤いを与えながらメラニン生成を抑制、シミ・ソバカスを防ぎ、<br>明るく透明感のある均一美肌へ。<br><br><sub>*1　均一なスキントーン(キメ)を目指す +（*2）<br>*2　メラニンの生成を抑えシミ・ソバカスを防ぐ 　<br></sub>","display_mode":null,"display_name":"イーブン ベター ブライター モイスチャー ジェル クリーム＜医薬部外品＞","display_status":7,"finish":null,"form":[{"key":"gel-form","value":"gel_form"},{"key":"cream-form","value":"cream_form"}],"formula_type":null,"fragrance_family":null,"indexable_keywords":null,"is_hazmat":false,"is_product_coming_soon":null,"is_product_displayable":true,"is_product_searchable":true,"is_product_shoppable":true,"is_product_sold_out":null,"is_product_temporarily_out_of_stock":null,"is_search_suppressed":null,"key_ingredient":null,"media":{"large":null,"medium":null,"poster":null,"small":null,"videos":[{"position":null,"poster":{"height":null,"src":null,"width":null},"provider":null,"src":null},{"position":null,"poster":{"height":null,"src":null,"width":null},"provider":null,"src":null},{"position":null,"poster":{"height":null,"src":null,"width":null},"provider":null,"src":null}],"xl":null},"meta":{"description":null,"keywords":null},"parent_category":[{"id":"1693","value":"シミ・ソバカス"},{"id":"1667","value":"スキンケア"}],"product_badge":null,"product_id":"43168","product_title_tag":null,"product_type":"Other","product_url":"/product/1693/43168/--/even-better-brighter-moisture-gel-cream","reviews":{"average_rating":null,"number_of_questions":null,"number_of_reviews":null},"shade_groups":null,"short_description":"白の、その先へ。“均一美白＊1ケア”<br><br>たっぷり潤いを与えながらメラニン生成を抑制、シミ・ソバカスを防ぎ、<br>明るく透明感のある均一美肌へ。<br><br><sub>*1　均一なスキントーン(キメ)を目指す +（*2）<br>*2　メラニンの生成を抑えシミ・ソバカスを防ぐ 　<br></sub>","skin":{"concern":[{"key":"dark-spots-concern","value":"dark_spots_concern"}]},"skin_goal":null,"skus":{"total":1,"items":[{"color_family":null,"coverage_options":null,"cross_sell":null,"display_status":7,"finish":null,"finish_options":null,"fragrances":[{"family":null,"key":null,"value":null}],"iln_listing":"Ｌ－アスコルビン酸　２－グルコシド*、グリチルリチン酸ジカリウム*、酢酸トコフェロール*、精製水、１，３－ブチレングリコール、濃グリセリン、ミリスチン酸オクチルドデシル、ポリ（オキシエチレン・オキシプロピレン）メチルポリシロキサン共重合体、ポリオキシエチレンメチルグルコシド、モノオレイン酸ポリオキシエチレンソルビタン（２０Ｅ．Ｏ．）、アクリル酸・メタクリル酸アルキル共重合体、メチルポリシロキサン、水酸化ナトリウム、白糖、１，２－オクタンジオール、ジカプリン酸プロピレングリコール、カルボキシビニルポリマー、ヒマワリ油粕、無水カフェイン、キサンタンガム、Ｎ－アセチルグルコサミン、ジブチルヒドロキシトルエン、海藻エキス（１）、米糠抽出物加水分解液Ａ、ヘキシレングリコール、無水クエン酸、リボ核酸ナトリウム、ゲンチアナエキス、高重合メチルポリシロキサン（２）、プルーン酵素分解物、エデト酸塩、黒砂糖、ヒアルロン酸ナトリウム（２）、オオムギエキス、海藻エキス（４）、キューカンバーエキス（１）、チャエキス（１）、フェノキシエタノール、ソルビン酸塩<QDILN274>　*は有効成分　無印はその他の成分","iln_version_number":null,"inventory_status":"Active","is_active":true,"is_coming_soon":null,"is_default_sku":false,"is_discountable":true,"is_displayable":null,"is_engravable":null,"is_fragrance":null,"is_giftable":null,"is_giftwrap":false,"is_inactive":null,"is_multi_shaded":null,"is_out_of_stock":null,"is_preorder":false,"is_preorderable":null,"is_promotional":null,"is_replenishable":false,"is_search_suppressed":null,"is_searchable":true,"is_shaded":null,"is_sized":null,"is_sold_out":null,"is_under_weight_hazmat":false,"is_vto_enabled":null,"life_of_product":"Basic Reorder","material_code":"ZPR6010000","media":{"large":[{"alt":"イーブン ベター ブライター モイスチャー ジェル クリーム＜医薬部外品＞","height":1200,"position":0,"src":"/media/export/cms/products/1200x1500/cl_sku_ZPR601_1200x1500_0.png","type":"image","width":1500}],"medium":[{"alt":"イーブン ベター ブライター モイスチャー ジェル クリーム＜医薬部外品＞","height":600,"position":1,"src":"/media/export/cms/products/600x750/cl_sku_ZPR601_600x750_0.png","type":"image","width":750}],"model":null,"poster":null,"small":[{"alt":"イーブン ベター ブライター モイスチャー ジェル クリーム＜医薬部外品＞","height":1200,"position":2,"src":"/media/export/cms/products/1200x1500/cl_sku_ZPR601_1200x1500_0.png","type":"image","width":1500}],"smoosh":null,"xl":null},"out_of_stock_threshold":null,"perlgem":{"SKU_BASE_ID":73488},"preorder_date":null,"prices":[{"currency":"JPY","exclude_tax":{"original_price":8500,"original_price_formatted":"¥8,500","price":8500,"price_formatted":"¥8,500","price_per_unit":null,"price_per_unit_formatted":""},"include_tax":{"original_price":9350,"original_price_formatted":"¥9,350","price":9350,"price_formatted":"¥9,350","price_per_unit":null,"price_per_unit_formatted":""},"is_discounted":false}],"purchase_limit":null,"replenishment":{"message":null},"reviews":{"average_rating":null,"number_of_questions":null,"number_of_reviews":null},"set_components":null,"shade_groups":null,"shades":null,"sizes":[{"key":1,"value":"50mL"}],"skin":{"tone":null,"type":[{"key":"combination-skintype","value":"combination_skintype"},{"key":"oily-skintype","value":"oily_skintype"}],"type_description":null},"sku_badge":null,"sku_badge_image":null,"sku_display_order":0,"sku_id":"ZPR601","sku_promo_messaging":null,"sku_type":"SE","sku_url":null,"tags":{"total":4,"items":[{"id":"13301","key":"乳液クリーム","value":"乳液・クリーム"},{"id":"13304","key":"スペシャルケア","value":"スペシャルケア"},{"id":"1693","key":"シミソバカス","value":"シミ・ソバカス"},{"id":"13302","key":"クリーム","value":"クリーム"}]},"texture":null,"undertone":null,"unit_of_measure":null,"unit_size":null,"unit_size_formatted":null,"upc":"020714815974","vto":{"is_color_experience":null,"is_foundation_experience":null}}]},"sub_display_name":"イーブン ベター ブライター モイスチャー ジェル クリーム＜医薬部外品＞","sub_header":null,"tags":{"total":4,"items":[{"id":"13301","key":"乳液クリーム","parent_tag_id":"1667","product_display_order":24,"value":"乳液・クリーム"},{"id":"13304","key":"スペシャルケア","parent_tag_id":"1667","product_display_order":28,"value":"スペシャルケア"},{"id":"1693","key":"シミソバカス","parent_tag_id":"1667","product_display_order":6,"value":"シミ・ソバカス"},{"id":"13302","key":"クリーム","parent_tag_id":"1667","product_display_order":25,"value":"クリーム"}]},"usage":[{"content":"朝と夜、乳液の後にお使いください。適量を、目のまわりを避けて、顔全体と首になじませます。","label":"PRODUCT USAGE","type":"product_usage"},{"content":null,"label":"HOW DOES IT WORK","type":"how_does_it_work"},{"content":null,"label":"WHO IT IS FOR","type":"who_it_is_for"},{"content":null,"label":"GREAT TO KNOW","type":"great_to_know"},{"content":null,"label":"WHAT_IT_DOES","type":"what_it_does"},{"content":null,"label":"WHAT_IT_IS","type":"what_it_is"}],"objectID":"43168"},{"benefit":{"statement":null,"benefits":null},"brand":null,"collection":null,"coverage":null,"cross_sell":[{"sku_id":"Z4KL01","sort_key":1},{"sku_id":"6KKA01","sort_key":2},{"sku_id":"ZX5401","sort_key":3}],"default_category":{"id":"1693","key":"シミソバカス"},"description":"透明感の、その先へ。“均一美白肌＊1ケア”<br><br>あなたの肌の角質層の奥深くまで浸透し、肌表面に張りめぐらす潤いの層で、乾燥などの外的刺激から徹底的に肌を守る。<br>明るく輝く均一美肌＊2へ導きます。<br><br><sub>*1　キメの整った美しい肌+メラニンの生成を抑え、しみ・そばかすを防ぐ<br>*2　キメの整った美しい肌<br></sub>","display_mode":null,"display_name":"イーブン ベター ブライター ミルキー ローション＜医薬部外品＞","display_status":7,"finish":null,"form":null,"formula_type":null,"fragrance_family":null,"indexable_keywords":null,"is_hazmat":false,"is_product_coming_soon":null,"is_product_displayable":true,"is_product_searchable":true,"is_product_shoppable":true,"is_product_sold_out":null,"is_product_temporarily_out_of_stock":null,"is_search_suppressed":null,"key_ingredient":null,"media":{"large":null,"medium":null,"poster":null,"small":null,"videos":[{"position":null,"poster":{"height":null,"src":null,"width":null},"provider":null,"src":null},{"position":null,"poster":{"height":null,"src":null,"width":null},"provider":null,"src":null},{"position":null,"poster":{"height":null,"src":null,"width":null},"provider":null,"src":null}],"xl":null},"meta":{"description":null,"keywords":null},"parent_category":[{"id":"1693","value":"シミ・ソバカス"},{"id":"1667","value":"スキンケア"}],"product_badge":null,"product_id":"43192","product_title_tag":null,"product_type":"Other","product_url":"/product/1693/43192/-/even-better-brighter-milky-lotion","reviews":{"average_rating":null,"number_of_questions":null,"number_of_reviews":null},"shade_groups":null,"short_description":"透明感の、その先へ。“均一美白肌＊1ケア”<br><br>あなたの肌の角質層の奥深くまで浸透し、肌表面に張りめぐらす潤いの層で、乾燥などの外的刺激から徹底的に肌を守る。<br>明るく輝く均一美肌＊2へ導きます。<br><br><sub>*1　キメの整った美しい肌+メラニンの生成を抑え、しみ・そばかすを防ぐ<br>*2　キメの整った美しい肌<br></sub>","skin":null,"skin_goal":null,"skus":{"total":1,"items":[{"color_family":null,"coverage_options":null,"cross_sell":null,"display_status":7,"finish":null,"finish_options":null,"fragrances":[{"family":null,"key":null,"value":null}],"iln_listing":"Ｌ－アスコルビン酸　２－グルコシド*、グリチルリチン酸ジカリウム*、酢酸トコフェロール*、精製水、１，３－ブチレングリコール、メチルポリシロキサン、イソステアリン酸イソプロピル、濃グリセリン、モノステアリン酸ポリエチレングリコール、親油型モノステアリン酸グリセリル、α－オレフィンオリゴマー、ミリスチルアルコール、混合異性化糖、アクリルアミド・アクリルジメチルタウリン酸ナトリウム共重合体／イソヘキサデカン／ポリソルベート　８０、ベヘニルアルコール、白糖、ジカプリン酸プロピレングリコール、ジグリセリン、アボカド油、ポリオキシエチレンステアリルエーテル、水酸化ナトリウム、ヒマワリ油粕、カルボキシビニルポリマー、シア脂、１，２－オクタンジオール、セタノール、グリセリンモノ２－エチルヘキシルエーテル、コレステロール、Ｎ－アセチルグルコサミン、無水カフェイン、メチルフェニルポリシロキサン、キサンタンガム、トレハロース、海藻エキス（１）、ジブチルヒドロキシトルエン、米糠抽出物加水分解液Ａ、ヘキシレングリコール、無水クエン酸、ヒアルロン酸ナトリウム（２）、エデト酸塩、ゲンチアナエキス、オオムギエキス、黒砂糖、高重合メチルポリシロキサン（２）、クエン酸ナトリウム、オウゴンエキス、テトラ２－ヘキシルデカン酸アスコルビル、キューカンバーエキス（１）、海藻エキス（４）、酵母多糖体末、チャエキス（１）、トコフェロール、フェノキシエタノール、ソルビン酸塩<QDILN272>　*は有効成分　無印はその他の成分","iln_version_number":null,"inventory_status":"Active","is_active":true,"is_coming_soon":null,"is_default_sku":false,"is_discountable":true,"is_displayable":null,"is_engravable":null,"is_fragrance":null,"is_giftable":null,"is_giftwrap":false,"is_inactive":null,"is_multi_shaded":null,"is_out_of_stock":null,"is_preorder":false,"is_preorderable":null,"is_promotional":null,"is_replenishable":false,"is_search_suppressed":null,"is_searchable":true,"is_shaded":null,"is_sized":null,"is_sold_out":null,"is_under_weight_hazmat":false,"is_vto_enabled":null,"life_of_product":"Basic Reorder","material_code":"ZX21010000","media":{"large":[{"alt":"イーブン ベター ブライター ミルキー ローション＜医薬部外品＞","height":1200,"position":0,"src":"/media/export/cms/products/1200x1500/cl_sku_ZX2101_1200x1500_0.png","type":"image","width":1500}],"medium":[{"alt":"イーブン ベター ブライター ミルキー ローション＜医薬部外品＞","height":600,"position":1,"src":"/media/export/cms/products/600x750/cl_sku_ZX2101_600x750_0.png","type":"image","width":750}],"model":null,"poster":null,"small":[{"alt":"イーブン ベター ブライター ミルキー ローション＜医薬部外品＞","height":1200,"position":2,"src":"/media/export/cms/products/1200x1500/cl_sku_ZX2101_1200x1500_0.png","type":"image","width":1500}],"smoosh":null,"xl":null},"out_of_stock_threshold":null,"perlgem":{"SKU_BASE_ID":73525},"preorder_date":null,"prices":[{"currency":"JPY","exclude_tax":{"original_price":6900,"original_price_formatted":"¥6,900","price":6900,"price_formatted":"¥6,900","price_per_unit":null,"price_per_unit_formatted":""},"include_tax":{"original_price":7590,"original_price_formatted":"¥7,590","price":7590,"price_formatted":"¥7,590","price_per_unit":null,"price_per_unit_formatted":""},"is_discounted":false}],"purchase_limit":null,"replenishment":{"message":null},"reviews":{"average_rating":null,"number_of_questions":null,"number_of_reviews":null},"set_components":null,"shade_groups":null,"shades":null,"sizes":[{"key":1,"value":"100mL"}],"skin":{"tone":null,"type":null,"type_description":null},"sku_badge":null,"sku_badge_image":null,"sku_display_order":0,"sku_id":"ZX2101","sku_promo_messaging":null,"sku_type":"SE","sku_url":null,"tags":{"total":4,"items":[{"id":"19570","key":"おすすめ製品","value":"おすすめ製品"},{"id":"1693","key":"シミソバカス","value":"シミ・ソバカス"},{"id":"13301","key":"乳液クリーム","value":"乳液・クリーム"},{"id":"18069","key":"価格別10000円","value":"価格別10000円"}]},"texture":null,"undertone":null,"unit_of_measure":null,"unit_size":null,"unit_size_formatted":null,"upc":"020714842734","vto":{"is_color_experience":null,"is_foundation_experience":null}}]},"sub_display_name":"イーブン ベター ブライター ミルキー ローション＜医薬部外品＞","sub_header":null,"tags":{"total":4,"items":[{"id":"19570","key":"おすすめ製品","parent_tag_id":"1000020","product_display_order":92,"value":"おすすめ製品"},{"id":"1693","key":"シミソバカス","parent_tag_id":"1667","product_display_order":3,"value":"シミ・ソバカス"},{"id":"13301","key":"乳液クリーム","parent_tag_id":"1667","product_display_order":25,"value":"乳液・クリーム"},{"id":"18069","key":"価格別10000円","parent_tag_id":"1000020","product_display_order":0,"value":"価格別10000円"}]},"usage":[{"content":"朝と夜、適量を、目のまわりを避けて、顔全体になじませます。","label":"PRODUCT USAGE","type":"product_usage"},{"content":null,"label":"HOW DOES IT WORK","type":"how_does_it_work"},{"content":null,"label":"WHO IT IS FOR","type":"who_it_is_for"},{"content":null,"label":"GREAT TO KNOW","type":"great_to_know"},{"content":null,"label":"WHAT_IT_DOES","type":"what_it_does"},{"content":null,"label":"WHAT_IT_IS","type":"what_it_is"}],"objectID":"43192"},{"benefit":{"statement":null,"benefits":null},"brand":null,"collection":null,"coverage":null,"cross_sell":[{"sku_id":"ZRPN61","sort_key":1},{"sku_id":"ZGTY61","sort_key":2}],"default_category":{"id":"1599","key":"ファンデーション"},"description":"パウダリー ファンデーション用コンパクト。","display_mode":null,"display_name":"プリティ サイド バイ サイド コンパクト","display_status":7,"finish":null,"form":null,"formula_type":null,"fragrance_family":null,"indexable_keywords":null,"is_hazmat":false,"is_product_coming_soon":null,"is_product_displayable":true,"is_product_searchable":true,"is_product_shoppable":true,"is_product_sold_out":null,"is_product_temporarily_out_of_stock":null,"is_search_suppressed":null,"key_ingredient":null,"media":{"large":null,"medium":null,"poster":null,"small":null,"videos":[{"position":null,"poster":{"height":null,"src":null,"width":null},"provider":null,"src":null},{"position":null,"poster":{"height":null,"src":null,"width":null},"provider":null,"src":null},{"position":null,"poster":{"height":null,"src":null,"width":null},"provider":null,"src":null}],"xl":null},"meta":{"description":null,"keywords":null},"parent_category":[{"id":"1599","value":"ファンデーション"},{"id":"1592","value":"メーク"}],"product_badge":null,"product_id":"43834","product_title_tag":null,"product_type":"Other","product_url":"/product/1599/43834/-/pretty-side-by-side-compact","reviews":{"average_rating":null,"number_of_questions":null,"number_of_reviews":null},"shade_groups":null,"short_description":"<SPAN style='WHITE-SPACE: normal; WORD-SPACING: 0px; TEXT-TRANSFORM: none; FLOAT: none; COLOR: rgb(0,0,0); FONT: 15px \"ヒラギノ角ゴ Pro W3\", \"Hiragino Kaku Gothic Pro\", Meiryo, メイリオ, Helvetica, sans-serif; WIDOWS: 1; DISPLAY: inline !important; LETTER-SPACING: normal; BACKGROUND-COLOR: rgb(255,255,255); TEXT-INDENT: 0px; -webkit-text-stroke-width: 0px'>パウダリー ファンデーション用コンパクト。</SPAN>","skin":null,"skin_goal":null,"skus":{"total":1,"items":[{"color_family":null,"coverage_options":null,"cross_sell":null,"display_status":7,"finish":null,"finish_options":null,"fragrances":[{"family":null,"key":null,"value":null}],"iln_listing":null,"iln_version_number":null,"inventory_status":"Active","is_active":true,"is_coming_soon":null,"is_default_sku":false,"is_discountable":true,"is_displayable":null,"is_engravable":null,"is_fragrance":null,"is_giftable":null,"is_giftwrap":false,"is_inactive":null,"is_multi_shaded":null,"is_out_of_stock":null,"is_preorder":false,"is_preorderable":null,"is_promotional":null,"is_replenishable":false,"is_search_suppressed":null,"is_searchable":true,"is_shaded":null,"is_sized":null,"is_sold_out":null,"is_under_weight_hazmat":false,"is_vto_enabled":null,"life_of_product":"Basic Reorder","material_code":"ZRPJ010000","media":{"large":[{"alt":"プリティ サイド バイ サイド コンパクト","height":1200,"position":0,"src":"/media/export/cms/products/1200x1500/cl_sku_ZRPJ01_1200x1500_0.png","type":"image","width":1500}],"medium":[{"alt":"プリティ サイド バイ サイド コンパクト","height":600,"position":1,"src":"/media/export/cms/products/600x750/cl_sku_ZRPJ01_600x750_0.png","type":"image","width":750}],"model":null,"poster":null,"small":[{"alt":"プリティ サイド バイ サイド コンパクト","height":1200,"position":2,"src":"/media/export/cms/products/1200x1500/cl_sku_ZRPJ01_1200x1500_0.png","type":"image","width":1500}],"smoosh":null,"xl":null},"out_of_stock_threshold":null,"perlgem":{"SKU_BASE_ID":74278},"preorder_date":null,"prices":[{"currency":"JPY","exclude_tax":{"original_price":1200,"original_price_formatted":"¥1,200","price":1200,"price_formatted":"¥1,200","price_per_unit":null,"price_per_unit_formatted":""},"include_tax":{"original_price":1320,"original_price_formatted":"¥1,320","price":1320,"price_formatted":"¥1,320","price_per_unit":null,"price_per_unit_formatted":""},"is_discounted":false}],"purchase_limit":null,"replenishment":{"message":null},"reviews":{"average_rating":null,"number_of_questions":null,"number_of_reviews":null},"set_components":null,"shade_groups":null,"shades":null,"sizes":[{"key":1,"value":null}],"skin":{"tone":null,"type":null,"type_description":null},"sku_badge":null,"sku_badge_image":null,"sku_display_order":0,"sku_id":"ZRPJ01","sku_promo_messaging":null,"sku_type":"SE","sku_url":null,"tags":{"total":1,"items":[{"id":"1599","key":"ファンデーション","value":"ファンデーション"}]},"texture":null,"undertone":null,"unit_of_measure":null,"unit_size":null,"unit_size_formatted":null,"upc":"020714824686","vto":{"is_color_experience":null,"is_foundation_experience":null}}]},"sub_display_name":"プリティ サイド バイ サイド コンパクト","sub_header":null,"tags":{"total":1,"items":[{"id":"1599","key":"ファンデーション","parent_tag_id":"1592","product_display_order":34,"value":"ファンデーション"}]},"usage":[{"content":null,"label":"PRODUCT USAGE","type":"product_usage"},{"content":null,"label":"HOW DOES IT WORK","type":"how_does_it_work"},{"content":null,"label":"WHO IT IS FOR","type":"who_it_is_for"},{"content":null,"label":"GREAT TO KNOW","type":"great_to_know"},{"content":null,"label":"WHAT_IT_DOES","type":"what_it_does"},{"content":null,"label":"WHAT_IT_IS","type":"what_it_is"}],"objectID":"43834"},{"benefit":{"statement":null,"benefits":null},"brand":null,"collection":null,"coverage":null,"cross_sell":[{"sku_id":"ZPY101","sort_key":1},{"sku_id":"ZKW001","sort_key":2},{"sku_id":"ZAHJ02","sort_key":3},{"sku_id":"6CY401","sort_key":4}],"default_category":{"id":"1599","key":"ファンデーション"},"description":"「魔法のファンデ」の愛称で大人気！<br>パーフェクトを超える\"ビヨンド パーフェクト\"のパウダリー ファンデーション。完璧すぎるカバー力なのに、厚塗り感ゼロの魔法のフィニッシュ！なりたい仕上がりに調整可能な\"パーフェクト マジック スポンジ\"で、いつでもどこでも狙いどおりの、毛穴 色ムラ 忘れる仕上がりへ。<br>SPF30/PA+++ （スポンジ付）","display_mode":null,"display_name":"ビヨンド パーフェクティング パウダー ファンデーション 30 リフィル","display_status":7,"finish":null,"form":null,"formula_type":null,"fragrance_family":null,"indexable_keywords":null,"is_hazmat":false,"is_product_coming_soon":null,"is_product_displayable":true,"is_product_searchable":true,"is_product_shoppable":true,"is_product_sold_out":null,"is_product_temporarily_out_of_stock":null,"is_search_suppressed":null,"key_ingredient":null,"media":{"large":null,"medium":null,"poster":null,"small":null,"videos":[{"position":null,"poster":{"height":null,"src":null,"width":null},"provider":null,"src":null},{"position":null,"poster":{"height":null,"src":null,"width":null},"provider":null,"src":null},{"position":null,"poster":{"height":null,"src":null,"width":null},"provider":null,"src":null}],"xl":null},"meta":{"description":null,"keywords":null},"parent_category":[{"id":"1599","value":"ファンデーション"},{"id":"1592","value":"メーク"}],"product_badge":null,"product_id":"43836","product_title_tag":null,"product_type":"Shaded","product_url":"/product/1599/43836/--30/beyond-perfecting-powder-foundation-concealer-spf-30","reviews":{"average_rating":null,"number_of_questions":null,"number_of_reviews":null},"shade_groups":null,"short_description":"「魔法のファンデ」の愛称で大人気！<br>パーフェクトを超える\"ビヨンド パーフェクト\"のパウダリー ファンデーション。完璧すぎるカバー力なのに、厚塗り感ゼロの魔法のフィニッシュ！なりたい仕上がりに調整可能な\"パーフェクト マジック スポンジ\"で、いつでもどこでも狙いどおりの、毛穴 色ムラ 忘れる仕上がりへ。<br>SPF30/PA+++ （スポンジ付）","skin":null,"skin_goal":null,"skus":{"total":3,"items":[{"color_family":null,"coverage_options":null,"cross_sell":null,"display_status":7,"finish":null,"finish_options":null,"fragrances":[{"family":null,"key":null,"value":null}],"iln_listing":"タルク・（ジフェニルジメチコン／ビニルジフェニルジメチコン／シルセスキオキサン）クロスポリマー・（ビニルジメチコン／メチコンシルセスキオキサン）クロスポリマー・メトキシケイヒ酸エチルヘキシル・ミリスチン酸亜鉛・窒化ホウ素・水酸化Ａｌ・硫酸Ｂａ・トリエトキシカプリリルシラン・ジミリスチン酸Ａｌ・ワセリン・ステアロイルグルタミン酸２Ｎａ・ハイドロゲンジメチコン・BHT・トコフェロール・ラウレス－４・ラウレス－９・グリセリン・フェノキシエタノール・クロルフェネシン　＋／－　酸化チタン・酸化鉄・マイカ・シリカ・アルミナ<JILN7622>","iln_version_number":"JILN7622","inventory_status":"Active","is_active":true,"is_coming_soon":null,"is_default_sku":false,"is_discountable":true,"is_displayable":null,"is_engravable":null,"is_fragrance":null,"is_giftable":null,"is_giftwrap":false,"is_inactive":null,"is_multi_shaded":null,"is_out_of_stock":null,"is_preorder":false,"is_preorderable":null,"is_promotional":null,"is_replenishable":false,"is_search_suppressed":null,"is_searchable":true,"is_shaded":null,"is_sized":null,"is_sold_out":null,"is_under_weight_hazmat":false,"is_vto_enabled":null,"life_of_product":"Basic Reorder","material_code":"ZRPN616000","media":{"large":[{"alt":"ビヨンド パーフェクティング パウダー ファンデーション 30 リフィル","height":1200,"position":1,"src":"/media/export/cms/products/1200x1500/cl_sku_ZRPN61_1200x1500_0.png","type":"image","width":1500}],"medium":[{"alt":"ビヨンド パーフェクティング パウダー ファンデーション 30 リフィル","height":600,"position":2,"src":"/media/export/cms/products/600x750/cl_sku_ZRPN61_600x750_0.png","type":"image","width":750}],"model":null,"poster":null,"small":[{"alt":"ビヨンド パーフェクティング パウダー ファンデーション 30 リフィル","height":1200,"position":3,"src":"/media/export/cms/products/1200x1500/cl_sku_ZRPN61_1200x1500_0.png","type":"image","width":1500}],"smoosh":[{"alt":"ビヨンド パーフェクティング パウダー ファンデーション 30 リフィル","height":1200,"position":0,"src":"/media/export/cms/products/1200x1500/swatches_v3/02_ns_ng.png","type":"image","width":1500}],"xl":null},"out_of_stock_threshold":null,"perlgem":{"SKU_BASE_ID":74280},"preorder_date":null,"prices":[{"currency":"JPY","exclude_tax":{"original_price":4800,"original_price_formatted":"¥4,800","price":4800,"price_formatted":"¥4,800","price_per_unit":null,"price_per_unit_formatted":""},"include_tax":{"original_price":5280,"original_price_formatted":"¥5,280","price":5280,"price_formatted":"¥5,280","price_per_unit":null,"price_per_unit_formatted":""},"is_discounted":false}],"purchase_limit":null,"replenishment":{"message":null},"reviews":{"average_rating":null,"number_of_questions":null,"number_of_reviews":null},"set_components":null,"shade_groups":null,"shades":[{"description":"","hex_val":"#F7DDBF","image":{"height":null,"src":"","width":null},"name":"61 アイボリー","smoosh_design":{"group_id":null,"name":"02::none::none"}}],"sizes":[{"key":1,"value":"9g"}],"skin":{"tone":null,"type":null,"type_description":null},"sku_badge":null,"sku_badge_image":null,"sku_display_order":0,"sku_id":"ZRPN61","sku_promo_messaging":null,"sku_type":"SE","sku_url":null,"tags":{"total":4,"items":[{"id":"1599","key":"ファンデーション","value":"ファンデーション"},{"id":"1659","key":"ボディサンケア","value":"ボディ＆サンケア"},{"id":"17726","key":"base-makeup","value":"Base Makeup"},{"id":"25943","key":"foundation-fy20spring-set-refill","value":"foundation_fy20spring_set_refill"}]},"texture":null,"undertone":null,"unit_of_measure":null,"unit_size":null,"unit_size_formatted":null,"upc":"020714824730","vto":{"is_color_experience":null,"is_foundation_experience":null}},{"color_family":null,"coverage_options":null,"cross_sell":null,"display_status":7,"finish":null,"finish_options":null,"fragrances":[{"family":null,"key":null,"value":null}],"iln_listing":"タルク・（ジフェニルジメチコン／ビニルジフェニルジメチコン／シルセスキオキサン）クロスポリマー・（ビニルジメチコン／メチコンシルセスキオキサン）クロスポリマー・メトキシケイヒ酸エチルヘキシル・ミリスチン酸亜鉛・窒化ホウ素・水酸化Ａｌ・硫酸Ｂａ・トリエトキシカプリリルシラン・ジミリスチン酸Ａｌ・ワセリン・ステアロイルグルタミン酸２Ｎａ・ハイドロゲンジメチコン・BHT・トコフェロール・ラウレス－４・ラウレス－９・グリセリン・フェノキシエタノール・クロルフェネシン　＋／－　酸化チタン・酸化鉄・マイカ・シリカ・アルミナ<JILN7622>","iln_version_number":"JILN7622","inventory_status":"Active","is_active":true,"is_coming_soon":null,"is_default_sku":false,"is_discountable":true,"is_displayable":null,"is_engravable":null,"is_fragrance":null,"is_giftable":null,"is_giftwrap":false,"is_inactive":null,"is_multi_shaded":null,"is_out_of_stock":null,"is_preorder":false,"is_preorderable":null,"is_promotional":null,"is_replenishable":false,"is_search_suppressed":null,"is_searchable":true,"is_shaded":null,"is_sized":null,"is_sold_out":null,"is_under_weight_hazmat":false,"is_vto_enabled":null,"life_of_product":"Basic Reorder","material_code":"ZRPN636000","media":{"large":[{"alt":"ビヨンド パーフェクティング パウダー ファンデーション 30 リフィル","height":1200,"position":1,"src":"/media/export/cms/products/1200x1500/cl_sku_ZRPN63_1200x1500_0.png","type":"image","width":1500}],"medium":[{"alt":"ビヨンド パーフェクティング パウダー ファンデーション 30 リフィル","height":600,"position":2,"src":"/media/export/cms/products/600x750/cl_sku_ZRPN63_600x750_0.png","type":"image","width":750}],"model":null,"poster":null,"small":[{"alt":"ビヨンド パーフェクティング パウダー ファンデーション 30 リフィル","height":1200,"position":3,"src":"/media/export/cms/products/1200x1500/cl_sku_ZRPN63_1200x1500_0.png","type":"image","width":1500}],"smoosh":[{"alt":"ビヨンド パーフェクティング パウダー ファンデーション 30 リフィル","height":1200,"position":0,"src":"/media/export/cms/products/1200x1500/swatches_v3/02_ns_ng.png","type":"image","width":1500}],"xl":null},"out_of_stock_threshold":null,"perlgem":{"SKU_BASE_ID":74282},"preorder_date":null,"prices":[{"currency":"JPY","exclude_tax":{"original_price":4800,"original_price_formatted":"¥4,800","price":4800,"price_formatted":"¥4,800","price_per_unit":null,"price_per_unit_formatted":""},"include_tax":{"original_price":5280,"original_price_formatted":"¥5,280","price":5280,"price_formatted":"¥5,280","price_per_unit":null,"price_per_unit_formatted":""},"is_discounted":false}],"purchase_limit":null,"replenishment":{"message":null},"reviews":{"average_rating":null,"number_of_questions":null,"number_of_reviews":null},"set_components":null,"shade_groups":null,"shades":[{"description":"","hex_val":"#F7DBA9","image":{"height":null,"src":"","width":null},"name":"63 フレッシュ ベージュ（明るめ標準色）","smoosh_design":{"group_id":null,"name":"02::none::none"}}],"sizes":[{"key":1,"value":"9g"}],"skin":{"tone":null,"type":null,"type_description":null},"sku_badge":null,"sku_badge_image":null,"sku_display_order":2,"sku_id":"ZRPN63","sku_promo_messaging":null,"sku_type":"SE","sku_url":null,"tags":{"total":4,"items":[{"id":"1599","key":"ファンデーション","value":"ファンデーション"},{"id":"1659","key":"ボディサンケア","value":"ボディ＆サンケア"},{"id":"17726","key":"base-makeup","value":"Base Makeup"},{"id":"25943","key":"foundation-fy20spring-set-refill","value":"foundation_fy20spring_set_refill"}]},"texture":null,"undertone":null,"unit_of_measure":null,"unit_size":null,"unit_size_formatted":null,"upc":"020714824754","vto":{"is_color_experience":null,"is_foundation_experience":null}},{"color_family":null,"coverage_options":null,"cross_sell":null,"display_status":7,"finish":null,"finish_options":null,"fragrances":[{"family":null,"key":null,"value":null}],"iln_listing":"タルク・（ジフェニルジメチコン／ビニルジフェニルジメチコン／シルセスキオキサン）クロスポリマー・（ビニルジメチコン／メチコンシルセスキオキサン）クロスポリマー・メトキシケイヒ酸エチルヘキシル・ミリスチン酸亜鉛・窒化ホウ素・水酸化Ａｌ・硫酸Ｂａ・トリエトキシカプリリルシラン・ジミリスチン酸Ａｌ・ワセリン・ステアロイルグルタミン酸２Ｎａ・ハイドロゲンジメチコン・BHT・トコフェロール・ラウレス－４・ラウレス－９・グリセリン・フェノキシエタノール・クロルフェネシン　＋／－　酸化チタン・酸化鉄・マイカ・シリカ・アルミナ<JILN7622>","iln_version_number":"JILN7622","inventory_status":"Active","is_active":true,"is_coming_soon":null,"is_default_sku":false,"is_discountable":true,"is_displayable":null,"is_engravable":null,"is_fragrance":null,"is_giftable":null,"is_giftwrap":false,"is_inactive":null,"is_multi_shaded":null,"is_out_of_stock":null,"is_preorder":false,"is_preorderable":null,"is_promotional":null,"is_replenishable":false,"is_search_suppressed":null,"is_searchable":true,"is_shaded":null,"is_sized":null,"is_sold_out":null,"is_under_weight_hazmat":false,"is_vto_enabled":null,"life_of_product":"Basic Reorder","material_code":"ZRPN646000","media":{"large":[{"alt":"ビヨンド パーフェクティング パウダー ファンデーション 30 リフィル","height":1200,"position":1,"src":"/media/export/cms/products/1200x1500/cl_sku_ZRPN64_1200x1500_0.png","type":"image","width":1500}],"medium":[{"alt":"ビヨンド パーフェクティング パウダー ファンデーション 30 リフィル","height":600,"position":2,"src":"/media/export/cms/products/600x750/cl_sku_ZRPN64_600x750_0.png","type":"image","width":750}],"model":null,"poster":null,"small":[{"alt":"ビヨンド パーフェクティング パウダー ファンデーション 30 リフィル","height":1200,"position":3,"src":"/media/export/cms/products/1200x1500/cl_sku_ZRPN64_1200x1500_0.png","type":"image","width":1500}],"smoosh":[{"alt":"ビヨンド パーフェクティング パウダー ファンデーション 30 リフィル","height":1200,"position":0,"src":"/media/export/cms/products/1200x1500/swatches_v3/02_ns_ng.png","type":"image","width":1500}],"xl":null},"out_of_stock_threshold":null,"perlgem":{"SKU_BASE_ID":74283},"preorder_date":null,"prices":[{"currency":"JPY","exclude_tax":{"original_price":4800,"original_price_formatted":"¥4,800","price":4800,"price_formatted":"¥4,800","price_per_unit":null,"price_per_unit_formatted":""},"include_tax":{"original_price":5280,"original_price_formatted":"¥5,280","price":5280,"price_formatted":"¥5,280","price_per_unit":null,"price_per_unit_formatted":""},"is_discounted":false}],"purchase_limit":null,"replenishment":{"message":null},"reviews":{"average_rating":null,"number_of_questions":null,"number_of_reviews":null},"set_components":null,"shade_groups":null,"shades":[{"description":"","hex_val":"#EEC9A3","image":{"height":null,"src":"","width":null},"name":"64 クリーム ベージュ（標準色）","smoosh_design":{"group_id":null,"name":"02::none::none"}}],"sizes":[{"key":1,"value":"9g"}],"skin":{"tone":null,"type":null,"type_description":null},"sku_badge":null,"sku_badge_image":null,"sku_display_order":3,"sku_id":"ZRPN64","sku_promo_messaging":null,"sku_type":"SE","sku_url":null,"tags":{"total":4,"items":[{"id":"1599","key":"ファンデーション","value":"ファンデーション"},{"id":"1659","key":"ボディサンケア","value":"ボディ＆サンケア"},{"id":"17726","key":"base-makeup","value":"Base Makeup"},{"id":"25943","key":"foundation-fy20spring-set-refill","value":"foundation_fy20spring_set_refill"}]},"texture":null,"undertone":null,"unit_of_measure":null,"unit_size":null,"unit_size_formatted":null,"upc":"020714824761","vto":{"is_color_experience":null,"is_foundation_experience":null}}]},"sub_display_name":"ビヨンド パーフェクティング パウダー ファンデーション 30 リフィル","sub_header":null,"tags":{"total":4,"items":[{"id":"1599","key":"ファンデーション","parent_tag_id":"1592","product_display_order":29,"value":"ファンデーション"},{"id":"1659","key":"ボディサンケア","parent_tag_id":null,"product_display_order":0,"value":"ボディ＆サンケア"},{"id":"17726","key":"base-makeup","parent_tag_id":"1592","product_display_order":0,"value":"Base Makeup"},{"id":"25943","key":"foundation-fy20spring-set-refill","parent_tag_id":"1599","product_display_order":5,"value":"foundation_fy20spring_set_refill"}]},"usage":[{"content":"適量を乾いたスポンジにとり、顔全体にのばします。(ドライ使用）※別売りのコンパクトに入れてご使用ください。","label":"PRODUCT USAGE","type":"product_usage"},{"content":null,"label":"HOW DOES IT WORK","type":"how_does_it_work"},{"content":null,"label":"WHO IT IS FOR","type":"who_it_is_for"},{"content":null,"label":"GREAT TO KNOW","type":"great_to_know"},{"content":null,"label":"WHAT_IT_DOES","type":"what_it_does"},{"content":null,"label":"WHAT_IT_IS","type":"what_it_is"}],"objectID":"43836"},{"benefit":{"statement":null,"benefits":null},"brand":null,"collection":null,"coverage":null,"cross_sell":[{"sku_id":"Z4KH01","sort_key":1},{"sku_id":"65EM01","sort_key":2},{"sku_id":null,"sort_key":3}],"default_category":{"id":"1625","key":"スキンケア"},"description":"<P>肌は、想像以上に過酷な環境にさらされている。<br>365日降り注ぐ紫外線、エアコンの乾燥に加えて、ヒゲ剃りによる刺激、過剰な皮脂分泌など男性特有の現象が、肌の渇きを呼ぶ原因に。<br>こんな肌には、スピーディな水分補給が重要。</P><P>MX ハイドレーター ウォーター ジェル コンセントレートは、つけた瞬間肌になじんで、しっかり閉じ込める保湿成分と、カプセル化したスキンケア成分を ダブルで届ける独自のリキッド スフィア テクノロジーを採用。</P><P>潤いを与え、長時間キープし、乾燥などの外的ストレスから肌を守ります。<br>軽くベタつかないテクスチャーで素早く肌になじみ、フレッシュで心地よい状態に肌を整えます。</P>","display_mode":null,"display_name":"MX ハイドレーター ウォーター ジェル コンセントレート","display_status":7,"finish":null,"form":null,"formula_type":null,"fragrance_family":null,"indexable_keywords":null,"is_hazmat":false,"is_product_coming_soon":null,"is_product_displayable":true,"is_product_searchable":true,"is_product_shoppable":true,"is_product_sold_out":null,"is_product_temporarily_out_of_stock":null,"is_search_suppressed":null,"key_ingredient":null,"media":{"large":[{"alt":"MX ハイドレーター ウォーター ジェル コンセントレート","height":1200,"position":0,"src":"/media/export/cms/products/1200x1500/cl_prod_45042_1200x1500_0.png","type":"image","width":1500},{"alt":"MX ハイドレーター ウォーター ジェル コンセントレート","height":1200,"position":1,"src":"/media/export/cms/products/1200x1500/cl_prod_45042_1200x1500_1.png","type":"image","width":1500}],"medium":null,"poster":null,"small":[{"alt":"MX ハイドレーター ウォーター ジェル コンセントレート","height":1200,"position":2,"src":"/media/export/cms/products/1200x1500/cl_prod_45042_1200x1500_0.png","type":"image","width":1500},{"alt":"MX ハイドレーター ウォーター ジェル コンセントレート","height":1200,"position":3,"src":"/media/export/cms/products/1200x1500/cl_prod_45042_1200x1500_1.png","type":"image","width":1500}],"videos":[{"position":null,"poster":{"height":null,"src":null,"width":null},"provider":"YouTube","src":null},{"position":null,"poster":{"height":null,"src":null,"width":null},"provider":"YouTube","src":null},{"position":null,"poster":{"height":null,"src":null,"width":null},"provider":"YouTube","src":null}],"xl":null},"meta":{"description":null,"keywords":null},"parent_category":[{"id":"1625","value":"スキンケア"},{"id":"1609","value":"メンズ"}],"product_badge":null,"product_id":"45042","product_title_tag":null,"product_type":"Other","product_url":"/product/1625/45042/mx--/clinique-for-men-maximum-hydrator-activated-water-gel-concentrate","reviews":{"average_rating":null,"number_of_questions":null,"number_of_reviews":null},"shade_groups":null,"short_description":"潤いを与え、長時間キープし、乾燥などの外的ストレスから肌を守ります。軽くベタつかないテクスチャーで素早く肌になじみ、フレッシュで心地よい状態に肌を整えます。","skin":null,"skin_goal":null,"skus":{"total":1,"items":[{"color_family":null,"coverage_options":null,"cross_sell":null,"display_status":7,"finish":null,"finish_options":null,"fragrances":[{"family":null,"key":null,"value":null}],"iln_listing":"水・グリセリン・ＢＧ・フェニルトリメチコン・プロパンジオール・ヒドロキシエチルウレア・スクロース・トレハロース・パルミチン酸デキストリン・テトラエチルヘキサン酸ペンタエリスリチル・（アクリレーツ／アクリル酸アルキル（Ｃ１０－３０））クロスポリマー・アルゲエキス・ソルビトール・ポリアスパラギン酸Ｎａ・酢酸トコフェロール・カフェイン・水酸化Ｎａ・カルボマー・アセチルグルコサミン・コレステロール・テトラ（ジ－ｔ－ブチルヒドロキシヒドロケイヒ酸）ペンタエリスリチル・オキシベンゾン－４・ＢＨＴ・デヒドロキサンタンガム・ヒアルロン酸Ｎａ・ＥＤＴＡ－２Ｎａ・テトラヘキシルデカン酸アスコルビル・クエン酸Ｎａ・加水分解コメエキス・クエン酸・アルテロモナス発酵エキス・緑２０２・アロエベラ葉水・フェノキシエタノール・クロルフェネシン・ソルビン酸Ｋ<JILN8030>","iln_version_number":"JILN8030","inventory_status":"Active","is_active":true,"is_coming_soon":null,"is_default_sku":true,"is_discountable":true,"is_displayable":null,"is_engravable":null,"is_fragrance":null,"is_giftable":null,"is_giftwrap":false,"is_inactive":null,"is_multi_shaded":null,"is_out_of_stock":null,"is_preorder":false,"is_preorderable":null,"is_promotional":null,"is_replenishable":false,"is_search_suppressed":null,"is_searchable":true,"is_shaded":null,"is_sized":null,"is_sold_out":null,"is_under_weight_hazmat":false,"is_vto_enabled":null,"life_of_product":"Basic Reorder","material_code":"K0CG010000","media":{"large":[{"alt":"MX ハイドレーター ウォーター ジェル コンセントレート","height":1200,"position":0,"src":"/media/export/cms/products/1200x1500/cl_sku_K0CG01_1200x1500_0.png","type":"image","width":1500}],"medium":[{"alt":"MX ハイドレーター ウォーター ジェル コンセントレート","height":600,"position":1,"src":"/media/export/cms/products/600x750/cl_sku_K0CG01_600x750_0.png","type":"image","width":750},{"alt":"MX ハイドレーター ウォーター ジェル コンセントレート","height":600,"position":2,"src":"/media/export/cms/products/600x750/cl_sku_K0CG01_600x750_1.png","type":"image","width":750}],"model":null,"poster":null,"small":[{"alt":"MX ハイドレーター ウォーター ジェル コンセントレート","height":1200,"position":3,"src":"/media/export/cms/products/1200x1500/cl_sku_K0CG01_1200x1500_0.png","type":"image","width":1500}],"smoosh":null,"xl":null},"out_of_stock_threshold":null,"perlgem":{"SKU_BASE_ID":75864},"preorder_date":null,"prices":[{"currency":"JPY","exclude_tax":{"original_price":7000,"original_price_formatted":"¥7,000","price":7000,"price_formatted":"¥7,000","price_per_unit":null,"price_per_unit_formatted":""},"include_tax":{"original_price":7700,"original_price_formatted":"¥7,700","price":7700,"price_formatted":"¥7,700","price_per_unit":null,"price_per_unit_formatted":""},"is_discounted":false}],"purchase_limit":null,"replenishment":{"message":null},"reviews":{"average_rating":null,"number_of_questions":null,"number_of_reviews":null},"set_components":null,"shade_groups":null,"shades":null,"sizes":[{"key":1,"value":"48mL"}],"skin":{"tone":null,"type":null,"type_description":null},"sku_badge":null,"sku_badge_image":null,"sku_display_order":0,"sku_id":"K0CG01","sku_promo_messaging":null,"sku_type":"SE","sku_url":null,"tags":{"total":14,"items":[{"id":"27168","key":"day1flashsale","value":"Day1FlashSale"},{"id":"1614","key":"moisturize","value":"Moisturize"},{"id":"27172","key":"day5flashsale","value":"Day5FlashSale"},{"id":"14758","key":"新製品","value":"新製品"},{"id":"1618","key":"メンズセットギフト","value":"メンズセット＆ギフト"},{"id":"27174","key":"day7flashsale","value":"Day7FlashSale"},{"id":"12950","key":"mens-bestsellers","value":"Men's Bestsellers"},{"id":"1626","key":"moisturize-protect","value":"Moisturize & Protect"},{"id":"1687","key":"乾燥","value":"乾燥"},{"id":"4323","key":"just-arrived","value":"Just Arrived"},{"id":"1625","key":"スキンケア","value":"スキンケア"},{"id":"1609","key":"メンズ","value":"メンズ"},{"id":"17696","key":"gifts-for-him","value":"Gifts for him"},{"id":"1619","key":"セットギフト","value":"セット＆ギフト"}]},"texture":null,"undertone":null,"unit_of_measure":null,"unit_size":null,"unit_size_formatted":null,"upc":"020714860790","vto":{"is_color_experience":null,"is_foundation_experience":null}}]},"sub_display_name":"MX ハイドレーター ウォーター ジェル コンセントレート","sub_header":null,"tags":{"total":14,"items":[{"id":"27168","key":"day1flashsale","parent_tag_id":"1590","product_display_order":0,"value":"Day1FlashSale"},{"id":"1614","key":"moisturize","parent_tag_id":"1610","product_display_order":0,"value":"Moisturize"},{"id":"27172","key":"day5flashsale","parent_tag_id":"1590","product_display_order":180,"value":"Day5FlashSale"},{"id":"14758","key":"新製品","parent_tag_id":null,"product_display_order":7,"value":"新製品"},{"id":"1618","key":"メンズセットギフト","parent_tag_id":"1609","product_display_order":8,"value":"メンズセット＆ギフト"},{"id":"27174","key":"day7flashsale","parent_tag_id":"1590","product_display_order":0,"value":"Day7FlashSale"},{"id":"12950","key":"mens-bestsellers","parent_tag_id":"1609","product_display_order":0,"value":"Men's Bestsellers"},{"id":"1626","key":"moisturize-protect","parent_tag_id":"1625","product_display_order":0,"value":"Moisturize & Protect"},{"id":"1687","key":"乾燥","parent_tag_id":"1667","product_display_order":97,"value":"乾燥"},{"id":"4323","key":"just-arrived","parent_tag_id":null,"product_display_order":0,"value":"Just Arrived"},{"id":"1625","key":"スキンケア","parent_tag_id":"1609","product_display_order":3,"value":"スキンケア"},{"id":"1609","key":"メンズ","parent_tag_id":null,"product_display_order":22,"value":"メンズ"},{"id":"17696","key":"gifts-for-him","parent_tag_id":"1000020","product_display_order":0,"value":"Gifts for him"},{"id":"1619","key":"セットギフト","parent_tag_id":"1618","product_display_order":29,"value":"セット＆ギフト"}]},"usage":[{"content":"朝と夜、洗顔後の清潔な肌に使用します。適量を、顔全体と首になじませてください。","label":"PRODUCT USAGE","type":"product_usage"},{"content":null,"label":"HOW DOES IT WORK","type":"how_does_it_work"},{"content":null,"label":"WHO IT IS FOR","type":"who_it_is_for"},{"content":null,"label":"GREAT TO KNOW","type":"great_to_know"},{"content":null,"label":"WHAT_IT_DOES","type":"what_it_does"},{"content":null,"label":"WHAT_IT_IS","type":"what_it_is"}],"objectID":"45042"},{"benefit":{"statement":null,"benefits":null},"brand":null,"collection":[{"key":"moisture-surge-collection","value":"moisture_surge_collection"}],"coverage":null,"cross_sell":[{"sku_id":"Z4KL01","sort_key":1},{"sku_id":"6KKA01","sort_key":2},{"sku_id":"68NT01","sort_key":3}],"default_category":{"id":"13303","key":"美容液"},"description":"スキンタイプ：すべてのスキンタイプ<br><br>「速攻水分チャージ」のウォータージェル美容液。<br>乾燥などの外的ストレスから肌を守り、長時間潤う肌へ。<br>スキンケア成分配合のカプセルが肌につけた瞬間に液体に変わる、クリニーク独自のリキッド スフィア テクノロジーを採用。<br>ヒアルロン酸とアロエベラ配合＊で、潤いのあるふっくらとした肌へと導きます。<br>＊ヒアルロン酸Na, アロエベラ葉水（保湿成分）<br>クリニーク クリーン フィロソフィー<br>パラベンフリー<br>フタル酸エステル不使用　<br>無香料<br>肌が喜ぶスキンケア","display_mode":null,"display_name":"モイスチャー サージ ハイドレーティング コンセントレート","display_status":7,"finish":null,"form":[{"key":"gel-form","value":"gel_form"},{"key":"watery-form","value":"watery_form"}],"formula_type":null,"fragrance_family":null,"indexable_keywords":null,"is_hazmat":false,"is_product_coming_soon":null,"is_product_displayable":true,"is_product_searchable":true,"is_product_shoppable":true,"is_product_sold_out":null,"is_product_temporarily_out_of_stock":null,"is_search_suppressed":null,"key_ingredient":null,"media":{"large":[{"alt":"モイスチャー サージ ハイドレーティング コンセントレート","height":1200,"position":0,"src":"/media/export/cms/products/1200x1500/cl_prod_45043_1200x1500_0.png","type":"image","width":1500},{"alt":"モイスチャー サージ ハイドレーティング コンセントレート","height":1200,"position":1,"src":"/media/export/cms/products/1200x1500/cl_prod_45043_1200x1500_1.png","type":"image","width":1500}],"medium":null,"poster":null,"small":[{"alt":"モイスチャー サージ ハイドレーティング コンセントレート","height":1200,"position":2,"src":"/media/export/cms/products/1200x1500/cl_prod_45043_1200x1500_0.png","type":"image","width":1500},{"alt":"モイスチャー サージ ハイドレーティング コンセントレート","height":1200,"position":3,"src":"/media/export/cms/products/1200x1500/cl_prod_45043_1200x1500_1.png","type":"image","width":1500}],"videos":[{"position":null,"poster":{"height":null,"src":null,"width":null},"provider":"YouTube","src":null},{"position":null,"poster":{"height":null,"src":null,"width":null},"provider":"YouTube","src":null},{"position":null,"poster":{"height":null,"src":null,"width":null},"provider":"YouTube","src":null}],"xl":null},"meta":{"description":null,"keywords":null},"parent_category":[{"id":"13303","value":"美容液"},{"id":"1667","value":"スキンケア"}],"product_badge":null,"product_id":"45043","product_title_tag":null,"product_type":"Other","product_url":"/product/13303/45043/-/moisture-surgetm-hydrating-supercharged-concentrate","reviews":{"average_rating":null,"number_of_questions":null,"number_of_reviews":null},"shade_groups":null,"short_description":"「速攻水分チャージ」のウォータージェル美容液。<br>乾燥などの外的ストレスから肌を守り、長時間潤う肌へ。","skin":{"concern":[{"key":"dry-concern","value":"dry_concern"}]},"skin_goal":null,"skus":{"total":1,"items":[{"color_family":null,"coverage_options":null,"cross_sell":null,"display_status":7,"finish":null,"finish_options":null,"fragrances":[{"family":null,"key":null,"value":null}],"iln_listing":"水・グリセリン・ＢＧ・フェニルトリメチコン・プロパンジオール・ヒドロキシエチルウレア・スクロース・トレハロース・パルミチン酸デキストリン・テトラエチルヘキサン酸ペンタエリスリチル・（アクリレーツ／アクリル酸アルキル（Ｃ１０－３０））クロスポリマー・アルゲエキス・ソルビトール・ポリアスパラギン酸Ｎａ・酢酸トコフェロール・カフェイン・水酸化Ｎａ・カルボマー・アセチルグルコサミン・コレステロール・テトラ（ジ－ｔ－ブチルヒドロキシヒドロケイヒ酸）ペンタエリスリチル・オキシベンゾン－４・ＢＨＴ・デヒドロキサンタンガム・ヒアルロン酸Ｎａ・ＥＤＴＡ－２Ｎａ・テトラヘキシルデカン酸アスコルビル・クエン酸Ｎａ・加水分解コメエキス・クエン酸・アルテロモナス発酵エキス・アロエベラ葉水・赤５０４・黄４・フェノキシエタノール・クロルフェネシン・ソルビン酸Ｋ<JILN7995>","iln_version_number":"JILN7995","inventory_status":"Active","is_active":true,"is_coming_soon":null,"is_default_sku":true,"is_discountable":true,"is_displayable":null,"is_engravable":null,"is_fragrance":null,"is_giftable":null,"is_giftwrap":false,"is_inactive":null,"is_multi_shaded":null,"is_out_of_stock":null,"is_preorder":false,"is_preorderable":null,"is_promotional":null,"is_replenishable":false,"is_search_suppressed":null,"is_searchable":true,"is_shaded":null,"is_sized":null,"is_sold_out":null,"is_under_weight_hazmat":false,"is_vto_enabled":null,"life_of_product":"Basic Reorder","material_code":"ZY0R010000","media":{"large":[{"alt":"モイスチャー サージ ハイドレーティング コンセントレート","height":1200,"position":0,"src":"/media/export/cms/products/1200x1500/cl_sku_ZY0R01_1200x1500_0.png","type":"image","width":1500}],"medium":[{"alt":"モイスチャー サージ ハイドレーティング コンセントレート","height":600,"position":1,"src":"/media/export/cms/products/600x750/cl_sku_ZY0R01_600x750_0.png","type":"image","width":750},{"alt":"モイスチャー サージ ハイドレーティング コンセントレート","height":600,"position":2,"src":"/media/export/cms/products/600x750/cl_sku_ZY0R01_600x750_1.png","type":"image","width":750}],"model":null,"poster":null,"small":[{"alt":"モイスチャー サージ ハイドレーティング コンセントレート","height":1200,"position":3,"src":"/media/export/cms/products/1200x1500/cl_sku_ZY0R01_1200x1500_0.png","type":"image","width":1500}],"smoosh":null,"xl":null},"out_of_stock_threshold":null,"perlgem":{"SKU_BASE_ID":75865},"preorder_date":null,"prices":[{"currency":"JPY","exclude_tax":{"original_price":7000,"original_price_formatted":"¥7,000","price":7000,"price_formatted":"¥7,000","price_per_unit":null,"price_per_unit_formatted":""},"include_tax":{"original_price":7700,"original_price_formatted":"¥7,700","price":7700,"price_formatted":"¥7,700","price_per_unit":null,"price_per_unit_formatted":""},"is_discounted":false}],"purchase_limit":null,"replenishment":{"message":null},"reviews":{"average_rating":null,"number_of_questions":null,"number_of_reviews":null},"set_components":null,"shade_groups":null,"shades":null,"sizes":[{"key":1,"value":"48mL"}],"skin":{"tone":null,"type":[{"key":"dry-skintype","value":"dry_skintype"},{"key":"combination-skintype","value":"combination_skintype"},{"key":"oily-skintype","value":"oily_skintype"},{"key":"normal-skintype","value":"normal_skintype"}],"type_description":null},"sku_badge":null,"sku_badge_image":null,"sku_display_order":0,"sku_id":"ZY0R01","sku_promo_messaging":null,"sku_type":"SE","sku_url":null,"tags":{"total":11,"items":[{"id":"27168","key":"day1flashsale","value":"Day1FlashSale"},{"id":"8388","key":"hydration","value":"hydration"},{"id":"13303","key":"美容液","value":"美容液"},{"id":"14758","key":"新製品","value":"新製品"},{"id":"13304","key":"スペシャルケア","value":"スペシャルケア"},{"id":"27172","key":"day5flashsale","value":"Day5FlashSale"},{"id":"4034","key":"serums","value":"Serums"},{"id":"1687","key":"乾燥","value":"乾燥"},{"id":"19570","key":"おすすめ製品","value":"おすすめ製品"},{"id":"27174","key":"day7flashsale","value":"Day7FlashSale"},{"id":"14706","key":"スペシャルケア","value":"スペシャルケア"}]},"texture":null,"undertone":null,"unit_of_measure":null,"unit_size":null,"unit_size_formatted":null,"upc":"020714851125","vto":{"is_color_experience":null,"is_foundation_experience":null}}]},"sub_display_name":"モイスチャー サージ ハイドレーティング コンセントレート","sub_header":null,"tags":{"total":11,"items":[{"id":"27168","key":"day1flashsale","parent_tag_id":"1590","product_display_order":0,"value":"Day1FlashSale"},{"id":"8388","key":"hydration","parent_tag_id":"1667","product_display_order":0,"value":"hydration"},{"id":"13303","key":"美容液","parent_tag_id":"1667","product_display_order":4,"value":"美容液"},{"id":"14758","key":"新製品","parent_tag_id":null,"product_display_order":6,"value":"新製品"},{"id":"13304","key":"スペシャルケア","parent_tag_id":"1667","product_display_order":23,"value":"スペシャルケア"},{"id":"27172","key":"day5flashsale","parent_tag_id":"1590","product_display_order":3,"value":"Day5FlashSale"},{"id":"4034","key":"serums","parent_tag_id":"1667","product_display_order":0,"value":"Serums"},{"id":"1687","key":"乾燥","parent_tag_id":"1667","product_display_order":2,"value":"乾燥"},{"id":"19570","key":"おすすめ製品","parent_tag_id":"1000020","product_display_order":96,"value":"おすすめ製品"},{"id":"27174","key":"day7flashsale","parent_tag_id":"1590","product_display_order":0,"value":"Day7FlashSale"},{"id":"14706","key":"スペシャルケア","parent_tag_id":"1667","product_display_order":5,"value":"スペシャルケア"}]},"usage":[{"content":"朝と夜、3ステップ スキンケア（ソープ・ローション・乳液）の後、適量を顔全体になじませてください。","label":"PRODUCT USAGE","type":"product_usage"},{"content":null,"label":"HOW DOES IT WORK","type":"how_does_it_work"},{"content":"すべてのスキンタイプ","label":"WHO IT IS FOR","type":"who_it_is_for"},{"content":null,"label":"GREAT TO KNOW","type":"great_to_know"},{"content":"乾燥などの外的ストレスから肌を守り、長時間潤う肌へ。スキンケア成分配合のカプセルが肌につけた瞬間に液体に変わる、クリニーク独自のリキッド スフィア テクノロジーを採用。 ヒアルロン酸とアロエベラ配合<sup>＊</sup>で、潤いのあるふっくらとした肌へと導きます。<br><small>＊ヒアルロン酸Na, アロエベラ葉水（保湿成分）</small>","label":"WHAT_IT_DOES","type":"what_it_does"},{"content":"ウォータージェル美容液","label":"WHAT_IT_IS","type":"what_it_is"}],"objectID":"45043"},{"benefit":{"statement":null,"benefits":null},"brand":null,"collection":null,"coverage":null,"cross_sell":null,"default_category":{"id":"14706","key":"スペシャルケア"},"description":"ビタミンＣ＊をフレッシュなうちに使い切る「集中ケア」シリーズ。<br>肌のキメを整えて、すべすべでみずみずしい、輝くような肌へと導く美容液。<br>お好きなモイスチャライザーとあわせて、まるで毎日のサプリメントのように。朝と夜、２適程度で潤いのある明るい肌を目指します。<br><br>＊アスコルビン酸：製品の抗酸化剤<br><br>クリニーク クリーン フィロソフィー<br><br>パラベンフリー<br>フタル酸エステル不使用　<br>無香料<br>肌が喜ぶスキンケア","display_mode":null,"display_name":"フレッシュ プレスト C10 デイリー ブースター＜１本入り＞","display_status":7,"finish":null,"form":null,"formula_type":null,"fragrance_family":null,"indexable_keywords":null,"is_hazmat":false,"is_product_coming_soon":null,"is_product_displayable":true,"is_product_searchable":true,"is_product_shoppable":true,"is_product_sold_out":null,"is_product_temporarily_out_of_stock":null,"is_search_suppressed":null,"key_ingredient":null,"media":{"large":[{"alt":"フレッシュ プレスト C10 デイリー ブースター＜１本入り＞","height":1200,"position":0,"src":"/media/export/cms/products/1200x1500/cl_prod_45677_1200x1500_0.png","type":"image","width":1500},{"alt":"フレッシュ プレスト C10 デイリー ブースター＜１本入り＞","height":1200,"position":1,"src":"/media/export/cms/products/1200x1500/cl_prod_45677_1200x1500_1.png","type":"image","width":1500}],"medium":null,"poster":null,"small":[{"alt":"フレッシュ プレスト C10 デイリー ブースター＜１本入り＞","height":1200,"position":2,"src":"/media/export/cms/products/1200x1500/cl_prod_45677_1200x1500_0.png","type":"image","width":1500},{"alt":"フレッシュ プレスト C10 デイリー ブースター＜１本入り＞","height":1200,"position":3,"src":"/media/export/cms/products/1200x1500/cl_prod_45677_1200x1500_1.png","type":"image","width":1500}],"videos":[{"position":null,"poster":{"height":null,"src":null,"width":null},"provider":"YouTube","src":null},{"position":null,"poster":{"height":null,"src":null,"width":null},"provider":"YouTube","src":null},{"position":null,"poster":{"height":null,"src":null,"width":null},"provider":"YouTube","src":null}],"xl":null},"meta":{"description":null,"keywords":null},"parent_category":[{"id":"14706","value":"スペシャルケア"},{"id":"1667","value":"スキンケア"}],"product_badge":null,"product_id":"45677","product_title_tag":null,"product_type":"Other","product_url":"/product/14706/45677/-c10-/clinique-fresh-pressedtm-daily-booster-with-pure-vitamin-c","reviews":{"average_rating":null,"number_of_questions":null,"number_of_reviews":null},"shade_groups":null,"short_description":"ビタミンＣ＊をフレッシュなうちに使い切る「集中ケア」シリーズ。<br>肌のキメを整えて、すべすべでみずみずしい、輝くような肌へと導く美容液。<br>お好きなモイスチャライザーとあわせて、まるで毎日のサプリメントのように。朝と夜、２適程度で潤いのある明るい肌を目指します。<br><small>＊アスコルビン酸：製品の抗酸化剤</small>","skin":null,"skin_goal":null,"skus":{"total":1,"items":[{"color_family":null,"coverage_options":null,"cross_sell":null,"display_status":7,"finish":null,"finish_options":null,"fragrances":[{"family":null,"key":null,"value":null}],"iln_listing":"水・アスコルビン酸・グリセリン・ジメチコン・スクワラン・ＢＧ・ＤＰＧ・アセチルグルコサミン・アルゲエキス・ツクシメナモミエキス・ビスＰＥＧ－１８メチルエーテルジメチルシラン・スクロース・ベタイン・ホエイタンパク（牛乳）・キサンタンガム・ジカプリン酸ＰＧ・クエン酸Ｎａ・ヒマワリ油粕・カフェイン・メタクリル酸アリルクロスポリマー・カルボマー・ポリメタクリル酸グリセリル・トロメタミン・ラミナリアディギタータエキス・アルカリゲネス産生多糖体・ＥＤＴＡ－２Ｎａ・ＰＥＧ－８・ヒアルロン酸Ｎａ・ダイズタンパク・クロミグワ根皮エキス・トウミツエキス・オオムギ種子エキス・カプリリルグリコール・オウゴン根エキス・ポリソルベート２０・アセチルヘキサペプチド－８・キュウリ果実エキス・ブドウ果実エキス・パルミトイルトリペプチド－１・パルミトイルテトラペプチド－７・パルミトイルヘキサペプチド－１２・フェノキシエタノール・サリチル酸・ソルビン酸Ｋ<JILN7683>","iln_version_number":"JILN7683","inventory_status":"Active","is_active":true,"is_coming_soon":null,"is_default_sku":true,"is_discountable":true,"is_displayable":null,"is_engravable":null,"is_fragrance":null,"is_giftable":null,"is_giftwrap":false,"is_inactive":null,"is_multi_shaded":null,"is_out_of_stock":null,"is_preorder":false,"is_preorderable":null,"is_promotional":null,"is_replenishable":false,"is_search_suppressed":null,"is_searchable":true,"is_shaded":null,"is_sized":null,"is_sold_out":null,"is_under_weight_hazmat":false,"is_vto_enabled":null,"life_of_product":"Basic Reorder","material_code":"ZN9G010000","media":{"large":[{"alt":"フレッシュ プレスト C10 デイリー ブースター＜１本入り＞","height":1200,"position":0,"src":"/media/export/cms/products/1200x1500/cl_sku_ZN9G01_1200x1500_0.png","type":"image","width":1500}],"medium":[{"alt":"フレッシュ プレスト C10 デイリー ブースター＜１本入り＞","height":600,"position":1,"src":"/media/export/cms/products/600x750/cl_sku_ZN9G01_600x750_0.png","type":"image","width":750},{"alt":"フレッシュ プレスト C10 デイリー ブースター＜１本入り＞","height":600,"position":2,"src":"/media/export/cms/products/600x750/cl_sku_ZN9G01_600x750_1.png","type":"image","width":750}],"model":null,"poster":null,"small":[{"alt":"フレッシュ プレスト C10 デイリー ブースター＜１本入り＞","height":1200,"position":3,"src":"/media/export/cms/products/1200x1500/cl_sku_ZN9G01_1200x1500_0.png","type":"image","width":1500}],"smoosh":null,"xl":null},"out_of_stock_threshold":null,"perlgem":{"SKU_BASE_ID":76707},"preorder_date":null,"prices":[{"currency":"JPY","exclude_tax":{"original_price":2600,"original_price_formatted":"¥2,600","price":2600,"price_formatted":"¥2,600","price_per_unit":null,"price_per_unit_formatted":""},"include_tax":{"original_price":2860,"original_price_formatted":"¥2,860","price":2860,"price_formatted":"¥2,860","price_per_unit":null,"price_per_unit_formatted":""},"is_discounted":false}],"purchase_limit":null,"replenishment":{"message":null},"reviews":{"average_rating":null,"number_of_questions":null,"number_of_reviews":null},"set_components":null,"shade_groups":null,"shades":null,"sizes":[{"key":1,"value":null}],"skin":{"tone":null,"type":[{"key":"dry-skintype","value":"dry_skintype"},{"key":"combination-skintype","value":"combination_skintype"},{"key":"oily-skintype","value":"oily_skintype"},{"key":"normal-skintype","value":"normal_skintype"}],"type_description":null},"sku_badge":null,"sku_badge_image":null,"sku_display_order":1,"sku_id":"ZN9G01","sku_promo_messaging":null,"sku_type":"SE","sku_url":null,"tags":{"total":6,"items":[{"id":"4034","key":"serums","value":"Serums"},{"id":"4323","key":"just-arrived","value":"Just Arrived"},{"id":"13659","key":"トライアルサイズ","value":"トライアルサイズ"},{"id":"13304","key":"スペシャルケア","value":"スペシャルケア"},{"id":"18919","key":"fresh-pressed","value":"Fresh Pressed"},{"id":"14706","key":"スペシャルケア","value":"スペシャルケア"}]},"texture":null,"undertone":null,"unit_of_measure":null,"unit_size":null,"unit_size_formatted":null,"upc":"020714804473","vto":{"is_color_experience":null,"is_foundation_experience":null}}]},"sub_display_name":"フレッシュ プレスト C10 デイリー ブースター＜１本入り＞","sub_header":null,"tags":{"total":6,"items":[{"id":"4034","key":"serums","parent_tag_id":"1667","product_display_order":0,"value":"Serums"},{"id":"4323","key":"just-arrived","parent_tag_id":null,"product_display_order":0,"value":"Just Arrived"},{"id":"13659","key":"トライアルサイズ","parent_tag_id":"1667","product_display_order":10,"value":"トライアルサイズ"},{"id":"13304","key":"スペシャルケア","parent_tag_id":"1667","product_display_order":21,"value":"スペシャルケア"},{"id":"18919","key":"fresh-pressed","parent_tag_id":"1667","product_display_order":2,"value":"Fresh Pressed"},{"id":"14706","key":"スペシャルケア","parent_tag_id":"1667","product_display_order":12,"value":"スペシャルケア"}]},"usage":[{"content":null,"label":"PRODUCT USAGE","type":"product_usage"},{"content":null,"label":"HOW DOES IT WORK","type":"how_does_it_work"},{"content":"すべてのスキンタイプ","label":"WHO IT IS FOR","type":"who_it_is_for"},{"content":"パラベンフリー、フタル酸エステル不使用、無香料","label":"GREAT TO KNOW","type":"great_to_know"},{"content":"ビタミンＣ<sup>＊</sup>をフレッシュなうちに使い切る「集中ケア」シリーズ。<br>肌のキメを整えて、すべすべでみずみずしい、輝くような肌へと導きます。<br>お好きなモイスチャライザーとあわせて、まるで毎日のサプリメントのように。朝と夜、２適程度で潤いのある明るい肌を目指します。<br><small>＊アスコルビン酸：製品の抗酸化剤</small>","label":"WHAT_IT_DOES","type":"what_it_does"},{"content":"美容液","label":"WHAT_IT_IS","type":"what_it_is"}],"objectID":"45677"},{"benefit":{"statement":null,"benefits":null},"brand":null,"collection":[{"key":"turnaround-collection","value":"turnaround_collection"}],"coverage":null,"cross_sell":[{"sku_id":"6KKA01","sort_key":1},{"sku_id":"K4NE01","sort_key":2},{"sku_id":"K4MT01","sort_key":3}],"default_category":{"id":"13303","key":"美容液"},"description":"ターンオーバーのリズムに着目して開発した角層ケア美容液。乾燥等の環境要因にアプローチし、肌を整えながら、健やかに保ちます。肌表面のキメは整い、なめらかな感触に。見た目にも内側から輝くような印象に導きます。<br>すべてのスキンタイプに。<br><sub>*2016年4月～2017年3月のブランド内売上個数</sub><br><br>","display_mode":null,"display_name":"ターンアラウンド セラム　AR","display_status":7,"finish":null,"form":[{"key":"serum-form","value":"serum_form"}],"formula_type":null,"fragrance_family":null,"indexable_keywords":[{"value":"ターンアラウンド セラム"},{"value":" ターンアラウンド セラム　AR"},{"value":" ターンアラウンド"}],"is_hazmat":false,"is_product_coming_soon":null,"is_product_displayable":true,"is_product_searchable":true,"is_product_shoppable":true,"is_product_sold_out":null,"is_product_temporarily_out_of_stock":null,"is_search_suppressed":null,"key_ingredient":null,"media":{"large":null,"medium":null,"poster":null,"small":null,"videos":[{"position":null,"poster":{"height":null,"src":null,"width":null},"provider":null,"src":null},{"position":null,"poster":{"height":null,"src":null,"width":null},"provider":null,"src":null},{"position":null,"poster":{"height":null,"src":null,"width":null},"provider":null,"src":null}],"xl":null},"meta":{"description":null,"keywords":null},"parent_category":[{"id":"13303","value":"美容液"},{"id":"1667","value":"スキンケア"}],"product_badge":null,"product_id":"46673","product_title_tag":null,"product_type":"Sized","product_url":"/product/13303/46673/-ar/turnaround-accelerated-renewal-serum","reviews":{"average_rating":null,"number_of_questions":null,"number_of_reviews":null},"shade_groups":null,"short_description":"ターンオーバーのリズムに着目して開発した角層ケア美容液。乾燥等の環境要因にアプローチし、肌を整えながら、健やかに保ちます。肌表面のキメは整い、なめらかな感触に。見た目にも内側から輝くような印象に導きます。<br>すべてのスキンタイプに。<br><sub>*2016年4月～2017年3月のブランド内売上個数</sub><br><br><br>","skin":{"concern":[{"key":"dullness-concern","value":"dullness_concern"}]},"skin_goal":null,"skus":{"total":2,"items":[{"color_family":null,"coverage_options":null,"cross_sell":null,"display_status":7,"finish":null,"finish_options":null,"fragrances":[{"family":null,"key":null,"value":null}],"iln_listing":"水・シクロペンタシロキサン・ジメチコン・ポリシリコーン－１１・アセチルグルコサミン・ＰＥＧ－１０ジメチコン・ＢＧ・クエン酸・ポリソルベート２０・（アクリルアミド／アクリロイルジメチルタウリンＮａ）コポリマー・（アクリロイルジメチルタウリンアンモニウム／ＶＰ）コポリマー・グリセリン・イソヘキサデカン・水酸化Ｎａ・酵母エキス・酢酸トコフェロール・カフェイン・コレステロール・酸化チタン・ダイズ種子エキス・スクワラン・カプリリルグリコール・ヒアルロン酸Ｎａ・ポリソルベート８０・ＢＨＴ・グリチルレチン酸・オニサルビアエキス・ＥＤＴＡ－２Ｎａ・ラクトビオン酸・マイカ・フィチン酸・クロミグワ根皮エキス・コムギ胚芽エキス・ヘキシレングリコール・ダイズアミノ酸・オオムギエキス・オウゴン根エキス・バクガ液汁・エチルヘキシルグリセリン・ジアルキル（Ｃ１２－１８）ジモニウムクロリド・カラフトコンブエキス・アセチルカルニチンＨＣｌ・アデノシンリン酸・クレアチン・イタドリ根エキス・ブドウ果実エキス・酸化スズ・オオムギ種子エキス・ヨーロッパグリエキス・コメヌカエキス・サッカロミセス溶解質エキス・シメチコン・フェノキシエタノール・サリチル酸・ソルビン酸Ｋ・安息香酸Ｎａ・クロルフェネシン<JILN7968>","iln_version_number":"JILN7968","inventory_status":"Active","is_active":true,"is_coming_soon":null,"is_default_sku":false,"is_discountable":true,"is_displayable":null,"is_engravable":null,"is_fragrance":null,"is_giftable":null,"is_giftwrap":false,"is_inactive":null,"is_multi_shaded":null,"is_out_of_stock":null,"is_preorder":false,"is_preorderable":null,"is_promotional":null,"is_replenishable":false,"is_search_suppressed":null,"is_searchable":true,"is_shaded":null,"is_sized":null,"is_sold_out":null,"is_under_weight_hazmat":false,"is_vto_enabled":null,"life_of_product":"Basic Reorder","material_code":"K1MK010000","media":{"large":[{"alt":"ターンアラウンド セラム　AR","height":1200,"position":0,"src":"/media/export/cms/products/1200x1500/cl_sku_K1MK01_1200x1500_0.png","type":"image","width":1500}],"medium":[{"alt":"ターンアラウンド セラム　AR","height":600,"position":1,"src":"/media/export/cms/products/600x750/cl_sku_K1MK01_600x750_0.png","type":"image","width":750}],"model":null,"poster":null,"small":[{"alt":"ターンアラウンド セラム　AR","height":1200,"position":2,"src":"/media/export/cms/products/1200x1500/cl_sku_K1MK01_1200x1500_0.png","type":"image","width":1500}],"smoosh":null,"xl":null},"out_of_stock_threshold":null,"perlgem":{"SKU_BASE_ID":77795},"preorder_date":null,"prices":[{"currency":"JPY","exclude_tax":{"original_price":7700,"original_price_formatted":"¥7,700","price":7700,"price_formatted":"¥7,700","price_per_unit":null,"price_per_unit_formatted":""},"include_tax":{"original_price":8470,"original_price_formatted":"¥8,470","price":8470,"price_formatted":"¥8,470","price_per_unit":null,"price_per_unit_formatted":""},"is_discounted":false}],"purchase_limit":null,"replenishment":{"message":null},"reviews":{"average_rating":null,"number_of_questions":null,"number_of_reviews":null},"set_components":null,"shade_groups":null,"shades":null,"sizes":[{"key":1,"value":"50 mL"}],"skin":{"tone":null,"type":null,"type_description":null},"sku_badge":null,"sku_badge_image":null,"sku_display_order":0,"sku_id":"K1MK01","sku_promo_messaging":null,"sku_type":"SE","sku_url":null,"tags":{"total":9,"items":[{"id":"1679","key":"dullness","value":"Dullness"},{"id":"13303","key":"美容液","value":"美容液"},{"id":"1575","key":"ベストセラー","value":"ベストセラー"},{"id":"1680","key":"daily-renewal","value":"Daily Renewal"},{"id":"13051","key":"スキンケア-ベストセラー","value":"スキンケア ベストセラー"},{"id":"14601","key":"シミそばかすくすみ","value":"シミ・そばかす・くすみ"},{"id":"19570","key":"おすすめ製品","value":"おすすめ製品"},{"id":"14758","key":"新製品","value":"新製品"},{"id":"20525","key":"shop-the-movie-02","value":"Shop the Movie 02"}]},"texture":null,"undertone":null,"unit_of_measure":null,"unit_size":null,"unit_size_formatted":null,"upc":"020714871987","vto":{"is_color_experience":null,"is_foundation_experience":null}},{"color_family":null,"coverage_options":null,"cross_sell":null,"display_status":7,"finish":null,"finish_options":null,"fragrances":[{"family":null,"key":null,"value":null}],"iln_listing":"水・シクロペンタシロキサン・ジメチコン・ポリシリコーン－１１・アセチルグルコサミン・ＰＥＧ－１０ジメチコン・ＢＧ・クエン酸・ポリソルベート２０・（アクリルアミド／アクリロイルジメチルタウリンＮａ）コポリマー・（アクリロイルジメチルタウリンアンモニウム／ＶＰ）コポリマー・グリセリン・イソヘキサデカン・水酸化Ｎａ・酵母エキス・酢酸トコフェロール・カフェイン・コレステロール・酸化チタン・ダイズ種子エキス・スクワラン・カプリリルグリコール・ヒアルロン酸Ｎａ・ポリソルベート８０・ＢＨＴ・グリチルレチン酸・オニサルビアエキス・ＥＤＴＡ－２Ｎａ・ラクトビオン酸・マイカ・フィチン酸・クロミグワ根皮エキス・コムギ胚芽エキス・ヘキシレングリコール・ダイズアミノ酸・オオムギエキス・オウゴン根エキス・バクガ液汁・エチルヘキシルグリセリン・ジアルキル（Ｃ１２－１８）ジモニウムクロリド・カラフトコンブエキス・アセチルカルニチンＨＣｌ・アデノシンリン酸・クレアチン・イタドリ根エキス・ブドウ果実エキス・酸化スズ・オオムギ種子エキス・ヨーロッパグリエキス・コメヌカエキス・サッカロミセス溶解質エキス・シメチコン・フェノキシエタノール・サリチル酸・ソルビン酸Ｋ・安息香酸Ｎａ・クロルフェネシン<JILN7968>","iln_version_number":"JILN7968","inventory_status":"Active","is_active":true,"is_coming_soon":null,"is_default_sku":false,"is_discountable":true,"is_displayable":null,"is_engravable":null,"is_fragrance":null,"is_giftable":null,"is_giftwrap":false,"is_inactive":null,"is_multi_shaded":null,"is_out_of_stock":null,"is_preorder":false,"is_preorderable":null,"is_promotional":null,"is_replenishable":false,"is_search_suppressed":null,"is_searchable":true,"is_shaded":null,"is_sized":null,"is_sold_out":null,"is_under_weight_hazmat":false,"is_vto_enabled":null,"life_of_product":"Basic Reorder","material_code":"K1MH010000","media":{"large":[{"alt":"ターンアラウンド セラム　AR","height":1200,"position":0,"src":"/media/export/cms/products/1200x1500/cl_sku_K1MH01_1200x1500_0.png","type":"image","width":1500}],"medium":[{"alt":"ターンアラウンド セラム　AR","height":600,"position":1,"src":"/media/export/cms/products/600x750/cl_sku_K1MH01_600x750_0.png","type":"image","width":750}],"model":null,"poster":null,"small":[{"alt":"ターンアラウンド セラム　AR","height":1200,"position":2,"src":"/media/export/cms/products/1200x1500/cl_sku_K1MH01_1200x1500_0.png","type":"image","width":1500}],"smoosh":null,"xl":null},"out_of_stock_threshold":null,"perlgem":{"SKU_BASE_ID":77796},"preorder_date":null,"prices":[{"currency":"JPY","exclude_tax":{"original_price":5200,"original_price_formatted":"¥5,200","price":5200,"price_formatted":"¥5,200","price_per_unit":null,"price_per_unit_formatted":""},"include_tax":{"original_price":5720,"original_price_formatted":"¥5,720","price":5720,"price_formatted":"¥5,720","price_per_unit":null,"price_per_unit_formatted":""},"is_discounted":false}],"purchase_limit":null,"replenishment":{"message":null},"reviews":{"average_rating":null,"number_of_questions":null,"number_of_reviews":null},"set_components":null,"shade_groups":null,"shades":null,"sizes":[{"key":1,"value":"30 mL"}],"skin":{"tone":null,"type":null,"type_description":null},"sku_badge":null,"sku_badge_image":null,"sku_display_order":0,"sku_id":"K1MH01","sku_promo_messaging":null,"sku_type":"SE","sku_url":null,"tags":{"total":13,"items":[{"id":"27174","key":"day7flashsale","value":"Day7FlashSale"},{"id":"1679","key":"dullness","value":"Dullness"},{"id":"13303","key":"美容液","value":"美容液"},{"id":"27172","key":"day5flashsale","value":"Day5FlashSale"},{"id":"1575","key":"ベストセラー","value":"ベストセラー"},{"id":"1680","key":"daily-renewal","value":"Daily Renewal"},{"id":"13051","key":"スキンケア-ベストセラー","value":"スキンケア ベストセラー"},{"id":"14601","key":"シミそばかすくすみ","value":"シミ・そばかす・くすみ"},{"id":"19570","key":"おすすめ製品","value":"おすすめ製品"},{"id":"14758","key":"新製品","value":"新製品"},{"id":"20525","key":"shop-the-movie-02","value":"Shop the Movie 02"},{"id":"27169","key":"day2flashsale","value":"Day2FlashSale"},{"id":"4034","key":"serums","value":"Serums"}]},"texture":null,"undertone":null,"unit_of_measure":null,"unit_size":null,"unit_size_formatted":null,"upc":"020714871659","vto":{"is_color_experience":null,"is_foundation_experience":null}}]},"sub_display_name":"ターンアラウンド セラム　AR","sub_header":null,"tags":{"total":13,"items":[{"id":"27174","key":"day7flashsale","parent_tag_id":"1590","product_display_order":0,"value":"Day7FlashSale"},{"id":"1679","key":"dullness","parent_tag_id":"1667","product_display_order":0,"value":"Dullness"},{"id":"13303","key":"美容液","parent_tag_id":"1667","product_display_order":3,"value":"美容液"},{"id":"27172","key":"day5flashsale","parent_tag_id":"1590","product_display_order":49,"value":"Day5FlashSale"},{"id":"1575","key":"ベストセラー","parent_tag_id":null,"product_display_order":14,"value":"ベストセラー"},{"id":"1680","key":"daily-renewal","parent_tag_id":"1679","product_display_order":0,"value":"Daily Renewal"},{"id":"13051","key":"スキンケア-ベストセラー","parent_tag_id":"1667","product_display_order":16,"value":"スキンケア ベストセラー"},{"id":"14601","key":"シミそばかすくすみ","parent_tag_id":"1667","product_display_order":1,"value":"シミ・そばかす・くすみ"},{"id":"19570","key":"おすすめ製品","parent_tag_id":"1000020","product_display_order":93,"value":"おすすめ製品"},{"id":"14758","key":"新製品","parent_tag_id":null,"product_display_order":3,"value":"新製品"},{"id":"20525","key":"shop-the-movie-02","parent_tag_id":"1000020","product_display_order":1,"value":"Shop the Movie 02"},{"id":"27169","key":"day2flashsale","parent_tag_id":"1590","product_display_order":0,"value":"Day2FlashSale"},{"id":"4034","key":"serums","parent_tag_id":"1667","product_display_order":0,"value":"Serums"}]},"usage":[{"content":"朝と夜、ソープ・ローションの後、適量を取り、目のまわりを避けて、顔全体と首になじませます。その後、乳液をお使いください。","label":"PRODUCT USAGE","type":"product_usage"},{"content":null,"label":"HOW DOES IT WORK","type":"how_does_it_work"},{"content":null,"label":"WHO IT IS FOR","type":"who_it_is_for"},{"content":null,"label":"GREAT TO KNOW","type":"great_to_know"},{"content":null,"label":"WHAT_IT_DOES","type":"what_it_does"},{"content":null,"label":"WHAT_IT_IS","type":"what_it_is"}],"objectID":"46673"},{"benefit":{"statement":null,"benefits":null},"brand":null,"collection":null,"coverage":null,"cross_sell":[{"sku_id":"6LKG01","sort_key":1},{"sku_id":"6LKH01","sort_key":2},{"sku_id":"7WCP01","sort_key":3},{"sku_id":"7AY401","sort_key":4},{"sku_id":"7F1C01","sort_key":5},{"sku_id":"76WY01","sort_key":6}],"default_category":{"id":"1683","key":"アイ-リップ-ケア"},"description":"ジェルのように軽いアイ クリーム。さらりと肌になじんで目もとに必要な潤いを補給。つけた瞬間、視覚的効果でクマや小ジワ、くすみを目立たなくし、明るい目もとに。アイ メークやコンシーラーのノリも良くします。","display_mode":null,"display_name":"オール アバウト アイ","display_status":7,"finish":null,"form":null,"formula_type":null,"fragrance_family":null,"indexable_keywords":[{"value":"トリートメント"},{"value":"スキンケア"},{"value":"skincare"},{"value":"skin care"},{"value":"潤いケア"},{"value":"モイスチャライザー"},{"value":"保湿"},{"value":"保湿ケア"},{"value":"アイケア"},{"value":"アイクリーム"},{"value":"アイ"},{"value":"乾燥"},{"value":"むくみ"},{"value":"うるおいケア"}],"is_hazmat":true,"is_product_coming_soon":null,"is_product_displayable":true,"is_product_searchable":true,"is_product_shoppable":true,"is_product_sold_out":null,"is_product_temporarily_out_of_stock":null,"is_search_suppressed":null,"key_ingredient":null,"media":{"large":[{"alt":"オール アバウト アイ","height":1200,"position":0,"src":"/media/export/cms/products/1200x1500/cl_prod_4769_1200x1500_0.png","type":"image","width":1500},{"alt":"オール アバウト アイ","height":1200,"position":1,"src":"/media/export/cms/products/1200x1500/cl_prod_4769_1200x1500_1.png","type":"image","width":1500}],"medium":null,"poster":null,"small":[{"alt":"オール アバウト アイ","height":1200,"position":2,"src":"/media/export/cms/products/1200x1500/cl_prod_4769_1200x1500_0.png","type":"image","width":1500},{"alt":"オール アバウト アイ","height":1200,"position":3,"src":"/media/export/cms/products/1200x1500/cl_prod_4769_1200x1500_1.png","type":"image","width":1500}],"videos":[{"position":null,"poster":{"height":null,"src":null,"width":null},"provider":"YouTube","src":null},{"position":null,"poster":{"height":null,"src":null,"width":null},"provider":"YouTube","src":null},{"position":null,"poster":{"height":null,"src":null,"width":null},"provider":"YouTube","src":null}],"xl":null},"meta":{"description":null,"keywords":"eye cream, eye, Dark circles, undereye, refresh, cream, daily eye benefits"},"parent_category":[{"id":"1683","value":"アイ & リップ ケア"},{"id":"1667","value":"スキンケア"}],"product_badge":null,"product_id":"4769","product_title_tag":null,"product_type":"Sized","product_url":"/product/1683/4769/-/all-about-eyes","reviews":{"average_rating":null,"number_of_questions":null,"number_of_reviews":null},"shade_groups":null,"short_description":"ジェルのように軽いアイ クリーム","skin":{"concern":[{"key":"puffiness-concern","value":"puffiness_concern"}]},"skin_goal":null,"skus":{"total":1,"items":[{"color_family":null,"coverage_options":null,"cross_sell":null,"display_status":7,"finish":null,"finish_options":null,"fragrances":[{"family":null,"key":null,"value":null}],"iln_listing":"シクロメチコン・水・パルミチン酸イソステアリル・ポリエチレン・ＢＧ・ポリシリコーン－１１・（エチレン／アクリル酸）コポリマー・シクロペンタシロキサン・セチルジメチコンコポリオール・ワセリン・塩化Ｎａ・ラウリン酸グリセリル・酢酸トコフェロール・スクロース・カフェイン・クオタニウム－１８ベントナイト・ホエイタンパク（牛乳）・チャエキス・グリセリン・ＰＥＧ／ＰＰＧ－１８／１８ジメチコン・ジメチコン・フィトスフィンゴシン・コレステロール・ＥＤＴＡ－２Ｎａ・リン酸アスコルビルＭｇ・オリーブ果汁・リノール酸・ジパルミチン酸ピリドキシン・炭酸プロピレン・オレイン酸・リノレン酸・コムギフスマエキス・酸化鉄・オウゴンエキス・ヤマグワ根皮エキス<JILN4257>","iln_version_number":"JILN4257","inventory_status":"Active","is_active":true,"is_coming_soon":null,"is_default_sku":true,"is_discountable":true,"is_displayable":null,"is_engravable":null,"is_fragrance":null,"is_giftable":null,"is_giftwrap":false,"is_inactive":null,"is_multi_shaded":null,"is_out_of_stock":null,"is_preorder":false,"is_preorderable":null,"is_promotional":null,"is_replenishable":false,"is_search_suppressed":null,"is_searchable":true,"is_shaded":null,"is_sized":null,"is_sold_out":null,"is_under_weight_hazmat":null,"is_vto_enabled":null,"life_of_product":"Basic Reorder","material_code":"61EP010001","media":{"large":[{"alt":"オール アバウト アイ","height":1200,"position":0,"src":"/media/export/cms/products/1200x1500/cl_sku_61EP01_1200x1500_0.png","type":"image","width":1500}],"medium":[{"alt":"オール アバウト アイ","height":600,"position":1,"src":"/media/export/cms/products/600x750/cl_sku_61EP01_600x750_0.png","type":"image","width":750},{"alt":"オール アバウト アイ","height":600,"position":2,"src":"/media/export/cms/products/600x750/cl_sku_61EP01_600x750_1.png","type":"image","width":750}],"model":null,"poster":null,"small":[{"alt":"オール アバウト アイ","height":1200,"position":3,"src":"/media/export/cms/products/1200x1500/cl_sku_61EP01_1200x1500_0.png","type":"image","width":1500}],"smoosh":null,"xl":null},"out_of_stock_threshold":null,"perlgem":{"SKU_BASE_ID":11627},"preorder_date":null,"prices":[{"currency":"JPY","exclude_tax":{"original_price":4500,"original_price_formatted":"¥4,500","price":4500,"price_formatted":"¥4,500","price_per_unit":null,"price_per_unit_formatted":""},"include_tax":{"original_price":4950,"original_price_formatted":"¥4,950","price":4950,"price_formatted":"¥4,950","price_per_unit":null,"price_per_unit_formatted":""},"is_discounted":false}],"purchase_limit":null,"replenishment":{"message":"Recommended Auto-Ship cycle: 6 weeks  Learn more >"},"reviews":{"average_rating":null,"number_of_questions":null,"number_of_reviews":null},"set_components":null,"shade_groups":null,"shades":null,"sizes":[{"key":1,"value":"15mL"}],"skin":{"tone":null,"type":[{"key":"dry-skintype","value":"dry_skintype"},{"key":"combination-skintype","value":"combination_skintype"},{"key":"oily-skintype","value":"oily_skintype"},{"key":"normal-skintype","value":"normal_skintype"}],"type_description":null},"sku_badge":null,"sku_badge_image":null,"sku_display_order":0,"sku_id":"61EP01","sku_promo_messaging":null,"sku_type":"SE","sku_url":null,"tags":{"total":12,"items":[{"id":"13770","key":"gwp","value":"GWP"},{"id":"2752","key":"top-rated-skincare","value":"top rated skincare"},{"id":"1683","key":"アイ-リップ-ケア","value":"アイ & リップ ケア"},{"id":"27172","key":"day5flashsale","value":"Day5FlashSale"},{"id":"14706","key":"スペシャルケア","value":"スペシャルケア"},{"id":"12517","key":"oil-free","value":"Oil-Free"},{"id":"13051","key":"スキンケア-ベストセラー","value":"スキンケア ベストセラー"},{"id":"13304","key":"スペシャルケア","value":"スペシャルケア"},{"id":"27169","key":"day2flashsale","value":"Day2FlashSale"},{"id":"27174","key":"day7flashsale","value":"Day7FlashSale"},{"id":"1687","key":"乾燥","value":"乾燥"},{"id":"1575","key":"ベストセラー","value":"ベストセラー"}]},"texture":null,"undertone":null,"unit_of_measure":null,"unit_size":null,"unit_size_formatted":null,"upc":"020714157760","vto":{"is_color_experience":null,"is_foundation_experience":null}}]},"sub_display_name":"オール アバウト アイ","sub_header":null,"tags":{"total":12,"items":[{"id":"13770","key":"gwp","parent_tag_id":null,"product_display_order":8,"value":"GWP"},{"id":"2752","key":"top-rated-skincare","parent_tag_id":"1667","product_display_order":0,"value":"top rated skincare"},{"id":"1683","key":"アイ-リップ-ケア","parent_tag_id":"1667","product_display_order":18,"value":"アイ & リップ ケア"},{"id":"27172","key":"day5flashsale","parent_tag_id":"1590","product_display_order":98,"value":"Day5FlashSale"},{"id":"14706","key":"スペシャルケア","parent_tag_id":"1667","product_display_order":30,"value":"スペシャルケア"},{"id":"12517","key":"oil-free","parent_tag_id":"1667","product_display_order":28,"value":"Oil-Free"},{"id":"13051","key":"スキンケア-ベストセラー","parent_tag_id":"1667","product_display_order":46,"value":"スキンケア ベストセラー"},{"id":"13304","key":"スペシャルケア","parent_tag_id":"1667","product_display_order":48,"value":"スペシャルケア"},{"id":"27169","key":"day2flashsale","parent_tag_id":"1590","product_display_order":0,"value":"Day2FlashSale"},{"id":"27174","key":"day7flashsale","parent_tag_id":"1590","product_display_order":0,"value":"Day7FlashSale"},{"id":"1687","key":"乾燥","parent_tag_id":"1667","product_display_order":5,"value":"乾燥"},{"id":"1575","key":"ベストセラー","parent_tag_id":null,"product_display_order":68,"value":"ベストセラー"}]},"usage":[{"content":"朝と夜、3ステップ スキンケア（ソープ・ローション・乳液）の後、適量を目のまわりに優しくなじませます。","label":"PRODUCT USAGE","type":"product_usage"},{"content":null,"label":"HOW DOES IT WORK","type":"how_does_it_work"},{"content":"すべてのスキンタイプ","label":"WHO IT IS FOR","type":"who_it_is_for"},{"content":null,"label":"GREAT TO KNOW","type":"great_to_know"},{"content":"さらりと肌になじんで目もとに必要な潤いを補給。つけた瞬間、視覚的効果でクマや小ジワ、くすみを目立たなくし、明るい目もとに。アイ メークやコンシーラーのノリも良くします。","label":"WHAT_IT_DOES","type":"what_it_does"},{"content":"アイ クリーム","label":"WHAT_IT_IS","type":"what_it_is"}],"objectID":"4769"},{"benefit":{"statement":null,"benefits":null},"brand":null,"collection":null,"coverage":null,"cross_sell":[{"sku_id":"75X301","sort_key":1},{"sku_id":"63N210","sort_key":2},{"sku_id":"6MNY64","sort_key":3}],"default_category":{"id":"1604","key":"リップライナー"},"description":"All-day lip liner.<br>口もと美人へ&nbsp; 格上げリップライナー!リップライナーを味方につけて、メーク全体の完成度をグッと高めてみない？<br>クリーミーでなめらかな極細芯だから、理想の唇の輪郭がするする描けて、イメージ思いのまま。<br>あなたがどんな形や厚さの唇でも、 ぷっくり♡立体感のある 魅惑の唇になれます。輪郭づくり以外にも、1日の中でお直し頻度が高めな リップメークの「モチを良くする！」と、<br>コスメ好きの間で評判！特ににじみが目立ちやすい濃いめカラーのリップやグロスを塗る前に、<br>このリップライナーを唇全体にサッとすべらせて塗ると、色が長持ち！その実力を見せつけます。<br>削る必要のない繰り出し式で、いつでも極細芯なのも嬉しい。唇キメて、口もと美人へ格上げ！メーク全体の印象も格段にUPします。<br>","display_mode":null,"display_name":"クイックライナー フォー リップ","display_status":7,"finish":null,"form":null,"formula_type":null,"fragrance_family":null,"indexable_keywords":null,"is_hazmat":false,"is_product_coming_soon":null,"is_product_displayable":true,"is_product_searchable":true,"is_product_shoppable":true,"is_product_sold_out":null,"is_product_temporarily_out_of_stock":null,"is_search_suppressed":null,"key_ingredient":null,"media":{"large":null,"medium":null,"poster":null,"small":null,"videos":[{"position":null,"poster":{"height":null,"src":null,"width":null},"provider":null,"src":null},{"position":null,"poster":{"height":null,"src":null,"width":null},"provider":null,"src":null},{"position":null,"poster":{"height":null,"src":null,"width":null},"provider":null,"src":null}],"xl":null},"meta":{"description":null,"keywords":null},"parent_category":[{"id":"1604","value":"リップライナー"},{"id":"1592","value":"メーク"}],"product_badge":null,"product_id":"4771","product_title_tag":null,"product_type":"Shaded","product_url":"/product/1604/4771/quickliner-for-lips","reviews":{"average_rating":null,"number_of_questions":null,"number_of_reviews":null},"shade_groups":null,"short_description":"All-day lip liner.<br>口もと美人へ&nbsp; 格上げリップライナー!リップライナーを味方につけて、メーク全体の完成度をグッと高めてみない？<br>クリーミーでなめらかな極細芯だから、理想の唇の輪郭がするする描けて、イメージ思いのまま。<br>あなたがどんな形や厚さの唇でも、 ぷっくり♡立体感のある 魅惑の唇になれます。輪郭づくり以外にも、1日の中でお直し頻度が高めな リップメークの「モチを良くする！」と、<br>コスメ好きの間で評判！特ににじみが目立ちやすい濃いめカラーのリップやグロスを塗る前に、<br>このリップライナーを唇全体にサッとすべらせて塗ると、色が長持ち！その実力を見せつけます。<br>削る必要のない繰り出し式で、いつでも極細芯なのも嬉しい。唇キメて、口もと美人へ格上げ！メーク全体の印象も格段にUPします。","skin":null,"skin_goal":null,"skus":{"total":10,"items":[{"color_family":[{"key":"pink-color","value":"pink_color"}],"coverage_options":null,"cross_sell":null,"display_status":7,"finish":[{"key":"matte-finish","value":"matte_finish"}],"finish_options":[{"key":"matte-finish","value":"matte_finish"}],"fragrances":[{"family":null,"key":null,"value":null}],"iln_listing":"シクロペンタシロキサン・合成ミツロウ・コメヌカロウ・ベヘン酸アラキル・ジステアルジモニウムヘクトライト・マイクロクリスタリンワックス・ジメチコノール・トコフェロール・パルミチン酸アスコルビル　＋／－　酸化鉄・酸化チタン・マイカ・赤２０１・赤２０２・ロジン・マンガンバイオレット・硫酸Ｂａ・オキシ塩化ビスマス・青１・赤１０４（１）<JILN8842>","iln_version_number":"JILN8842","inventory_status":"Active","is_active":true,"is_coming_soon":null,"is_default_sku":false,"is_discountable":true,"is_displayable":null,"is_engravable":null,"is_fragrance":null,"is_giftable":null,"is_giftwrap":false,"is_inactive":null,"is_multi_shaded":null,"is_out_of_stock":null,"is_preorder":false,"is_preorderable":null,"is_promotional":null,"is_replenishable":false,"is_search_suppressed":null,"is_searchable":true,"is_shaded":null,"is_sized":null,"is_sold_out":null,"is_under_weight_hazmat":false,"is_vto_enabled":null,"life_of_product":"Basic Reorder","material_code":"61EM010001","media":{"large":[{"alt":"クイックライナー フォー リップ","height":1200,"position":1,"src":"/media/export/cms/products/1200x1500/cl_sku_61EM01_1200x1500_0.png","type":"image","width":1500}],"medium":[{"alt":"クイックライナー フォー リップ","height":600,"position":2,"src":"/media/export/cms/products/600x750/cl_sku_61EM01_600x750_0.png","type":"image","width":750}],"model":null,"poster":null,"small":[{"alt":"クイックライナー フォー リップ","height":1200,"position":3,"src":"/media/export/cms/products/1200x1500/cl_sku_61EM01_1200x1500_0.png","type":"image","width":1500}],"smoosh":[{"alt":"クイックライナー フォー リップ","height":1200,"position":0,"src":"/media/export/cms/products/1200x1500/swatches_v3/53_ns_ng.png","type":"image","width":1500}],"xl":null},"out_of_stock_threshold":null,"perlgem":{"SKU_BASE_ID":11599},"preorder_date":null,"prices":[{"currency":"JPY","exclude_tax":{"original_price":2200,"original_price_formatted":"¥2,200","price":2200,"price_formatted":"¥2,200","price_per_unit":null,"price_per_unit_formatted":""},"include_tax":{"original_price":2420,"original_price_formatted":"¥2,420","price":2420,"price_formatted":"¥2,420","price_per_unit":null,"price_per_unit_formatted":""},"is_discounted":false}],"purchase_limit":null,"replenishment":{"message":null},"reviews":{"average_rating":null,"number_of_questions":null,"number_of_reviews":null},"set_components":null,"shade_groups":null,"shades":[{"description":"","hex_val":"#7e4542","image":{"height":null,"src":"","width":null},"name":"01 リップブラッシュ（オンライン限定色）","smoosh_design":{"group_id":null,"name":"53::none::none"}}],"sizes":[{"key":1,"value":".01 oz."}],"skin":{"tone":null,"type":null,"type_description":null},"sku_badge":null,"sku_badge_image":null,"sku_display_order":0,"sku_id":"61EM01","sku_promo_messaging":null,"sku_type":"SE","sku_url":null,"tags":{"total":2,"items":[{"id":"1592","key":"メーク","value":"メーク"},{"id":"1604","key":"リップライナー","value":"リップライナー"}]},"texture":null,"undertone":null,"unit_of_measure":null,"unit_size":null,"unit_size_formatted":null,"upc":"020714157609","vto":{"is_color_experience":null,"is_foundation_experience":null}},{"color_family":[{"key":"red-color","value":"red_color"}],"coverage_options":null,"cross_sell":null,"display_status":7,"finish":[{"key":"matte-finish","value":"matte_finish"}],"finish_options":[{"key":"matte-finish","value":"matte_finish"}],"fragrances":[{"family":null,"key":null,"value":null}],"iln_listing":"シクロペンタシロキサン・合成ミツロウ・コメヌカロウ・ベヘン酸アラキル・ジステアルジモニウムヘクトライト・マイクロクリスタリンワックス・ジメチコノール・トコフェロール・パルミチン酸アスコルビル　＋／－　酸化鉄・酸化チタン・マイカ・赤２０１・赤２０２・ロジン・マンガンバイオレット・硫酸Ｂａ・オキシ塩化ビスマス・青１・赤１０４（１）<JILN8842>","iln_version_number":"JILN8842","inventory_status":"Active","is_active":true,"is_coming_soon":null,"is_default_sku":false,"is_discountable":true,"is_displayable":null,"is_engravable":null,"is_fragrance":null,"is_giftable":null,"is_giftwrap":false,"is_inactive":null,"is_multi_shaded":null,"is_out_of_stock":null,"is_preorder":false,"is_preorderable":null,"is_promotional":null,"is_replenishable":false,"is_search_suppressed":null,"is_searchable":true,"is_shaded":null,"is_sized":null,"is_sold_out":null,"is_under_weight_hazmat":false,"is_vto_enabled":null,"life_of_product":"Basic Reorder","material_code":"61EM060001","media":{"large":[{"alt":"クイックライナー フォー リップ","height":1200,"position":1,"src":"/media/export/cms/products/1200x1500/cl_sku_61EM06_1200x1500_0.png","type":"image","width":1500}],"medium":[{"alt":"クイックライナー フォー リップ","height":600,"position":2,"src":"/media/export/cms/products/600x750/cl_sku_61EM06_600x750_0.png","type":"image","width":750}],"model":null,"poster":null,"small":[{"alt":"クイックライナー フォー リップ","height":1200,"position":3,"src":"/media/export/cms/products/1200x1500/cl_sku_61EM06_1200x1500_0.png","type":"image","width":1500}],"smoosh":[{"alt":"クイックライナー フォー リップ","height":1200,"position":0,"src":"/media/export/cms/products/1200x1500/swatches_v3/53_ns_ng.png","type":"image","width":1500}],"xl":null},"out_of_stock_threshold":null,"perlgem":{"SKU_BASE_ID":11604},"preorder_date":null,"prices":[{"currency":"JPY","exclude_tax":{"original_price":2200,"original_price_formatted":"¥2,200","price":2200,"price_formatted":"¥2,200","price_per_unit":null,"price_per_unit_formatted":""},"include_tax":{"original_price":2420,"original_price_formatted":"¥2,420","price":2420,"price_formatted":"¥2,420","price_per_unit":null,"price_per_unit_formatted":""},"is_discounted":false}],"purchase_limit":null,"replenishment":{"message":null},"reviews":{"average_rating":null,"number_of_questions":null,"number_of_reviews":null},"set_components":null,"shade_groups":null,"shades":[{"description":"","hex_val":"#5d0810","image":{"height":null,"src":"","width":null},"name":"06 チリ（オンライン限定色）","smoosh_design":{"group_id":null,"name":"53::none::none"}}],"sizes":[{"key":1,"value":".01 oz."}],"skin":{"tone":null,"type":null,"type_description":null},"sku_badge":null,"sku_badge_image":null,"sku_display_order":2,"sku_id":"61EM06","sku_promo_messaging":null,"sku_type":"SE","sku_url":null,"tags":{"total":2,"items":[{"id":"1592","key":"メーク","value":"メーク"},{"id":"1604","key":"リップライナー","value":"リップライナー"}]},"texture":null,"undertone":null,"unit_of_measure":null,"unit_size":null,"unit_size_formatted":null,"upc":"020714157654","vto":{"is_color_experience":null,"is_foundation_experience":null}},{"color_family":[{"key":"violet-color","value":"violet_color"}],"coverage_options":null,"cross_sell":null,"display_status":7,"finish":[{"key":"matte-finish","value":"matte_finish"}],"finish_options":[{"key":"matte-finish","value":"matte_finish"}],"fragrances":[{"family":null,"key":null,"value":null}],"iln_listing":"シクロペンタシロキサン・合成ミツロウ・コメヌカロウ・ベヘン酸アラキル・ジステアルジモニウムヘクトライト・マイクロクリスタリンワックス・ジメチコノール・トコフェロール・パルミチン酸アスコルビル　＋／－　酸化鉄・酸化チタン・マイカ・赤２０１・赤２０２・ロジン・マンガンバイオレット・硫酸Ｂａ・オキシ塩化ビスマス・青１・赤１０４（１）<JILN8842>","iln_version_number":"JILN8842","inventory_status":"Active","is_active":true,"is_coming_soon":null,"is_default_sku":false,"is_discountable":true,"is_displayable":null,"is_engravable":null,"is_fragrance":null,"is_giftable":null,"is_giftwrap":false,"is_inactive":null,"is_multi_shaded":null,"is_out_of_stock":null,"is_preorder":false,"is_preorderable":null,"is_promotional":null,"is_replenishable":false,"is_search_suppressed":null,"is_searchable":true,"is_shaded":null,"is_sized":null,"is_sold_out":null,"is_under_weight_hazmat":false,"is_vto_enabled":null,"life_of_product":"Basic Reorder","material_code":"61EM070001","media":{"large":[{"alt":"クイックライナー フォー リップ","height":1200,"position":1,"src":"/media/export/cms/products/1200x1500/cl_sku_61EM07_1200x1500_0.png","type":"image","width":1500}],"medium":[{"alt":"クイックライナー フォー リップ","height":600,"position":2,"src":"/media/export/cms/products/600x750/cl_sku_61EM07_600x750_0.png","type":"image","width":750}],"model":null,"poster":null,"small":[{"alt":"クイックライナー フォー リップ","height":1200,"position":3,"src":"/media/export/cms/products/1200x1500/cl_sku_61EM07_1200x1500_0.png","type":"image","width":1500}],"smoosh":[{"alt":"クイックライナー フォー リップ","height":1200,"position":0,"src":"/media/export/cms/products/1200x1500/swatches_v3/53_ns_ng.png","type":"image","width":1500}],"xl":null},"out_of_stock_threshold":null,"perlgem":{"SKU_BASE_ID":11605},"preorder_date":null,"prices":[{"currency":"JPY","exclude_tax":{"original_price":2200,"original_price_formatted":"¥2,200","price":2200,"price_formatted":"¥2,200","price_per_unit":null,"price_per_unit_formatted":""},"include_tax":{"original_price":2420,"original_price_formatted":"¥2,420","price":2420,"price_formatted":"¥2,420","price_per_unit":null,"price_per_unit_formatted":""},"is_discounted":false}],"purchase_limit":null,"replenishment":{"message":null},"reviews":{"average_rating":null,"number_of_questions":null,"number_of_reviews":null},"set_components":null,"shade_groups":null,"shades":[{"description":"","hex_val":"#562a41","image":{"height":null,"src":"","width":null},"name":"07 プラミー（オンライン限定色）","smoosh_design":{"group_id":null,"name":"53::none::none"}}],"sizes":[{"key":1,"value":".01 oz."}],"skin":{"tone":null,"type":null,"type_description":null},"sku_badge":null,"sku_badge_image":null,"sku_display_order":3,"sku_id":"61EM07","sku_promo_messaging":null,"sku_type":"SE","sku_url":null,"tags":{"total":2,"items":[{"id":"1592","key":"メーク","value":"メーク"},{"id":"1604","key":"リップライナー","value":"リップライナー"}]},"texture":null,"undertone":null,"unit_of_measure":null,"unit_size":null,"unit_size_formatted":null,"upc":"020714157661","vto":{"is_color_experience":null,"is_foundation_experience":null}},{"color_family":[{"key":"pink-color","value":"pink_color"}],"coverage_options":null,"cross_sell":null,"display_status":7,"finish":[{"key":"matte-finish","value":"matte_finish"}],"finish_options":[{"key":"matte-finish","value":"matte_finish"}],"fragrances":[{"family":null,"key":null,"value":null}],"iln_listing":"シクロペンタシロキサン・合成ミツロウ・コメヌカロウ・ベヘン酸アラキル・ジステアルジモニウムヘクトライト・マイクロクリスタリンワックス・トコフェロール・ジメチコノール・パルミチン酸アスコルビル　＋／－　酸化鉄・酸化チタン・オキシ塩化ビスマス・赤２０２・マイカ・黄５・赤２０１・硫酸Ｂａ・水酸化Ａｌ・黄４・青１<JILN006550>","iln_version_number":"JILN006550","inventory_status":"Active","is_active":true,"is_coming_soon":null,"is_default_sku":false,"is_discountable":true,"is_displayable":null,"is_engravable":null,"is_fragrance":null,"is_giftable":null,"is_giftwrap":false,"is_inactive":null,"is_multi_shaded":null,"is_out_of_stock":null,"is_preorder":false,"is_preorderable":null,"is_promotional":null,"is_replenishable":false,"is_search_suppressed":null,"is_searchable":true,"is_shaded":null,"is_sized":null,"is_sold_out":null,"is_under_weight_hazmat":false,"is_vto_enabled":null,"life_of_product":"Basic Reorder","material_code":"61EM100001","media":{"large":[{"alt":"クイックライナー フォー リップ","height":1200,"position":1,"src":"/media/export/cms/products/1200x1500/cl_sku_61EM10_1200x1500_0.png","type":"image","width":1500}],"medium":[{"alt":"クイックライナー フォー リップ","height":600,"position":2,"src":"/media/export/cms/products/600x750/cl_sku_61EM10_600x750_0.png","type":"image","width":750}],"model":null,"poster":null,"small":[{"alt":"クイックライナー フォー リップ","height":1200,"position":3,"src":"/media/export/cms/products/1200x1500/cl_sku_61EM10_1200x1500_0.png","type":"image","width":1500}],"smoosh":[{"alt":"クイックライナー フォー リップ","height":1200,"position":0,"src":"/media/export/cms/products/1200x1500/swatches_v3/53_ns_ng.png","type":"image","width":1500}],"xl":null},"out_of_stock_threshold":null,"perlgem":{"SKU_BASE_ID":11608},"preorder_date":null,"prices":[{"currency":"JPY","exclude_tax":{"original_price":2200,"original_price_formatted":"¥2,200","price":2200,"price_formatted":"¥2,200","price_per_unit":null,"price_per_unit_formatted":""},"include_tax":{"original_price":2420,"original_price_formatted":"¥2,420","price":2420,"price_formatted":"¥2,420","price_per_unit":null,"price_per_unit_formatted":""},"is_discounted":false}],"purchase_limit":null,"replenishment":{"message":null},"reviews":{"average_rating":null,"number_of_questions":null,"number_of_reviews":null},"set_components":null,"shade_groups":null,"shades":[{"description":"","hex_val":"#b7706b","image":{"height":null,"src":"","width":null},"name":"10 ベイビー バフ","smoosh_design":{"group_id":null,"name":"53::none::none"}}],"sizes":[{"key":1,"value":"0.3g"}],"skin":{"tone":null,"type":null,"type_description":null},"sku_badge":null,"sku_badge_image":null,"sku_display_order":5,"sku_id":"61EM10","sku_promo_messaging":null,"sku_type":"SE","sku_url":null,"tags":{"total":1,"items":[{"id":"1604","key":"リップライナー","value":"リップライナー"}]},"texture":null,"undertone":null,"unit_of_measure":null,"unit_size":null,"unit_size_formatted":null,"upc":"020714163884","vto":{"is_color_experience":null,"is_foundation_experience":null}},{"color_family":[{"key":"pink-color","value":"pink_color"}],"coverage_options":null,"cross_sell":null,"display_status":7,"finish":[{"key":"matte-finish","value":"matte_finish"}],"finish_options":[{"key":"matte-finish","value":"matte_finish"}],"fragrances":[{"family":null,"key":null,"value":null}],"iln_listing":"シクロペンタシロキサン・合成ミツロウ・コメヌカロウ・ベヘン酸アラキル・ジステアルジモニウムヘクトライト・マイクロクリスタリンワックス・トコフェロール・ジメチコノール・パルミチン酸アスコルビル　＋／－　酸化鉄・酸化チタン・オキシ塩化ビスマス・赤２０２・マイカ・黄５・赤２０１・硫酸Ｂａ・水酸化Ａｌ・黄４・青１<JILN006550>","iln_version_number":"JILN006550","inventory_status":"Active","is_active":true,"is_coming_soon":null,"is_default_sku":false,"is_discountable":true,"is_displayable":null,"is_engravable":null,"is_fragrance":null,"is_giftable":null,"is_giftwrap":false,"is_inactive":null,"is_multi_shaded":null,"is_out_of_stock":null,"is_preorder":false,"is_preorderable":null,"is_promotional":null,"is_replenishable":false,"is_search_suppressed":null,"is_searchable":true,"is_shaded":null,"is_sized":null,"is_sold_out":null,"is_under_weight_hazmat":false,"is_vto_enabled":null,"life_of_product":"Basic Reorder","material_code":"61EM280001","media":{"large":[{"alt":"クイックライナー フォー リップ","height":1200,"position":1,"src":"/media/export/cms/products/1200x1500/cl_sku_61EM28_1200x1500_0.png","type":"image","width":1500}],"medium":[{"alt":"クイックライナー フォー リップ","height":600,"position":2,"src":"/media/export/cms/products/600x750/cl_sku_61EM28_600x750_0.png","type":"image","width":750}],"model":null,"poster":null,"small":[{"alt":"クイックライナー フォー リップ","height":1200,"position":3,"src":"/media/export/cms/products/1200x1500/cl_sku_61EM28_1200x1500_0.png","type":"image","width":1500}],"smoosh":[{"alt":"クイックライナー フォー リップ","height":1200,"position":0,"src":"/media/export/cms/products/1200x1500/swatches_v3/53_ns_ng.png","type":"image","width":1500}],"xl":null},"out_of_stock_threshold":null,"perlgem":{"SKU_BASE_ID":11614},"preorder_date":null,"prices":[{"currency":"JPY","exclude_tax":{"original_price":2200,"original_price_formatted":"¥2,200","price":2200,"price_formatted":"¥2,200","price_per_unit":null,"price_per_unit_formatted":""},"include_tax":{"original_price":2420,"original_price_formatted":"¥2,420","price":2420,"price_formatted":"¥2,420","price_per_unit":null,"price_per_unit_formatted":""},"is_discounted":false}],"purchase_limit":null,"replenishment":{"message":null},"reviews":{"average_rating":null,"number_of_questions":null,"number_of_reviews":null},"set_components":null,"shade_groups":null,"shades":[{"description":"","hex_val":"#7f343b","image":{"height":null,"src":"","width":null},"name":"28 ココア ローズ","smoosh_design":{"group_id":null,"name":"53::none::none"}}],"sizes":[{"key":1,"value":"0.3g"}],"skin":{"tone":null,"type":null,"type_description":null},"sku_badge":null,"sku_badge_image":null,"sku_display_order":8,"sku_id":"61EM28","sku_promo_messaging":null,"sku_type":"SE","sku_url":null,"tags":{"total":1,"items":[{"id":"1604","key":"リップライナー","value":"リップライナー"}]},"texture":null,"undertone":null,"unit_of_measure":null,"unit_size":null,"unit_size_formatted":null,"upc":"020714113810","vto":{"is_color_experience":null,"is_foundation_experience":null}},{"color_family":[{"key":"violet-color","value":"violet_color"}],"coverage_options":null,"cross_sell":null,"display_status":7,"finish":[{"key":"matte-finish","value":"matte_finish"}],"finish_options":[{"key":"matte-finish","value":"matte_finish"}],"fragrances":[{"family":null,"key":null,"value":null}],"iln_listing":"シクロペンタシロキサン・合成ミツロウ・コメヌカロウ・ジステアルジモニウムヘクトライト・ベヘン酸アラキル・マイクロクリスタリンワックス・トコフェロール・パルミチン酸アスコルビル・ジメチコノール　＋／－　酸化チタン・酸化鉄・マイカ・硫酸Ｂａ・赤２０２・青１<JILN006551>","iln_version_number":"JILN006551","inventory_status":"Active","is_active":true,"is_coming_soon":null,"is_default_sku":false,"is_discountable":true,"is_displayable":null,"is_engravable":null,"is_fragrance":null,"is_giftable":null,"is_giftwrap":false,"is_inactive":null,"is_multi_shaded":null,"is_out_of_stock":null,"is_preorder":false,"is_preorderable":null,"is_promotional":null,"is_replenishable":false,"is_search_suppressed":null,"is_searchable":true,"is_shaded":null,"is_sized":null,"is_sold_out":null,"is_under_weight_hazmat":false,"is_vto_enabled":null,"life_of_product":"Basic Reorder","material_code":"61EM290001","media":{"large":[{"alt":"クイックライナー フォー リップ","height":1200,"position":1,"src":"/media/export/cms/products/1200x1500/cl_sku_61EM29_1200x1500_0.png","type":"image","width":1500}],"medium":[{"alt":"クイックライナー フォー リップ","height":600,"position":2,"src":"/media/export/cms/products/600x750/cl_sku_61EM29_600x750_0.png","type":"image","width":750}],"model":null,"poster":null,"small":[{"alt":"クイックライナー フォー リップ","height":1200,"position":3,"src":"/media/export/cms/products/1200x1500/cl_sku_61EM29_1200x1500_0.png","type":"image","width":1500}],"smoosh":[{"alt":"クイックライナー フォー リップ","height":1200,"position":0,"src":"/media/export/cms/products/1200x1500/swatches_v3/53_ns_ng.png","type":"image","width":1500}],"xl":null},"out_of_stock_threshold":null,"perlgem":{"SKU_BASE_ID":11615},"preorder_date":null,"prices":[{"currency":"JPY","exclude_tax":{"original_price":2200,"original_price_formatted":"¥2,200","price":2200,"price_formatted":"¥2,200","price_per_unit":null,"price_per_unit_formatted":""},"include_tax":{"original_price":2420,"original_price_formatted":"¥2,420","price":2420,"price_formatted":"¥2,420","price_per_unit":null,"price_per_unit_formatted":""},"is_discounted":false}],"purchase_limit":null,"replenishment":{"message":null},"reviews":{"average_rating":null,"number_of_questions":null,"number_of_reviews":null},"set_components":null,"shade_groups":null,"shades":[{"description":"","hex_val":"#b05087","image":{"height":null,"src":"","width":null},"name":"29 スカイ バイオレット","smoosh_design":{"group_id":null,"name":"53::none::none"}}],"sizes":[{"key":1,"value":"0.3g"}],"skin":{"tone":null,"type":null,"type_description":null},"sku_badge":null,"sku_badge_image":null,"sku_display_order":9,"sku_id":"61EM29","sku_promo_messaging":null,"sku_type":"SE","sku_url":null,"tags":{"total":1,"items":[{"id":"1604","key":"リップライナー","value":"リップライナー"}]},"texture":null,"undertone":null,"unit_of_measure":null,"unit_size":null,"unit_size_formatted":null,"upc":"020714113827","vto":{"is_color_experience":null,"is_foundation_experience":null}},{"color_family":[{"key":"pink-color","value":"pink_color"}],"coverage_options":null,"cross_sell":null,"display_status":7,"finish":[{"key":"matte-finish","value":"matte_finish"}],"finish_options":[{"key":"matte-finish","value":"matte_finish"}],"fragrances":[{"family":null,"key":null,"value":null}],"iln_listing":"シクロペンタシロキサン・合成ミツロウ・コメヌカロウ・ジステアルジモニウムヘクトライト・ベヘン酸アラキル・マイクロクリスタリンワックス・トコフェロール・パルミチン酸アスコルビル・ジメチコノール　＋／－　酸化鉄・酸化チタン・マイカ・赤２０２・ロジン・硫酸Ｂａ<JILN8843>","iln_version_number":"JILN8843","inventory_status":"Active","is_active":true,"is_coming_soon":null,"is_default_sku":false,"is_discountable":true,"is_displayable":null,"is_engravable":null,"is_fragrance":null,"is_giftable":null,"is_giftwrap":false,"is_inactive":null,"is_multi_shaded":null,"is_out_of_stock":null,"is_preorder":false,"is_preorderable":null,"is_promotional":null,"is_replenishable":false,"is_search_suppressed":null,"is_searchable":true,"is_shaded":null,"is_sized":null,"is_sold_out":null,"is_under_weight_hazmat":false,"is_vto_enabled":null,"life_of_product":"Basic Reorder","material_code":"61EM330001","media":{"large":[{"alt":"クイックライナー フォー リップ","height":1200,"position":1,"src":"/media/export/cms/products/1200x1500/cl_sku_61EM33_1200x1500_0.png","type":"image","width":1500}],"medium":[{"alt":"クイックライナー フォー リップ","height":600,"position":2,"src":"/media/export/cms/products/600x750/cl_sku_61EM33_600x750_0.png","type":"image","width":750}],"model":null,"poster":null,"small":[{"alt":"クイックライナー フォー リップ","height":1200,"position":3,"src":"/media/export/cms/products/1200x1500/cl_sku_61EM33_1200x1500_0.png","type":"image","width":1500}],"smoosh":[{"alt":"クイックライナー フォー リップ","height":1200,"position":0,"src":"/media/export/cms/products/1200x1500/swatches_v3/53_ns_ng.png","type":"image","width":1500}],"xl":null},"out_of_stock_threshold":null,"perlgem":{"SKU_BASE_ID":11617},"preorder_date":null,"prices":[{"currency":"JPY","exclude_tax":{"original_price":2200,"original_price_formatted":"¥2,200","price":2200,"price_formatted":"¥2,200","price_per_unit":null,"price_per_unit_formatted":""},"include_tax":{"original_price":2420,"original_price_formatted":"¥2,420","price":2420,"price_formatted":"¥2,420","price_per_unit":null,"price_per_unit_formatted":""},"is_discounted":false}],"purchase_limit":null,"replenishment":{"message":null},"reviews":{"average_rating":null,"number_of_questions":null,"number_of_reviews":null},"set_components":null,"shade_groups":null,"shades":[{"description":"","hex_val":"#934252","image":{"height":null,"src":"","width":null},"name":"33 バンブー（オンライン限定色）","smoosh_design":{"group_id":null,"name":"53::none::none"}}],"sizes":[{"key":1,"value":".01 oz."}],"skin":{"tone":null,"type":null,"type_description":null},"sku_badge":null,"sku_badge_image":null,"sku_display_order":10,"sku_id":"61EM33","sku_promo_messaging":null,"sku_type":"SE","sku_url":null,"tags":{"total":2,"items":[{"id":"1592","key":"メーク","value":"メーク"},{"id":"1604","key":"リップライナー","value":"リップライナー"}]},"texture":null,"undertone":null,"unit_of_measure":null,"unit_size":null,"unit_size_formatted":null,"upc":"020714118839","vto":{"is_color_experience":null,"is_foundation_experience":null}},{"color_family":[{"key":"pink-color","value":"pink_color"}],"coverage_options":null,"cross_sell":null,"display_status":7,"finish":[{"key":"matte-finish","value":"matte_finish"}],"finish_options":[{"key":"matte-finish","value":"matte_finish"}],"fragrances":[{"family":null,"key":null,"value":null}],"iln_listing":"シクロペンタシロキサン・合成ミツロウ・コメヌカロウ・ベヘン酸アラキル・ジステアルジモニウムヘクトライト・マイクロクリスタリンワックス・ジメチコノール・トコフェロール・パルミチン酸アスコルビル　＋／－　酸化鉄・酸化チタン・マイカ・赤２０１・赤２０２・ロジン・マンガンバイオレット・硫酸Ｂａ・オキシ塩化ビスマス・青１・赤１０４（１）<JILN8842>","iln_version_number":"JILN8842","inventory_status":"Active","is_active":true,"is_coming_soon":null,"is_default_sku":false,"is_discountable":true,"is_displayable":null,"is_engravable":null,"is_fragrance":null,"is_giftable":null,"is_giftwrap":false,"is_inactive":null,"is_multi_shaded":null,"is_out_of_stock":null,"is_preorder":false,"is_preorderable":null,"is_promotional":null,"is_replenishable":false,"is_search_suppressed":null,"is_searchable":true,"is_shaded":null,"is_sized":null,"is_sold_out":null,"is_under_weight_hazmat":false,"is_vto_enabled":null,"life_of_product":"Basic Reorder","material_code":"61EM360001","media":{"large":[{"alt":"クイックライナー フォー リップ","height":1200,"position":1,"src":"/media/export/cms/products/1200x1500/cl_sku_61EM36_1200x1500_0.png","type":"image","width":1500}],"medium":[{"alt":"クイックライナー フォー リップ","height":600,"position":2,"src":"/media/export/cms/products/600x750/cl_sku_61EM36_600x750_0.png","type":"image","width":750}],"model":null,"poster":null,"small":[{"alt":"クイックライナー フォー リップ","height":1200,"position":3,"src":"/media/export/cms/products/1200x1500/cl_sku_61EM36_1200x1500_0.png","type":"image","width":1500}],"smoosh":[{"alt":"クイックライナー フォー リップ","height":1200,"position":0,"src":"/media/export/cms/products/1200x1500/swatches_v3/53_ns_ng.png","type":"image","width":1500}],"xl":null},"out_of_stock_threshold":null,"perlgem":{"SKU_BASE_ID":11620},"preorder_date":null,"prices":[{"currency":"JPY","exclude_tax":{"original_price":2200,"original_price_formatted":"¥2,200","price":2200,"price_formatted":"¥2,200","price_per_unit":null,"price_per_unit_formatted":""},"include_tax":{"original_price":2420,"original_price_formatted":"¥2,420","price":2420,"price_formatted":"¥2,420","price_per_unit":null,"price_per_unit_formatted":""},"is_discounted":false}],"purchase_limit":null,"replenishment":{"message":null},"reviews":{"average_rating":null,"number_of_questions":null,"number_of_reviews":null},"set_components":null,"shade_groups":null,"shades":[{"description":"","hex_val":"#c76378","image":{"height":null,"src":"","width":null},"name":"36 ソフト ローズ","smoosh_design":{"group_id":null,"name":"53::none::none"}}],"sizes":[{"key":1,"value":".01 oz."}],"skin":{"tone":null,"type":null,"type_description":null},"sku_badge":null,"sku_badge_image":null,"sku_display_order":11,"sku_id":"61EM36","sku_promo_messaging":null,"sku_type":"SE","sku_url":null,"tags":{"total":2,"items":[{"id":"1592","key":"メーク","value":"メーク"},{"id":"1604","key":"リップライナー","value":"リップライナー"}]},"texture":null,"undertone":null,"unit_of_measure":null,"unit_size":null,"unit_size_formatted":null,"upc":"020714121853","vto":{"is_color_experience":null,"is_foundation_experience":null}},{"color_family":[{"key":"nude-color","value":"nude_color"}],"coverage_options":null,"cross_sell":null,"display_status":7,"finish":[{"key":"matte-finish","value":"matte_finish"}],"finish_options":[{"key":"matte-finish","value":"matte_finish"}],"fragrances":[{"family":null,"key":null,"value":null}],"iln_listing":"シクロペンタシロキサン・合成ミツロウ・コメヌカロウ・ベヘン酸アラキル・ジステアルジモニウムヘクトライト・マイクロクリスタリンワックス・トコフェロール・ジメチコノール・パルミチン酸アスコルビル　＋／－　酸化鉄・酸化チタン・オキシ塩化ビスマス・赤２０２・マイカ・黄５・赤２０１・硫酸Ｂａ・水酸化Ａｌ・黄４・青１<JILN006550>","iln_version_number":"JILN006550","inventory_status":"Active","is_active":true,"is_coming_soon":null,"is_default_sku":false,"is_discountable":true,"is_displayable":null,"is_engravable":null,"is_fragrance":null,"is_giftable":null,"is_giftwrap":false,"is_inactive":null,"is_multi_shaded":null,"is_out_of_stock":null,"is_preorder":false,"is_preorderable":null,"is_promotional":null,"is_replenishable":false,"is_search_suppressed":null,"is_searchable":true,"is_shaded":null,"is_sized":null,"is_sold_out":null,"is_under_weight_hazmat":false,"is_vto_enabled":null,"life_of_product":"Basic Reorder","material_code":"61EM400001","media":{"large":[{"alt":"クイックライナー フォー リップ","height":1200,"position":1,"src":"/media/export/cms/products/1200x1500/cl_sku_61EM40_1200x1500_0.png","type":"image","width":1500}],"medium":[{"alt":"クイックライナー フォー リップ","height":600,"position":2,"src":"/media/export/cms/products/600x750/cl_sku_61EM40_600x750_0.png","type":"image","width":750}],"model":null,"poster":null,"small":[{"alt":"クイックライナー フォー リップ","height":1200,"position":3,"src":"/media/export/cms/products/1200x1500/cl_sku_61EM40_1200x1500_0.png","type":"image","width":1500}],"smoosh":[{"alt":"クイックライナー フォー リップ","height":1200,"position":0,"src":"/media/export/cms/products/1200x1500/swatches_v3/53_ns_ng.png","type":"image","width":1500}],"xl":null},"out_of_stock_threshold":null,"perlgem":{"SKU_BASE_ID":11624},"preorder_date":null,"prices":[{"currency":"JPY","exclude_tax":{"original_price":2200,"original_price_formatted":"¥2,200","price":2200,"price_formatted":"¥2,200","price_per_unit":null,"price_per_unit_formatted":""},"include_tax":{"original_price":2420,"original_price_formatted":"¥2,420","price":2420,"price_formatted":"¥2,420","price_per_unit":null,"price_per_unit_formatted":""},"is_discounted":false}],"purchase_limit":null,"replenishment":{"message":null},"reviews":{"average_rating":null,"number_of_questions":null,"number_of_reviews":null},"set_components":null,"shade_groups":null,"shades":[{"description":"","hex_val":"#9b4f46","image":{"height":null,"src":"","width":null},"name":"40 ニュートラリー","smoosh_design":{"group_id":null,"name":"53::none::none"}}],"sizes":[{"key":1,"value":"0.3g"}],"skin":{"tone":null,"type":null,"type_description":null},"sku_badge":null,"sku_badge_image":null,"sku_display_order":13,"sku_id":"61EM40","sku_promo_messaging":null,"sku_type":"SE","sku_url":null,"tags":{"total":1,"items":[{"id":"1604","key":"リップライナー","value":"リップライナー"}]},"texture":null,"undertone":null,"unit_of_measure":null,"unit_size":null,"unit_size_formatted":null,"upc":"020714121891","vto":{"is_color_experience":null,"is_foundation_experience":null}},{"color_family":[{"key":"nude-color","value":"nude_color"}],"coverage_options":null,"cross_sell":null,"display_status":7,"finish":[{"key":"matte-finish","value":"matte_finish"}],"finish_options":[{"key":"matte-finish","value":"matte_finish"}],"fragrances":[{"family":null,"key":null,"value":null}],"iln_listing":"シクロペンタシロキサン・合成ミツロウ・コメヌカロウ・ベヘン酸アラキル・ジステアルジモニウムヘクトライト・マイクロクリスタリンワックス・ジメチコノール・トコフェロール・パルミチン酸アスコルビル　＋／－　酸化鉄・酸化チタン・マイカ・赤２０１・赤２０２・ロジン・マンガンバイオレット・硫酸Ｂａ・オキシ塩化ビスマス・青１・赤１０４（１）<JILN8842>","iln_version_number":"JILN8842","inventory_status":"Active","is_active":true,"is_coming_soon":null,"is_default_sku":false,"is_discountable":true,"is_displayable":null,"is_engravable":null,"is_fragrance":null,"is_giftable":null,"is_giftwrap":false,"is_inactive":null,"is_multi_shaded":null,"is_out_of_stock":null,"is_preorder":false,"is_preorderable":null,"is_promotional":null,"is_replenishable":false,"is_search_suppressed":null,"is_searchable":true,"is_shaded":null,"is_sized":null,"is_sold_out":null,"is_under_weight_hazmat":false,"is_vto_enabled":null,"life_of_product":"Basic Reorder","material_code":"61EM450000","media":{"large":[{"alt":"クイックライナー フォー リップ","height":1200,"position":1,"src":"/media/export/cms/products/1200x1500/cl_sku_61EM45_1200x1500_0.png","type":"image","width":1500}],"medium":[{"alt":"クイックライナー フォー リップ","height":600,"position":2,"src":"/media/export/cms/products/600x750/cl_sku_61EM45_600x750_0.png","type":"image","width":750}],"model":null,"poster":null,"small":[{"alt":"クイックライナー フォー リップ","height":1200,"position":3,"src":"/media/export/cms/products/1200x1500/cl_sku_61EM45_1200x1500_0.png","type":"image","width":1500}],"smoosh":[{"alt":"クイックライナー フォー リップ","height":1200,"position":0,"src":"/media/export/cms/products/1200x1500/swatches_v3/53_ns_ng.png","type":"image","width":1500}],"xl":null},"out_of_stock_threshold":null,"perlgem":{"SKU_BASE_ID":93742},"preorder_date":null,"prices":[{"currency":"JPY","exclude_tax":{"original_price":2200,"original_price_formatted":"¥2,200","price":2200,"price_formatted":"¥2,200","price_per_unit":null,"price_per_unit_formatted":""},"include_tax":{"original_price":2420,"original_price_formatted":"¥2,420","price":2420,"price_formatted":"¥2,420","price_per_unit":null,"price_per_unit_formatted":""},"is_discounted":false}],"purchase_limit":null,"replenishment":{"message":null},"reviews":{"average_rating":null,"number_of_questions":null,"number_of_reviews":null},"set_components":null,"shade_groups":null,"shades":[{"description":"","hex_val":"#8E5650","image":{"height":null,"src":"","width":null},"name":"45 ナッティ","smoosh_design":{"group_id":null,"name":"53::none::none"}}],"sizes":[{"key":1,"value":".01 oz."}],"skin":{"tone":null,"type":null,"type_description":null},"sku_badge":null,"sku_badge_image":null,"sku_display_order":14,"sku_id":"61EM45","sku_promo_messaging":null,"sku_type":"SE","sku_url":null,"tags":{"total":5,"items":[{"id":"27171","key":"day4flashsale","value":"Day4FlashSale"},{"id":"27172","key":"day5flashsale","value":"Day5FlashSale"},{"id":"1592","key":"メーク","value":"メーク"},{"id":"1604","key":"リップライナー","value":"リップライナー"},{"id":"1575","key":"ベストセラー","value":"ベストセラー"}]},"texture":null,"undertone":null,"unit_of_measure":null,"unit_size":null,"unit_size_formatted":null,"upc":"020714959098","vto":{"is_color_experience":null,"is_foundation_experience":null}}]},"sub_display_name":"クイックライナー フォー リップ","sub_header":null,"tags":{"total":6,"items":[{"id":"27171","key":"day4flashsale","parent_tag_id":"1590","product_display_order":47,"value":"Day4FlashSale"},{"id":"27172","key":"day5flashsale","parent_tag_id":"1590","product_display_order":0,"value":"Day5FlashSale"},{"id":"1592","key":"メーク","parent_tag_id":null,"product_display_order":1,"value":"メーク"},{"id":"1604","key":"リップライナー","parent_tag_id":"1592","product_display_order":1,"value":"リップライナー"},{"id":"1575","key":"ベストセラー","parent_tag_id":null,"product_display_order":74,"value":"ベストセラー"},{"id":"27174","key":"day7flashsale","parent_tag_id":"1590","product_display_order":0,"value":"Day7FlashSale"}]},"usage":[{"content":null,"label":"PRODUCT USAGE","type":"product_usage"},{"content":null,"label":"HOW DOES IT WORK","type":"how_does_it_work"},{"content":null,"label":"WHO IT IS FOR","type":"who_it_is_for"},{"content":null,"label":"GREAT TO KNOW","type":"great_to_know"},{"content":null,"label":"WHAT_IT_DOES","type":"what_it_does"},{"content":null,"label":"WHAT_IT_IS","type":"what_it_is"}],"objectID":"4771"},{"benefit":{"statement":null,"benefits":null},"brand":null,"collection":null,"coverage":null,"cross_sell":[{"sku_id":"6KKC01","sort_key":1},{"sku_id":"76WY01","sort_key":2},{"sku_id":"6EM601","sort_key":3},{"sku_id":null,"sort_key":4},{"sku_id":"7F1C01","sort_key":5},{"sku_id":"6EM701","sort_key":6}],"default_category":{"id":"1673","key":"クレンジング洗顔"},"description":"汗や皮脂の汚れをきちんと落としながら、必要な潤いまで奪わない、肌に優しい固形ソープ。<br>エクストラ マイルド　スキンタイプ1用（乾燥肌用）/マイルド　スキンタイプ2用（乾燥～混合肌用）","display_mode":null,"display_name":"フェーシャル ソープ(リフィル)","display_status":7,"finish":null,"form":null,"formula_type":null,"fragrance_family":null,"indexable_keywords":[{"value":"3ステップ"},{"value":"石鹸"},{"value":"洗顔石鹸"},{"value":"基礎化粧品"},{"value":"3step"},{"value":"ソープ"},{"value":"soap"}],"is_hazmat":false,"is_product_coming_soon":null,"is_product_displayable":true,"is_product_searchable":true,"is_product_shoppable":true,"is_product_sold_out":null,"is_product_temporarily_out_of_stock":null,"is_search_suppressed":null,"key_ingredient":null,"media":{"large":[{"alt":"フェーシャル ソープ(リフィル)","height":1200,"position":0,"src":"/media/export/cms/products/1200x1500/cl_prod_4792_1200x1500_0.png","type":"image","width":1500}],"medium":null,"poster":null,"small":[{"alt":"フェーシャル ソープ(リフィル)","height":1200,"position":1,"src":"/media/export/cms/products/1200x1500/cl_prod_4792_1200x1500_0.png","type":"image","width":1500}],"videos":[{"position":null,"poster":{"height":null,"src":null,"width":null},"provider":"YouTube","src":null},{"position":null,"poster":{"height":null,"src":null,"width":null},"provider":"YouTube","src":null},{"position":null,"poster":{"height":null,"src":null,"width":null},"provider":"YouTube","src":null}],"xl":null},"meta":{"description":null,"keywords":"3 step, sensitive, dry, oily, combination, normal, sensitive, hypoallergenic, bar, bar soap"},"parent_category":[{"id":"1673","value":"クレンジング・洗顔"},{"id":"1667","value":"スキンケア"}],"product_badge":null,"product_id":"4792","product_title_tag":null,"product_type":"Other","product_url":"/product/1673/4792/facial-soap","reviews":{"average_rating":null,"number_of_questions":null,"number_of_reviews":null},"shade_groups":null,"short_description":"必要な潤いは守りながら、汗や皮脂の汚れをきちんと落とす、肌に優しい固形ソープ。<br> 100g","skin":null,"skin_goal":null,"skus":{"total":2,"items":[{"color_family":null,"coverage_options":null,"cross_sell":null,"display_status":7,"finish":null,"finish_options":null,"fragrances":[{"family":null,"key":null,"value":null}],"iln_listing":"石ケン素地・ワセリン・ココイルイセチオン酸Ｎａ・メチルグルセス－２０・ヤシ脂肪酸・ステアリン酸・ジメチコン・グリセリン・酸化チタン・塩化Ｎａ・ＨＥＤＴＡ－３Ｎａ・ＢＨＴ<JILN1197>","iln_version_number":"JILN1197","inventory_status":"Active","is_active":true,"is_coming_soon":null,"is_default_sku":false,"is_discountable":true,"is_displayable":null,"is_engravable":null,"is_fragrance":null,"is_giftable":null,"is_giftwrap":false,"is_inactive":null,"is_multi_shaded":null,"is_out_of_stock":null,"is_preorder":false,"is_preorderable":null,"is_promotional":null,"is_replenishable":false,"is_search_suppressed":null,"is_searchable":true,"is_shaded":null,"is_sized":null,"is_sold_out":null,"is_under_weight_hazmat":false,"is_vto_enabled":null,"life_of_product":"Basic Reorder","material_code":"60JY010001","media":{"large":[{"alt":"フェーシャル ソープ(リフィル)","height":1200,"position":0,"src":"/media/export/cms/products/1200x1500/cl_sku_60JY01_1200x1500_0.png","type":"image","width":1500}],"medium":[{"alt":"フェーシャル ソープ(リフィル)","height":600,"position":1,"src":"/media/export/cms/products/600x750/cl_sku_60JY01_600x750_0.png","type":"image","width":750}],"model":null,"poster":null,"small":[{"alt":"フェーシャル ソープ(リフィル)","height":1200,"position":2,"src":"/media/export/cms/products/1200x1500/cl_sku_60JY01_1200x1500_0.png","type":"image","width":1500}],"smoosh":null,"xl":null},"out_of_stock_threshold":null,"perlgem":{"SKU_BASE_ID":15278},"preorder_date":null,"prices":[{"currency":"JPY","exclude_tax":{"original_price":2800,"original_price_formatted":"¥2,800","price":2800,"price_formatted":"¥2,800","price_per_unit":null,"price_per_unit_formatted":""},"include_tax":{"original_price":3080,"original_price_formatted":"¥3,080","price":3080,"price_formatted":"¥3,080","price_per_unit":null,"price_per_unit_formatted":""},"is_discounted":false}],"purchase_limit":null,"replenishment":{"message":null},"reviews":{"average_rating":null,"number_of_questions":null,"number_of_reviews":null},"set_components":null,"shade_groups":null,"shades":[{"description":"","hex_val":"","image":{"height":null,"src":"","width":null},"name":"","smoosh_design":{"group_id":null,"name":""}}],"sizes":[{"key":1,"value":"100g"}],"skin":{"tone":null,"type":[{"key":"dry-skintype","value":"dry_skintype"}],"type_description":null},"sku_badge":null,"sku_badge_image":null,"sku_display_order":0,"sku_id":"60JY01","sku_promo_messaging":null,"sku_type":"SE","sku_url":null,"tags":{"total":3,"items":[{"id":"1673","key":"クレンジング洗顔","value":"クレンジング・洗顔"},{"id":"1572","key":"ステップ１洗う","value":"ステップ１：洗う"},{"id":"12792","key":"タイプ１乾燥","value":"タイプ１：乾燥"}]},"texture":null,"undertone":null,"unit_of_measure":null,"unit_size":100,"unit_size_formatted":null,"upc":"020714145491","vto":{"is_color_experience":null,"is_foundation_experience":null}},{"color_family":null,"coverage_options":null,"cross_sell":null,"display_status":7,"finish":null,"finish_options":null,"fragrances":[{"family":null,"key":null,"value":null}],"iln_listing":"石ケン素地・ワセリン・グリセリン・塩化Ｎａ・ＨＥＤＴＡ－３Ｎａ・酸化チタン・酸化鉄・黄４<JILN2033>","iln_version_number":"JILN2033","inventory_status":"Active","is_active":true,"is_coming_soon":null,"is_default_sku":false,"is_discountable":true,"is_displayable":null,"is_engravable":null,"is_fragrance":null,"is_giftable":null,"is_giftwrap":false,"is_inactive":null,"is_multi_shaded":null,"is_out_of_stock":null,"is_preorder":false,"is_preorderable":null,"is_promotional":null,"is_replenishable":false,"is_search_suppressed":null,"is_searchable":true,"is_shaded":null,"is_sized":null,"is_sold_out":null,"is_under_weight_hazmat":false,"is_vto_enabled":null,"life_of_product":"Basic Reorder","material_code":"6253010001","media":{"large":[{"alt":"フェーシャル ソープ(リフィル)","height":1200,"position":0,"src":"/media/export/cms/products/1200x1500/cl_sku_625301_1200x1500_0.png","type":"image","width":1500}],"medium":[{"alt":"フェーシャル ソープ(リフィル)","height":600,"position":1,"src":"/media/export/cms/products/600x750/cl_sku_625301_600x750_0.png","type":"image","width":750}],"model":null,"poster":null,"small":[{"alt":"フェーシャル ソープ(リフィル)","height":1200,"position":2,"src":"/media/export/cms/products/1200x1500/cl_sku_625301_1200x1500_0.png","type":"image","width":1500}],"smoosh":null,"xl":null},"out_of_stock_threshold":null,"perlgem":{"SKU_BASE_ID":14888},"preorder_date":null,"prices":[{"currency":"JPY","exclude_tax":{"original_price":2800,"original_price_formatted":"¥2,800","price":2800,"price_formatted":"¥2,800","price_per_unit":null,"price_per_unit_formatted":""},"include_tax":{"original_price":3080,"original_price_formatted":"¥3,080","price":3080,"price_formatted":"¥3,080","price_per_unit":null,"price_per_unit_formatted":""},"is_discounted":false}],"purchase_limit":null,"replenishment":{"message":null},"reviews":{"average_rating":null,"number_of_questions":null,"number_of_reviews":null},"set_components":null,"shade_groups":null,"shades":[{"description":"","hex_val":"","image":{"height":null,"src":"","width":null},"name":"","smoosh_design":{"group_id":null,"name":""}}],"sizes":[{"key":1,"value":"100g"}],"skin":{"tone":null,"type":[{"key":"dry-skintype","value":"dry_skintype"},{"key":"combination-skintype","value":"combination_skintype"}],"type_description":null},"sku_badge":null,"sku_badge_image":null,"sku_display_order":1,"sku_id":"625301","sku_promo_messaging":null,"sku_type":"SE","sku_url":null,"tags":{"total":3,"items":[{"id":"1673","key":"クレンジング洗顔","value":"クレンジング・洗顔"},{"id":"1572","key":"ステップ１洗う","value":"ステップ１：洗う"},{"id":"12793","key":"タイプ２乾燥混合","value":"タイプ２：乾燥～混合"}]},"texture":null,"undertone":null,"unit_of_measure":null,"unit_size":100,"unit_size_formatted":null,"upc":"020714008611","vto":{"is_color_experience":null,"is_foundation_experience":null}}]},"sub_display_name":"フェーシャル ソープ(リフィル)","sub_header":null,"tags":{"total":4,"items":[{"id":"1673","key":"クレンジング洗顔","parent_tag_id":"1667","product_display_order":32,"value":"クレンジング・洗顔"},{"id":"1572","key":"ステップ１洗う","parent_tag_id":"1570","product_display_order":0,"value":"ステップ１：洗う"},{"id":"12792","key":"タイプ１乾燥","parent_tag_id":"1570","product_display_order":2,"value":"タイプ１：乾燥"},{"id":"12793","key":"タイプ２乾燥混合","parent_tag_id":"1570","product_display_order":2,"value":"タイプ２：乾燥～混合"}]},"usage":[{"content":"クレンジング後、ソープをよく泡立て、顔全体に軽くなじませ、ぬるま湯ですすぎます。タオルで軽く押えるように拭いてください。","label":"PRODUCT USAGE","type":"product_usage"},{"content":null,"label":"HOW DOES IT WORK","type":"how_does_it_work"},{"content":"エクストラ マイルド　スキンタイプ1用（乾燥肌用）<br>マイルド　スキンタイプ2用（乾燥～混合肌用）","label":"WHO IT IS FOR","type":"who_it_is_for"},{"content":null,"label":"GREAT TO KNOW","type":"great_to_know"},{"content":"クレンジング後、ソープをよく泡立て、顔全体に軽くなじませ、ぬるま湯ですすぎます。タオルで軽く押えるように拭いてください。","label":"WHAT_IT_DOES","type":"what_it_does"},{"content":null,"label":"WHAT_IT_IS","type":"what_it_is"}],"objectID":"4792"},{"benefit":{"statement":null,"benefits":null},"brand":null,"collection":null,"coverage":null,"cross_sell":[{"sku_id":"67F901","sort_key":1},{"sku_id":"Z4KH01","sort_key":2},{"sku_id":"Z21901","sort_key":3},{"sku_id":null,"sort_key":4},{"sku_id":"7ELF01","sort_key":5},{"sku_id":"6FMA01","sort_key":6}],"default_category":{"id":"1624","key":"洗顔シェービング"},"description":"シェービング クリーム。潤い成分をたっぷり含み、肌やヒゲを柔らかくします。肌表面に保護膜をつくり、無理なくすっきり深剃りできます。<br>※製品パッケージは画像と異なる場合がございます。","display_mode":null,"display_name":"クリーム シェーブ","display_status":7,"finish":null,"form":null,"formula_type":null,"fragrance_family":null,"indexable_keywords":[{"value":"メンズ製品"},{"value":"メンズ"}],"is_hazmat":false,"is_product_coming_soon":null,"is_product_displayable":true,"is_product_searchable":true,"is_product_shoppable":true,"is_product_sold_out":null,"is_product_temporarily_out_of_stock":null,"is_search_suppressed":null,"key_ingredient":null,"media":{"large":null,"medium":null,"poster":null,"small":null,"videos":[{"position":null,"poster":{"height":null,"src":null,"width":null},"provider":null,"src":null},{"position":null,"poster":{"height":null,"src":null,"width":null},"provider":null,"src":null},{"position":null,"poster":{"height":null,"src":null,"width":null},"provider":null,"src":null}],"xl":null},"meta":{"description":null,"keywords":"ssfm, men"},"parent_category":[{"id":"1624","value":"洗顔・シェービング"},{"id":"1623","value":"シェービング"},{"id":"1609","value":"メンズ"}],"product_badge":null,"product_id":"4802","product_title_tag":null,"product_type":"Sized","product_url":"/product/1624/4802/cream-shave","reviews":{"average_rating":null,"number_of_questions":null,"number_of_reviews":null},"shade_groups":null,"short_description":"シェービング クリーム。潤い成分をたっぷり含み、肌やヒゲを柔らかくします。肌表面に保護膜をつくり、無理なくすっきり深剃りできます。<br>※製品パッケージは画像と異なる場合がございます。","skin":null,"skin_goal":null,"skus":{"total":1,"items":[{"color_family":null,"coverage_options":null,"cross_sell":null,"display_status":7,"finish":null,"finish_options":null,"fragrances":[{"family":null,"key":null,"value":null}],"iln_listing":"水・ステアリン酸・ＢＧ・グリセリン・ステアリン酸ＰＧ・ワセリン・水添ポリイソブテン・オレイン酸ＰＰＧ－２６・ミリスチン酸ミリスチル・ＴＥＡ・アジピン酸ジオクチル・アルギン酸Ｎａ・ジメチコン・ＰＥＧ－７Ｍ・ダイズステロール・デヒドロ酢酸Ｎａ・メチルパラベン・メントール・プロピルパラベン・ステアリン酸オクチル・ＥＤＴＡ－３Ｎａ・酢酸トコフェロール・パルミチン酸オクチル・ヒドロキシエチルセルロース・ブチルパラベン・パルミチン酸アスコルビル・アロエベラ液汁末<JILN329>","iln_version_number":"JILN329","inventory_status":"Active","is_active":true,"is_coming_soon":null,"is_default_sku":false,"is_discountable":true,"is_displayable":null,"is_engravable":null,"is_fragrance":null,"is_giftable":null,"is_giftwrap":false,"is_inactive":null,"is_multi_shaded":null,"is_out_of_stock":null,"is_preorder":false,"is_preorderable":null,"is_promotional":null,"is_replenishable":false,"is_search_suppressed":null,"is_searchable":true,"is_shaded":null,"is_sized":null,"is_sold_out":null,"is_under_weight_hazmat":false,"is_vto_enabled":null,"life_of_product":"Basic Reorder","material_code":"67FE010001","media":{"large":[{"alt":"クリーム シェーブ","height":1200,"position":0,"src":"/media/export/cms/products/1200x1500/cl_sku_67FE01_1200x1500_0.png","type":"image","width":1500}],"medium":[{"alt":"クリーム シェーブ","height":600,"position":1,"src":"/media/export/cms/products/600x750/cl_sku_67FE01_600x750_0.png","type":"image","width":750}],"model":null,"poster":null,"small":[{"alt":"クリーム シェーブ","height":1200,"position":2,"src":"/media/export/cms/products/1200x1500/cl_sku_67FE01_1200x1500_0.png","type":"image","width":1500}],"smoosh":null,"xl":null},"out_of_stock_threshold":null,"perlgem":{"SKU_BASE_ID":12504},"preorder_date":null,"prices":[{"currency":"JPY","exclude_tax":{"original_price":2800,"original_price_formatted":"¥2,800","price":2800,"price_formatted":"¥2,800","price_per_unit":null,"price_per_unit_formatted":""},"include_tax":{"original_price":3080,"original_price_formatted":"¥3,080","price":3080,"price_formatted":"¥3,080","price_per_unit":null,"price_per_unit_formatted":""},"is_discounted":false}],"purchase_limit":null,"replenishment":{"message":"Recommended Auto-Ship cycle: 6 weeks  Learn more >"},"reviews":{"average_rating":null,"number_of_questions":null,"number_of_reviews":null},"set_components":null,"shade_groups":null,"shades":null,"sizes":[{"key":1,"value":"125mL"}],"skin":{"tone":null,"type":null,"type_description":null},"sku_badge":null,"sku_badge_image":null,"sku_display_order":0,"sku_id":"67FE01","sku_promo_messaging":null,"sku_type":"SE","sku_url":null,"tags":{"total":8,"items":[{"id":"1609","key":"メンズ","value":"メンズ"},{"id":"13565","key":"mens","value":"Men's"},{"id":"13561","key":"holiday-2014","value":"Holiday 2014"},{"id":"17696","key":"gifts-for-him","value":"Gifts for him"},{"id":"1623","key":"シェービング","value":"シェービング"},{"id":"12950","key":"mens-bestsellers","value":"Men's Bestsellers"},{"id":"1575","key":"ベストセラー","value":"ベストセラー"},{"id":"1624","key":"洗顔シェービング","value":"洗顔・シェービング"}]},"texture":null,"undertone":null,"unit_of_measure":null,"unit_size":null,"unit_size_formatted":null,"upc":"020714125622","vto":{"is_color_experience":null,"is_foundation_experience":null}}]},"sub_display_name":"クリーム シェーブ","sub_header":null,"tags":{"total":8,"items":[{"id":"1609","key":"メンズ","parent_tag_id":null,"product_display_order":7,"value":"メンズ"},{"id":"13565","key":"mens","parent_tag_id":"13561","product_display_order":0,"value":"Men's"},{"id":"13561","key":"holiday-2014","parent_tag_id":null,"product_display_order":0,"value":"Holiday 2014"},{"id":"17696","key":"gifts-for-him","parent_tag_id":"1000020","product_display_order":5,"value":"Gifts for him"},{"id":"1623","key":"シェービング","parent_tag_id":"1609","product_display_order":1,"value":"シェービング"},{"id":"12950","key":"mens-bestsellers","parent_tag_id":"1609","product_display_order":0,"value":"Men's Bestsellers"},{"id":"1575","key":"ベストセラー","parent_tag_id":null,"product_display_order":78,"value":"ベストセラー"},{"id":"1624","key":"洗顔シェービング","parent_tag_id":"1623","product_display_order":5,"value":"洗顔・シェービング"}]},"usage":[{"content":"洗顔後の濡れた肌に、適量のクリームを薄くのばします。湯で刃をすすぎながら剃ると、刃づまりを防ぎ、より効果的です。","label":"PRODUCT USAGE","type":"product_usage"},{"content":null,"label":"HOW DOES IT WORK","type":"how_does_it_work"},{"content":null,"label":"WHO IT IS FOR","type":"who_it_is_for"},{"content":null,"label":"GREAT TO KNOW","type":"great_to_know"},{"content":null,"label":"WHAT_IT_DOES","type":"what_it_does"},{"content":null,"label":"WHAT_IT_IS","type":"what_it_is"}],"objectID":"4802"},{"benefit":{"statement":null,"benefits":null},"brand":null,"collection":null,"coverage":null,"cross_sell":[{"sku_id":"6F4901","sort_key":1},{"sku_id":"62A401","sort_key":2},{"sku_id":"6F4501","sort_key":3},{"sku_id":"6FLK04","sort_key":4},{"sku_id":"6F4G01","sort_key":5},{"sku_id":"6F3701","sort_key":6}],"default_category":{"id":"1608","key":"メークツール"},"description":"心地よい肌触りのチーク ブラシ。パウダーのチークが自然に仕上がります。","display_mode":null,"display_name":"ブラッシュ ブラシ","display_status":7,"finish":null,"form":null,"formula_type":null,"fragrance_family":null,"indexable_keywords":[{"value":"メーク、メイク、アクセサリー"},{"value":"ブラッシャーブラシ"},{"value":"チークブラシ"}],"is_hazmat":false,"is_product_coming_soon":null,"is_product_displayable":true,"is_product_searchable":true,"is_product_shoppable":true,"is_product_sold_out":null,"is_product_temporarily_out_of_stock":null,"is_search_suppressed":null,"key_ingredient":null,"media":{"large":null,"medium":null,"poster":null,"small":null,"videos":[{"position":null,"poster":{"height":null,"src":null,"width":null},"provider":null,"src":null},{"position":null,"poster":{"height":null,"src":null,"width":null},"provider":null,"src":null},{"position":null,"poster":{"height":null,"src":null,"width":null},"provider":null,"src":null}],"xl":null},"meta":{"description":null,"keywords":"cheek, face, color, rouge"},"parent_category":[{"id":"1608","value":"メークツール"},{"id":"1592","value":"メーク"}],"product_badge":null,"product_id":"4869","product_title_tag":null,"product_type":"Other","product_url":"/product/1608/4869/blush-brush","reviews":{"average_rating":null,"number_of_questions":null,"number_of_reviews":null},"shade_groups":null,"short_description":"心地よい肌触りと仕上がりのチーク ブラシ。チークが自然に仕上がります。","skin":null,"skin_goal":null,"skus":{"total":1,"items":[{"color_family":null,"coverage_options":null,"cross_sell":null,"display_status":7,"finish":null,"finish_options":null,"fragrances":[{"family":null,"key":null,"value":null}],"iln_listing":null,"iln_version_number":null,"inventory_status":"Active","is_active":true,"is_coming_soon":null,"is_default_sku":false,"is_discountable":true,"is_displayable":null,"is_engravable":null,"is_fragrance":null,"is_giftable":null,"is_giftwrap":false,"is_inactive":null,"is_multi_shaded":null,"is_out_of_stock":null,"is_preorder":false,"is_preorderable":null,"is_promotional":null,"is_replenishable":false,"is_search_suppressed":null,"is_searchable":true,"is_shaded":null,"is_sized":null,"is_sold_out":null,"is_under_weight_hazmat":false,"is_vto_enabled":null,"life_of_product":"Basic Reorder","material_code":"6F46010002","media":{"large":[{"alt":"ブラッシュ ブラシ","height":1200,"position":0,"src":"/media/export/cms/products/1200x1500/cl_sku_6F4601_1200x1500_0.png","type":"image","width":1500}],"medium":[{"alt":"ブラッシュ ブラシ","height":600,"position":1,"src":"/media/export/cms/products/600x750/cl_sku_6F4601_600x750_0.png","type":"image","width":750}],"model":null,"poster":null,"small":[{"alt":"ブラッシュ ブラシ","height":1200,"position":2,"src":"/media/export/cms/products/1200x1500/cl_sku_6F4601_1200x1500_0.png","type":"image","width":1500}],"smoosh":null,"xl":null},"out_of_stock_threshold":null,"perlgem":{"SKU_BASE_ID":13292},"preorder_date":null,"prices":[{"currency":"JPY","exclude_tax":{"original_price":4500,"original_price_formatted":"¥4,500","price":4500,"price_formatted":"¥4,500","price_per_unit":null,"price_per_unit_formatted":""},"include_tax":{"original_price":4950,"original_price_formatted":"¥4,950","price":4950,"price_formatted":"¥4,950","price_per_unit":null,"price_per_unit_formatted":""},"is_discounted":false}],"purchase_limit":null,"replenishment":{"message":"Never run low on your favourites. Sign up for Auto-Ship. Learn more >"},"reviews":{"average_rating":null,"number_of_questions":null,"number_of_reviews":null},"set_components":null,"shade_groups":null,"shades":null,"sizes":[{"key":1,"value":null}],"skin":{"tone":null,"type":null,"type_description":null},"sku_badge":null,"sku_badge_image":null,"sku_display_order":0,"sku_id":"6F4601","sku_promo_messaging":null,"sku_type":"SE","sku_url":null,"tags":{"total":7,"items":[{"id":"1593","key":"チーク","value":"チーク"},{"id":"12519","key":"cheek-brushes","value":"Cheek Brushes"},{"id":"1608","key":"メークツール","value":"メークツール"},{"id":"27174","key":"day7flashsale","value":"Day7FlashSale"},{"id":"27172","key":"day5flashsale","value":"Day5FlashSale"},{"id":"12518","key":"face-brushes","value":"Face Brushes"},{"id":"27170","key":"day3flashsale","value":"Day3FlashSale"}]},"texture":null,"undertone":null,"unit_of_measure":null,"unit_size":null,"unit_size_formatted":null,"upc":"020714228033","vto":{"is_color_experience":null,"is_foundation_experience":null}}]},"sub_display_name":"ブラッシュ ブラシ","sub_header":null,"tags":{"total":7,"items":[{"id":"1593","key":"チーク","parent_tag_id":"1592","product_display_order":21,"value":"チーク"},{"id":"12519","key":"cheek-brushes","parent_tag_id":"1608","product_display_order":0,"value":"Cheek Brushes"},{"id":"1608","key":"メークツール","parent_tag_id":"1592","product_display_order":4,"value":"メークツール"},{"id":"27174","key":"day7flashsale","parent_tag_id":"1590","product_display_order":0,"value":"Day7FlashSale"},{"id":"27172","key":"day5flashsale","parent_tag_id":"1590","product_display_order":84,"value":"Day5FlashSale"},{"id":"12518","key":"face-brushes","parent_tag_id":"1608","product_display_order":5,"value":"Face Brushes"},{"id":"27170","key":"day3flashsale","parent_tag_id":"1590","product_display_order":0,"value":"Day3FlashSale"}]},"usage":[{"content":"ブラシにパウダーを含ませ、手の平で軽く余分な粉を落としてから、頬の高い部分からスタートし、下にはらうような動作で髪の生え際に向かって優しくブラシを動かします。","label":"PRODUCT USAGE","type":"product_usage"},{"content":null,"label":"HOW DOES IT WORK","type":"how_does_it_work"},{"content":null,"label":"WHO IT IS FOR","type":"who_it_is_for"},{"content":null,"label":"GREAT TO KNOW","type":"great_to_know"},{"content":null,"label":"WHAT_IT_DOES","type":"what_it_does"},{"content":null,"label":"WHAT_IT_IS","type":"what_it_is"}],"objectID":"4869"},{"benefit":{"statement":null,"benefits":null},"brand":null,"collection":null,"coverage":null,"cross_sell":[{"sku_id":"6MNY61","sort_key":1},{"sku_id":"6F3701","sort_key":2},{"sku_id":"6MNY01","sort_key":3},{"sku_id":"6F4501","sort_key":4},{"sku_id":"6F4901","sort_key":5},{"sku_id":"6F3701","sort_key":6}],"default_category":{"id":"1608","key":"メークツール"},"description":"リキッド、クリームタイプのファンデーションをスムーズに均一に付けられるファンデーション用ブラシ。適度なコシで、忙しい朝にも","display_mode":null,"display_name":"ファンデーション　ブラシ","display_status":7,"finish":null,"form":null,"formula_type":null,"fragrance_family":null,"indexable_keywords":null,"is_hazmat":false,"is_product_coming_soon":null,"is_product_displayable":true,"is_product_searchable":true,"is_product_shoppable":true,"is_product_sold_out":null,"is_product_temporarily_out_of_stock":null,"is_search_suppressed":null,"key_ingredient":null,"media":{"large":null,"medium":null,"poster":null,"small":null,"videos":[{"position":null,"poster":{"height":null,"src":null,"width":null},"provider":null,"src":null},{"position":null,"poster":{"height":null,"src":null,"width":null},"provider":null,"src":null},{"position":null,"poster":{"height":null,"src":null,"width":null},"provider":null,"src":null}],"xl":null},"meta":{"description":null,"keywords":null},"parent_category":[{"id":"1608","value":"メークツール"},{"id":"1592","value":"メーク"}],"product_badge":null,"product_id":"4923","product_title_tag":null,"product_type":"Other","product_url":"/product/1608/4923/foundation-brush","reviews":{"average_rating":null,"number_of_questions":null,"number_of_reviews":null},"shade_groups":null,"short_description":"リキッド、クリームタイプのファンデーションをスムーズに均一に付けられるファンデーション用ブラシ。","skin":null,"skin_goal":null,"skus":{"total":1,"items":[{"color_family":null,"coverage_options":null,"cross_sell":null,"display_status":7,"finish":null,"finish_options":null,"fragrances":[{"family":null,"key":null,"value":null}],"iln_listing":null,"iln_version_number":null,"inventory_status":"Active","is_active":true,"is_coming_soon":null,"is_default_sku":false,"is_discountable":true,"is_displayable":null,"is_engravable":null,"is_fragrance":null,"is_giftable":null,"is_giftwrap":false,"is_inactive":null,"is_multi_shaded":null,"is_out_of_stock":null,"is_preorder":false,"is_preorderable":null,"is_promotional":null,"is_replenishable":false,"is_search_suppressed":null,"is_searchable":true,"is_shaded":null,"is_sized":null,"is_sold_out":null,"is_under_weight_hazmat":false,"is_vto_enabled":null,"life_of_product":"Basic Reorder","material_code":"6L6W010001","media":{"large":[{"alt":"ファンデーション　ブラシ","height":1200,"position":0,"src":"/media/export/cms/products/1200x1500/cl_sku_6L6W01_1200x1500_0.png","type":"image","width":1500}],"medium":[{"alt":"ファンデーション　ブラシ","height":600,"position":1,"src":"/media/export/cms/products/600x750/cl_sku_6L6W01_600x750_0.png","type":"image","width":750}],"model":null,"poster":null,"small":[{"alt":"ファンデーション　ブラシ","height":1200,"position":2,"src":"/media/export/cms/products/1200x1500/cl_sku_6L6W01_1200x1500_0.png","type":"image","width":1500}],"smoosh":null,"xl":null},"out_of_stock_threshold":null,"perlgem":{"SKU_BASE_ID":13926},"preorder_date":null,"prices":[{"currency":"JPY","exclude_tax":{"original_price":4000,"original_price_formatted":"¥4,000","price":4000,"price_formatted":"¥4,000","price_per_unit":null,"price_per_unit_formatted":""},"include_tax":{"original_price":4400,"original_price_formatted":"¥4,400","price":4400,"price_formatted":"¥4,400","price_per_unit":null,"price_per_unit_formatted":""},"is_discounted":false}],"purchase_limit":null,"replenishment":{"message":"Never run low on your favourites. Sign up for Auto-Ship. Learn more >"},"reviews":{"average_rating":null,"number_of_questions":null,"number_of_reviews":null},"set_components":null,"shade_groups":null,"shades":null,"sizes":[{"key":1,"value":null}],"skin":{"tone":null,"type":null,"type_description":null},"sku_badge":null,"sku_badge_image":null,"sku_display_order":0,"sku_id":"6L6W01","sku_promo_messaging":null,"sku_type":"SE","sku_url":null,"tags":{"total":6,"items":[{"id":"27170","key":"day3flashsale","value":"Day3FlashSale"},{"id":"12518","key":"face-brushes","value":"Face Brushes"},{"id":"1608","key":"メークツール","value":"メークツール"},{"id":"27174","key":"day7flashsale","value":"Day7FlashSale"},{"id":"27172","key":"day5flashsale","value":"Day5FlashSale"},{"id":"1599","key":"ファンデーション","value":"ファンデーション"}]},"texture":null,"undertone":null,"unit_of_measure":null,"unit_size":null,"unit_size_formatted":null,"upc":"020714299149","vto":{"is_color_experience":null,"is_foundation_experience":null}}]},"sub_display_name":"ファンデーション　ブラシ","sub_header":null,"tags":{"total":6,"items":[{"id":"27170","key":"day3flashsale","parent_tag_id":"1590","product_display_order":0,"value":"Day3FlashSale"},{"id":"12518","key":"face-brushes","parent_tag_id":"1608","product_display_order":0,"value":"Face Brushes"},{"id":"1608","key":"メークツール","parent_tag_id":"1592","product_display_order":6,"value":"メークツール"},{"id":"27174","key":"day7flashsale","parent_tag_id":"1590","product_display_order":0,"value":"Day7FlashSale"},{"id":"27172","key":"day5flashsale","parent_tag_id":"1590","product_display_order":71,"value":"Day5FlashSale"},{"id":"1599","key":"ファンデーション","parent_tag_id":"1592","product_display_order":54,"value":"ファンデーション"}]},"usage":[{"content":"リキッド、またはクリームタイプのファンデーションを手の甲に取ってからブラシになじませ、顔の広い部分から全体に伸ばします。頬、額、あごなど比較的広い部分は大きめのストロークで伸ばし、鼻の回り、口もと、目もと、髪の生え際など比較的狭い部分は、ブラシの端を使って伸ばします。","label":"PRODUCT USAGE","type":"product_usage"},{"content":null,"label":"HOW DOES IT WORK","type":"how_does_it_work"},{"content":null,"label":"WHO IT IS FOR","type":"who_it_is_for"},{"content":null,"label":"GREAT TO KNOW","type":"great_to_know"},{"content":null,"label":"WHAT_IT_DOES","type":"what_it_does"},{"content":null,"label":"WHAT_IT_IS","type":"what_it_is"}],"objectID":"4923"},{"benefit":{"statement":null,"benefits":null},"brand":null,"collection":null,"coverage":null,"cross_sell":[{"sku_id":"787X61","sort_key":1},{"sku_id":"68LE01","sort_key":2},{"sku_id":"62A401","sort_key":3},{"sku_id":"6F4G01","sort_key":4},{"sku_id":"7WF861","sort_key":5},{"sku_id":"68LE01","sort_key":6}],"default_category":{"id":"1608","key":"メークツール"},"description":"パウダー タイプのファンデーションをスムーズに均一に付けられるパウダー ファンデーション用ブラシ。適度な毛量で、忙しい朝にも<BR>手を汚すことなく簡単にファンデーションを付けられます。抗菌加工済み。","display_mode":null,"display_name":"パウダー ファンデーション ブラシ","display_status":7,"finish":null,"form":null,"formula_type":null,"fragrance_family":null,"indexable_keywords":null,"is_hazmat":false,"is_product_coming_soon":null,"is_product_displayable":true,"is_product_searchable":true,"is_product_shoppable":true,"is_product_sold_out":null,"is_product_temporarily_out_of_stock":null,"is_search_suppressed":null,"key_ingredient":null,"media":{"large":null,"medium":null,"poster":null,"small":null,"videos":[{"position":null,"poster":{"height":null,"src":null,"width":null},"provider":null,"src":null},{"position":null,"poster":{"height":null,"src":null,"width":null},"provider":null,"src":null},{"position":null,"poster":{"height":null,"src":null,"width":null},"provider":null,"src":null}],"xl":null},"meta":{"description":null,"keywords":"face, sponge, sheer, natural"},"parent_category":[{"id":"1608","value":"メークツール"},{"id":"1592","value":"メーク"}],"product_badge":null,"product_id":"4932","product_title_tag":null,"product_type":"Other","product_url":"/product/1608/4932/powder-foundation-brush","reviews":{"average_rating":null,"number_of_questions":null,"number_of_reviews":null},"shade_groups":null,"short_description":"パウダー タイプのファンデーションをスムーズに均一に付けられるパウダー ファンデーション用ブラシ。適度な毛量で、忙しい朝にも手を汚すことなく簡単にファンデーションを付けられます。抗菌加工済み。","skin":null,"skin_goal":null,"skus":{"total":1,"items":[{"color_family":null,"coverage_options":null,"cross_sell":null,"display_status":7,"finish":null,"finish_options":null,"fragrances":[{"family":null,"key":null,"value":null}],"iln_listing":null,"iln_version_number":null,"inventory_status":"Active","is_active":true,"is_coming_soon":null,"is_default_sku":false,"is_discountable":true,"is_displayable":null,"is_engravable":null,"is_fragrance":null,"is_giftable":null,"is_giftwrap":false,"is_inactive":null,"is_multi_shaded":null,"is_out_of_stock":null,"is_preorder":false,"is_preorderable":null,"is_promotional":null,"is_replenishable":false,"is_search_suppressed":null,"is_searchable":true,"is_shaded":null,"is_sized":null,"is_sold_out":null,"is_under_weight_hazmat":false,"is_vto_enabled":null,"life_of_product":"Basic Reorder","material_code":"6MTM010001","media":{"large":[{"alt":"パウダー ファンデーション ブラシ","height":1200,"position":0,"src":"/media/export/cms/products/1200x1500/cl_sku_6MTM01_1200x1500_0.png","type":"image","width":1500}],"medium":[{"alt":"パウダー ファンデーション ブラシ","height":600,"position":1,"src":"/media/export/cms/products/600x750/cl_sku_6MTM01_600x750_0.png","type":"image","width":750}],"model":null,"poster":null,"small":[{"alt":"パウダー ファンデーション ブラシ","height":1200,"position":2,"src":"/media/export/cms/products/1200x1500/cl_sku_6MTM01_1200x1500_0.png","type":"image","width":1500}],"smoosh":null,"xl":null},"out_of_stock_threshold":null,"perlgem":{"SKU_BASE_ID":14152},"preorder_date":null,"prices":[{"currency":"JPY","exclude_tax":{"original_price":4000,"original_price_formatted":"¥4,000","price":4000,"price_formatted":"¥4,000","price_per_unit":null,"price_per_unit_formatted":""},"include_tax":{"original_price":4400,"original_price_formatted":"¥4,400","price":4400,"price_formatted":"¥4,400","price_per_unit":null,"price_per_unit_formatted":""},"is_discounted":false}],"purchase_limit":null,"replenishment":{"message":"Never run low on your favourites. Sign up for Auto-Ship. Learn more >"},"reviews":{"average_rating":null,"number_of_questions":null,"number_of_reviews":null},"set_components":null,"shade_groups":null,"shades":null,"sizes":[{"key":1,"value":null}],"skin":{"tone":null,"type":null,"type_description":null},"sku_badge":null,"sku_badge_image":null,"sku_display_order":0,"sku_id":"6MTM01","sku_promo_messaging":null,"sku_type":"SE","sku_url":null,"tags":{"total":6,"items":[{"id":"1608","key":"メークツール","value":"メークツール"},{"id":"27174","key":"day7flashsale","value":"Day7FlashSale"},{"id":"12518","key":"face-brushes","value":"Face Brushes"},{"id":"27170","key":"day3flashsale","value":"Day3FlashSale"},{"id":"27172","key":"day5flashsale","value":"Day5FlashSale"},{"id":"1599","key":"ファンデーション","value":"ファンデーション"}]},"texture":null,"undertone":null,"unit_of_measure":null,"unit_size":null,"unit_size_formatted":null,"upc":"020714326128","vto":{"is_color_experience":null,"is_foundation_experience":null}}]},"sub_display_name":"パウダー ファンデーション ブラシ","sub_header":null,"tags":{"total":6,"items":[{"id":"1608","key":"メークツール","parent_tag_id":"1592","product_display_order":2,"value":"メークツール"},{"id":"27174","key":"day7flashsale","parent_tag_id":"1590","product_display_order":0,"value":"Day7FlashSale"},{"id":"12518","key":"face-brushes","parent_tag_id":"1608","product_display_order":1,"value":"Face Brushes"},{"id":"27170","key":"day3flashsale","parent_tag_id":"1590","product_display_order":0,"value":"Day3FlashSale"},{"id":"27172","key":"day5flashsale","parent_tag_id":"1590","product_display_order":67,"value":"Day5FlashSale"},{"id":"1599","key":"ファンデーション","parent_tag_id":"1592","product_display_order":53,"value":"ファンデーション"}]},"usage":[{"content":"パウダー タイプのファンデーションをブラシになじませ、顔全体をブラシで優しく撫でるようにしてつけます。頬や額など比較的広い部分は大きめのストロークで伸ばし、鼻の回り、口もと、目もと、髪の生え際など比較的狭い部分は、ブラシの端を使って伸ばします。","label":"PRODUCT USAGE","type":"product_usage"},{"content":null,"label":"HOW DOES IT WORK","type":"how_does_it_work"},{"content":null,"label":"WHO IT IS FOR","type":"who_it_is_for"},{"content":null,"label":"GREAT TO KNOW","type":"great_to_know"},{"content":null,"label":"WHAT_IT_DOES","type":"what_it_does"},{"content":null,"label":"WHAT_IT_IS","type":"what_it_is"}],"objectID":"4932"},{"benefit":{"statement":null,"benefits":null},"brand":null,"collection":null,"coverage":null,"cross_sell":[{"sku_id":"6NKL01","sort_key":1},{"sku_id":null,"sort_key":2}],"default_category":{"id":"14706","key":"スペシャルケア"},"description":"強力な紫外線（A波・B波）をしっかりカットし肌のダメージを防ぐボディ用日焼け止めクリーム。紫外線を感知し、ダメージを防ぐよう働きかけます。肌になめらかにのび、快適な使い心地。炎天下でのスポーツ時、リゾート地に最適。SPF50/PA+++<BR>オール スキンタイプ","display_mode":null,"display_name":"SPF50 ボディ クリーム","display_status":7,"finish":null,"form":null,"formula_type":null,"fragrance_family":null,"indexable_keywords":[{"value":"日焼け止め"},{"value":"サンブロック"},{"value":"サンケア"},{"value":"suncare"},{"value":"サンプロテクター"},{"value":"UVレスポンス"},{"value":"SPF50"},{"value":"UVケア"},{"value":"ボディクリーム"},{"value":"日焼け"},{"value":"紫外線"},{"value":"SPF"},{"value":"ボディ"}],"is_hazmat":false,"is_product_coming_soon":null,"is_product_displayable":true,"is_product_searchable":true,"is_product_shoppable":true,"is_product_sold_out":null,"is_product_temporarily_out_of_stock":null,"is_search_suppressed":null,"key_ingredient":null,"media":{"large":null,"medium":null,"poster":null,"small":null,"videos":[{"position":null,"poster":{"height":null,"src":null,"width":null},"provider":null,"src":null},{"position":null,"poster":{"height":null,"src":null,"width":null},"provider":null,"src":null},{"position":null,"poster":{"height":null,"src":null,"width":null},"provider":null,"src":null}],"xl":null},"meta":{"description":null,"keywords":null},"parent_category":[{"id":"14706","value":"スペシャルケア"},{"id":"1667","value":"スキンケア"}],"product_badge":null,"product_id":"4972","product_title_tag":null,"product_type":"Other","product_url":"/product/14706/4972/spf50-/clinique-sun-spf-50-body-cream","reviews":{"average_rating":null,"number_of_questions":null,"number_of_reviews":null},"shade_groups":null,"short_description":"強力な紫外線（A波・B波）をしっかりカットし肌のダメージを防ぐボディ用日焼け止めクリーム。炎天下でのスポーツやリゾート地などに最適。SPF50/PA+++<BR>オール スキンタイプ","skin":null,"skin_goal":null,"skus":{"total":1,"items":[{"color_family":null,"coverage_options":null,"cross_sell":null,"display_status":7,"finish":null,"finish_options":null,"fragrances":[{"family":null,"key":null,"value":null}],"iln_listing":"水・メチルトリメチコン・オキシベンゾン－３・サリチル酸オクチル・ホモサレート・マイカ・ＢＧ・サリチル酸ブチルオクチル・ジヘプタン酸ネオペンチルグリコール・シア脂・ｔ－ブチルメトキシジベンゾイルメタン・オクトクリレン・ステアリン酸ＰＥＧ－１００・シリカ・トリポリヒドロキシステアリン酸ジペンタエリスリチル・ラウリルＰＥＧ－９ポリジメチルシロキシエチルジメチコン・ステアリン酸グリセリル・ジメチコン・セチルリン酸Ｋ・（スチレン／アクリル酸アルキル）コポリマー・（Ｃ３０－３８オレフィン／マレイン酸イソプロピル／マレイン酸）コポリマー・ステアリン酸・セタノール・スクロース・（ＶＰ／エイコセン）コポリマー・エチルヘキシルグリセリン・（アクリロイルジメチルタウリンアンモニウム／ＶＰ）コポリマー・カプリリルグリコール・キサンタンガム・カフェイン・ラウリン酸ＰＥＧ－８・ＥＤＴＡ－２Ｎａ・ＲＮＡ－Ｎａ・酢酸トコフェロール・シソエキス・リン脂質・レシチン・ノルジヒドログアイアレチン酸・テトラヒドロキシシクロヘキサン酸アルキル（Ｃ１－８）・ヒドロキシエチルセルロース・ローズマリー葉エキス・マレイン酸アスコルビルトコフェリル・マルトデキストリン・ラウリルジモニウムヒドロキシプロピル加水分解ダイズタンパク・フェルラ酸・ヘキシレングリコール・フェノキシエタノール・デヒドロ酢酸Ｎａ<JILN4566>","iln_version_number":"JILN4566","inventory_status":"Active","is_active":true,"is_coming_soon":null,"is_default_sku":false,"is_discountable":true,"is_displayable":null,"is_engravable":null,"is_fragrance":null,"is_giftable":null,"is_giftwrap":false,"is_inactive":null,"is_multi_shaded":null,"is_out_of_stock":null,"is_preorder":false,"is_preorderable":null,"is_promotional":null,"is_replenishable":false,"is_search_suppressed":null,"is_searchable":true,"is_shaded":null,"is_sized":null,"is_sold_out":null,"is_under_weight_hazmat":false,"is_vto_enabled":null,"life_of_product":"Basic Reorder","material_code":"6NHF010001","media":{"large":[{"alt":"SPF50 ボディ クリーム","height":1200,"position":0,"src":"/media/export/cms/products/1200x1500/cl_sku_6NHF01_1200x1500_0.png","type":"image","width":1500}],"medium":[{"alt":"SPF50 ボディ クリーム","height":600,"position":1,"src":"/media/export/cms/products/600x750/cl_sku_6NHF01_600x750_0.png","type":"image","width":750}],"model":null,"poster":null,"small":[{"alt":"SPF50 ボディ クリーム","height":1200,"position":2,"src":"/media/export/cms/products/1200x1500/cl_sku_6NHF01_1200x1500_0.png","type":"image","width":1500}],"smoosh":null,"xl":null},"out_of_stock_threshold":null,"perlgem":{"SKU_BASE_ID":14196},"preorder_date":null,"prices":[{"currency":"JPY","exclude_tax":{"original_price":3500,"original_price_formatted":"¥3,500","price":3500,"price_formatted":"¥3,500","price_per_unit":null,"price_per_unit_formatted":""},"include_tax":{"original_price":3850,"original_price_formatted":"¥3,850","price":3850,"price_formatted":"¥3,850","price_per_unit":null,"price_per_unit_formatted":""},"is_discounted":false}],"purchase_limit":null,"replenishment":{"message":null},"reviews":{"average_rating":null,"number_of_questions":null,"number_of_reviews":null},"set_components":null,"shade_groups":null,"shades":null,"sizes":[{"key":1,"value":"150mL"}],"skin":{"tone":null,"type":null,"type_description":null},"sku_badge":null,"sku_badge_image":null,"sku_display_order":1,"sku_id":"6NHF01","sku_promo_messaging":null,"sku_type":"SE","sku_url":null,"tags":{"total":9,"items":[{"id":"14706","key":"スペシャルケア","value":"スペシャルケア"},{"id":"1686","key":"ボディケア","value":"ボディケア"},{"id":"1661","key":"サンケア","value":"サンケア"},{"id":"27172","key":"day5flashsale","value":"Day5FlashSale"},{"id":"1660","key":"ボディケア","value":"ボディケア　"},{"id":"27174","key":"day7flashsale","value":"Day7FlashSale"},{"id":"13305","key":"メーク下地uvケア","value":"メーク下地・UVケア"},{"id":"1659","key":"ボディサンケア","value":"ボディ＆サンケア"},{"id":"27168","key":"day1flashsale","value":"Day1FlashSale"}]},"texture":null,"undertone":null,"unit_of_measure":null,"unit_size":null,"unit_size_formatted":null,"upc":"020714352967","vto":{"is_color_experience":null,"is_foundation_experience":null}}]},"sub_display_name":"SPF50 ボディ クリーム","sub_header":null,"tags":{"total":9,"items":[{"id":"14706","key":"スペシャルケア","parent_tag_id":"1667","product_display_order":31,"value":"スペシャルケア"},{"id":"1686","key":"ボディケア","parent_tag_id":"1667","product_display_order":13,"value":"ボディケア"},{"id":"1661","key":"サンケア","parent_tag_id":"1659","product_display_order":16,"value":"サンケア"},{"id":"27172","key":"day5flashsale","parent_tag_id":"1590","product_display_order":85,"value":"Day5FlashSale"},{"id":"1660","key":"ボディケア","parent_tag_id":"1659","product_display_order":13,"value":"ボディケア　"},{"id":"27174","key":"day7flashsale","parent_tag_id":"1590","product_display_order":0,"value":"Day7FlashSale"},{"id":"13305","key":"メーク下地uvケア","parent_tag_id":"1667","product_display_order":5,"value":"メーク下地・UVケア"},{"id":"1659","key":"ボディサンケア","parent_tag_id":null,"product_display_order":0,"value":"ボディ＆サンケア"},{"id":"27168","key":"day1flashsale","parent_tag_id":"1590","product_display_order":0,"value":"Day1FlashSale"}]},"usage":[{"content":"日光を浴びる15～20分前に、たっぷりと均一につけます。衣類に直接つかないよう、また目に入らないように注意してください。汗をかいた後、泳いだ後、タオルで拭いた後などは、つけ直すことをおすすめします。","label":"PRODUCT USAGE","type":"product_usage"},{"content":null,"label":"HOW DOES IT WORK","type":"how_does_it_work"},{"content":null,"label":"WHO IT IS FOR","type":"who_it_is_for"},{"content":null,"label":"GREAT TO KNOW","type":"great_to_know"},{"content":null,"label":"WHAT_IT_DOES","type":"what_it_does"},{"content":null,"label":"WHAT_IT_IS","type":"what_it_is"}],"objectID":"4972"},{"benefit":{"statement":null,"benefits":null},"brand":null,"collection":null,"coverage":null,"cross_sell":[{"sku_id":"6A1501","sort_key":1},{"sku_id":"Z6G801","sort_key":2},{"sku_id":"Z0HJ01","sort_key":3}],"default_category":{"id":"1668","key":"アクネ"},"description":"<P>＜医薬部外品＞<BR>ニキビを予防する薬用ローション。ニキビの原因となる古い角質を穏やかに取り除き、肌を清潔に整えます。オイル吸収パウダーが、肌を乾燥させずに過剰な皮脂を吸収します。<BR>オール スキンタイプ</P><P>※製品パッケージは現物と異なる場合がございます。</P>","display_mode":null,"display_name":"アクネ クラリファイング<br>ローション(医薬部外品）","display_status":7,"finish":null,"form":null,"formula_type":null,"fragrance_family":null,"indexable_keywords":[{"value":"acne"},{"value":"アクネ"},{"value":"ニキビ"},{"value":"にきび"},{"value":"トリートメント"},{"value":"スキンケア"},{"value":"skincare"},{"value":"skin care"},{"value":"ローション"},{"value":"化粧水"},{"value":"薬用"}],"is_hazmat":true,"is_product_coming_soon":null,"is_product_displayable":true,"is_product_searchable":true,"is_product_shoppable":true,"is_product_sold_out":null,"is_product_temporarily_out_of_stock":null,"is_search_suppressed":null,"key_ingredient":null,"media":{"large":null,"medium":null,"poster":null,"small":null,"videos":[{"position":null,"poster":{"height":null,"src":null,"width":null},"provider":null,"src":null},{"position":null,"poster":{"height":null,"src":null,"width":null},"provider":null,"src":null},{"position":null,"poster":{"height":null,"src":null,"width":null},"provider":null,"src":null}],"xl":null},"meta":{"description":null,"keywords":"acne,アクネ,ニキビ,にきび,トリートメント,スキンケア,skincare,skin care,ローション,化粧水,薬用"},"parent_category":[{"id":"1668","value":"アクネ"},{"id":"1667","value":"スキンケア"}],"product_badge":null,"product_id":"4976","product_title_tag":null,"product_type":"Sized","product_url":"/product/1668/4976/anti-blemish-solutions","reviews":{"average_rating":null,"number_of_questions":null,"number_of_reviews":null},"shade_groups":null,"short_description":"<P>＜医薬部外品＞<BR>ニキビを予防する薬用ローション。ニキビの原因となる古い角質を穏やかに取り除き、肌を清潔に整えます。<BR>オール スキンタイプ</P><P>※製品パッケージは現物と異なる場合がございます。</P>","skin":null,"skin_goal":null,"skus":{"total":1,"items":[{"color_family":null,"coverage_options":null,"cross_sell":null,"display_status":7,"finish":null,"finish_options":null,"fragrances":[{"family":null,"key":null,"value":null}],"iln_listing":"サリチル酸*、塩化ベンザルコニウム*、精製水、エタノール、ハマメリス水、ナイロン末、１，３－ブチレングリコール、濃グリセリン、Ｎ－アセチルグルコサミン、ソルビット液、白糖、硫酸バリウム、無水カフェイン、炭酸水素ナトリウム、無水ケイ酸、第三ブタノール、海藻エキス（４）、エデト酸塩、安息香酸デナトニウム、パラベン<QDILN0073>　*は有効成分　無印はその他の成分","iln_version_number":null,"inventory_status":"Active","is_active":true,"is_coming_soon":null,"is_default_sku":false,"is_discountable":true,"is_displayable":null,"is_engravable":null,"is_fragrance":null,"is_giftable":null,"is_giftwrap":false,"is_inactive":null,"is_multi_shaded":null,"is_out_of_stock":null,"is_preorder":false,"is_preorderable":null,"is_promotional":null,"is_replenishable":false,"is_search_suppressed":null,"is_searchable":true,"is_shaded":null,"is_sized":null,"is_sold_out":null,"is_under_weight_hazmat":null,"is_vto_enabled":null,"life_of_product":"Basic Reorder","material_code":"6K0G010001","media":{"large":[{"alt":"アクネ クラリファイング<br>ローション(医薬部外品）","height":1200,"position":0,"src":"/media/export/cms/products/1200x1500/cl_sku_6K0G01_1200x1500_0.png","type":"image","width":1500}],"medium":[{"alt":"アクネ クラリファイング<br>ローション(医薬部外品）","height":600,"position":1,"src":"/media/export/cms/products/600x750/cl_sku_6K0G01_600x750_0.png","type":"image","width":750}],"model":null,"poster":null,"small":[{"alt":"アクネ クラリファイング<br>ローション(医薬部外品）","height":1200,"position":2,"src":"/media/export/cms/products/1200x1500/cl_sku_6K0G01_1200x1500_0.png","type":"image","width":1500}],"smoosh":null,"xl":null},"out_of_stock_threshold":null,"perlgem":{"SKU_BASE_ID":13789},"preorder_date":null,"prices":[{"currency":"JPY","exclude_tax":{"original_price":3800,"original_price_formatted":"¥3,800","price":3800,"price_formatted":"¥3,800","price_per_unit":null,"price_per_unit_formatted":""},"include_tax":{"original_price":4180,"original_price_formatted":"¥4,180","price":4180,"price_formatted":"¥4,180","price_per_unit":null,"price_per_unit_formatted":""},"is_discounted":false}],"purchase_limit":null,"replenishment":{"message":"Recommended Auto-Ship cycle: 6 weeks  Learn more >"},"reviews":{"average_rating":null,"number_of_questions":null,"number_of_reviews":null},"set_components":null,"shade_groups":null,"shades":null,"sizes":[{"key":1,"value":"200mL"}],"skin":{"tone":null,"type":null,"type_description":null},"sku_badge":null,"sku_badge_image":null,"sku_display_order":0,"sku_id":"6K0G01","sku_promo_messaging":null,"sku_type":"SE","sku_url":null,"tags":{"total":11,"items":[{"id":"14603","key":"アクネ","value":"アクネ"},{"id":"24780","key":"clarifying-lotion","value":"Clarifying Lotion"},{"id":"14598","key":"アクネ","value":"アクネ"},{"id":"1575","key":"ベストセラー","value":"ベストセラー"},{"id":"13300","key":"ローション","value":"ローション"},{"id":"25565","key":"justarrivednew","value":"justarrivednew"},{"id":"1573","key":"ステップ２ふき取る","value":"ステップ２：ふき取る"},{"id":"1668","key":"アクネ","value":"アクネ"},{"id":"14602","key":"オイルコントロール","value":"オイルコントロール"},{"id":"1682","key":"ふき取り化粧水化粧水","value":"ふき取り化粧水・化粧水"},{"id":"1670","key":"デイリーケア","value":"デイリーケア"}]},"texture":null,"undertone":null,"unit_of_measure":null,"unit_size":null,"unit_size_formatted":null,"upc":"020714281113","vto":{"is_color_experience":null,"is_foundation_experience":null}}]},"sub_display_name":"アクネ クラリファイング<br>ローション(医薬部外品）","sub_header":null,"tags":{"total":11,"items":[{"id":"14603","key":"アクネ","parent_tag_id":"1609","product_display_order":0,"value":"アクネ"},{"id":"24780","key":"clarifying-lotion","parent_tag_id":"13300","product_display_order":5,"value":"Clarifying Lotion"},{"id":"14598","key":"アクネ","parent_tag_id":"1570","product_display_order":1,"value":"アクネ"},{"id":"1575","key":"ベストセラー","parent_tag_id":null,"product_display_order":69,"value":"ベストセラー"},{"id":"13300","key":"ローション","parent_tag_id":"1667","product_display_order":12,"value":"ローション"},{"id":"25565","key":"justarrivednew","parent_tag_id":null,"product_display_order":2,"value":"justarrivednew"},{"id":"1573","key":"ステップ２ふき取る","parent_tag_id":"1570","product_display_order":8,"value":"ステップ２：ふき取る"},{"id":"1668","key":"アクネ","parent_tag_id":"1667","product_display_order":6,"value":"アクネ"},{"id":"14602","key":"オイルコントロール","parent_tag_id":"1609","product_display_order":0,"value":"オイルコントロール"},{"id":"1682","key":"ふき取り化粧水化粧水","parent_tag_id":"1667","product_display_order":6,"value":"ふき取り化粧水・化粧水"},{"id":"1670","key":"デイリーケア","parent_tag_id":"1668","product_display_order":3,"value":"デイリーケア"}]},"usage":[{"content":"パウダーが均一に混ざるよう、ボトルをよく振ってからお使いください。<br>朝と夜1日2回、ソープで洗顔後、コットンに適量を含ませ、目のまわりと唇を避けて、優しく拭き取ります。<br>● 顔剃り直後の使用は避けてください。","label":"PRODUCT USAGE","type":"product_usage"},{"content":null,"label":"HOW DOES IT WORK","type":"how_does_it_work"},{"content":null,"label":"WHO IT IS FOR","type":"who_it_is_for"},{"content":null,"label":"GREAT TO KNOW","type":"great_to_know"},{"content":null,"label":"WHAT_IT_DOES","type":"what_it_does"},{"content":null,"label":"WHAT_IT_IS","type":"what_it_is"}],"objectID":"4976"},{"benefit":{"statement":null,"benefits":null},"brand":null,"collection":[{"key":"even-better-collection","value":"even_better_collection"}],"coverage":null,"cross_sell":[{"sku_id":"Z0HJ01","sort_key":1},{"sku_id":"ZPY101","sort_key":2}],"default_category":{"id":"1682","key":"ふき取り化粧水化粧水"},"description":"メラニンの生成を抑えてシミ・ソバカスを防ぎ、キメの整った、透明感あふれる明るい肌へ。","display_mode":null,"display_name":"イーブン ベター ブライター エッセンス ローション〈医薬部外品〉","display_status":7,"finish":null,"form":[{"key":"lotion-form","value":"lotion_form"}],"formula_type":null,"fragrance_family":null,"indexable_keywords":[{"value":"イーブン ベター ブライター エッセンス ローション"},{"value":" 美白"}],"is_hazmat":false,"is_product_coming_soon":null,"is_product_displayable":true,"is_product_searchable":true,"is_product_shoppable":true,"is_product_sold_out":null,"is_product_temporarily_out_of_stock":null,"is_search_suppressed":null,"key_ingredient":"N-アセチルグルコサミン、ヒアルロン酸Na、カンゾウ葉エキスなどの保湿成分が、しっとりふっくらとした潤いあふれる肌へと導きます。","media":{"large":null,"medium":null,"poster":null,"small":null,"videos":[{"position":null,"poster":{"height":null,"src":null,"width":null},"provider":"YouTube","src":null},{"position":null,"poster":{"height":null,"src":null,"width":null},"provider":"YouTube","src":null},{"position":null,"poster":{"height":null,"src":null,"width":null},"provider":"YouTube","src":null}],"xl":null},"meta":{"description":null,"keywords":null},"parent_category":[{"id":"1682","value":"ふき取り化粧水・化粧水"},{"id":"1667","value":"スキンケア"}],"product_badge":null,"product_id":"49847","product_title_tag":null,"product_type":"Other","product_url":"/product/1682/49847/-/even-better-brighter-essence-lotion","reviews":{"average_rating":null,"number_of_questions":null,"number_of_reviews":null},"shade_groups":null,"short_description":"メラニンの生成を抑えてシミ・ソバカスを防ぎ、キメの整った、透明感あふれる明るい肌へ。 ","skin":{"concern":[{"key":"dark-spots-concern","value":"dark_spots_concern"},{"key":"spf-concern","value":"spf_concern"}]},"skin_goal":null,"skus":{"total":1,"items":[{"color_family":null,"coverage_options":null,"cross_sell":null,"display_status":7,"finish":null,"finish_options":null,"fragrances":[{"family":null,"key":null,"value":null}],"iln_listing":"Ｌ－アスコルビン酸　２－グルコシド*、グリチルリチン酸ジカリウム*、精製水、ポリオキシエチレンメチルグルコシド、エタノール、ポリオキシエチレングリセリン（２６Ｅ．Ｏ．）、１，３－ブチレングリコール、濃グリセリン、ポリオキシエチレン・メチルポリシロキサン共重合体、海藻エキス（４）、２－アミノ－２－ヒドロキシメチル－１，３－プロパンジオール、白糖、Ｎ－アセチルグルコサミン、尿素、クエン酸ナトリウム、１，２－オクタンジオール、無水カフェイン、無水クエン酸、ポリオキシエチレンポリオキシプロピレンデシルテトラデシルエーテル、プルーン酵素分解物、Ｌ－アルギニン、エデト酸塩、ヒアルロン酸ナトリウム（２）、黒砂糖、ヒドロキシエチルセルロース、テトラ２－ヘキシルデカン酸アスコルビル、オウゴンエキス、海藻エキス（１）、第三ブタノール、酵母多糖体末、カンゾウ葉エキス、安息香酸デナトニウム、チャエキス（１）、トコフェロール、フェノキシエタノール、ソルビン酸塩、ソルビン酸<QDILN288>　*は有効成分　無印はその他の成分","iln_version_number":null,"inventory_status":"Active","is_active":true,"is_coming_soon":null,"is_default_sku":false,"is_discountable":true,"is_displayable":null,"is_engravable":null,"is_fragrance":null,"is_giftable":null,"is_giftwrap":false,"is_inactive":null,"is_multi_shaded":null,"is_out_of_stock":null,"is_preorder":false,"is_preorderable":null,"is_promotional":null,"is_replenishable":false,"is_search_suppressed":null,"is_searchable":true,"is_shaded":null,"is_sized":null,"is_sold_out":null,"is_under_weight_hazmat":false,"is_vto_enabled":null,"life_of_product":"Basic Reorder","material_code":"K399010001","media":{"large":[{"alt":"イーブン ベター ブライター エッセンス ローション〈医薬部外品〉","height":1200,"position":0,"src":"/media/export/cms/products/1200x1500/cl_sku_K39901_1200x1500_0.png","type":"image","width":1500}],"medium":[{"alt":"イーブン ベター ブライター エッセンス ローション〈医薬部外品〉","height":600,"position":1,"src":"/media/export/cms/products/600x750/cl_sku_K39901_600x750_0.png","type":"image","width":750}],"model":null,"poster":null,"small":[{"alt":"イーブン ベター ブライター エッセンス ローション〈医薬部外品〉","height":1200,"position":2,"src":"/media/export/cms/products/1200x1500/cl_sku_K39901_1200x1500_0.png","type":"image","width":1500}],"smoosh":null,"xl":null},"out_of_stock_threshold":null,"perlgem":{"SKU_BASE_ID":82088},"preorder_date":null,"prices":[{"currency":"JPY","exclude_tax":{"original_price":6500,"original_price_formatted":"¥6,500","price":6500,"price_formatted":"¥6,500","price_per_unit":null,"price_per_unit_formatted":""},"include_tax":{"original_price":7150,"original_price_formatted":"¥7,150","price":7150,"price_formatted":"¥7,150","price_per_unit":null,"price_per_unit_formatted":""},"is_discounted":false}],"purchase_limit":null,"replenishment":{"message":null},"reviews":{"average_rating":null,"number_of_questions":null,"number_of_reviews":null},"set_components":null,"shade_groups":null,"shades":null,"sizes":[{"key":1,"value":"200mL"}],"skin":{"tone":null,"type":[{"key":"very-dry-skintype","value":"very_dry_skintype"},{"key":"combination-skintype","value":"combination_skintype"},{"key":"oily-skintype","value":"oily_skintype"}],"type_description":null},"sku_badge":null,"sku_badge_image":null,"sku_display_order":0,"sku_id":"K39901","sku_promo_messaging":null,"sku_type":"SE","sku_url":null,"tags":{"total":12,"items":[{"id":"13300","key":"ローション","value":"ローション"},{"id":"14666","key":"watery-lotions","value":"Watery Lotions"},{"id":"1693","key":"シミソバカス","value":"シミ・ソバカス"},{"id":"1575","key":"ベストセラー","value":"ベストセラー"},{"id":"1682","key":"ふき取り化粧水化粧水","value":"ふき取り化粧水・化粧水"},{"id":"1679","key":"dullness","value":"Dullness"},{"id":"13051","key":"スキンケア-ベストセラー","value":"スキンケア ベストセラー"},{"id":"1667","key":"スキンケア","value":"スキンケア"},{"id":"27169","key":"day2flashsale","value":"Day2FlashSale"},{"id":"1585","key":"gift-center","value":"Gift Center"},{"id":"27174","key":"day7flashsale","value":"Day7FlashSale"},{"id":"27172","key":"day5flashsale","value":"Day5FlashSale"}]},"texture":null,"undertone":null,"unit_of_measure":null,"unit_size":null,"unit_size_formatted":null,"upc":"020714887575","vto":{"is_color_experience":null,"is_foundation_experience":null}}]},"sub_display_name":"イーブン ベター ブライター エッセンス ローション〈医薬部外品〉","sub_header":null,"tags":{"total":12,"items":[{"id":"13300","key":"ローション","parent_tag_id":"1667","product_display_order":3,"value":"ローション"},{"id":"14666","key":"watery-lotions","parent_tag_id":"1667","product_display_order":0,"value":"Watery Lotions"},{"id":"1693","key":"シミソバカス","parent_tag_id":"1667","product_display_order":1,"value":"シミ・ソバカス"},{"id":"1575","key":"ベストセラー","parent_tag_id":null,"product_display_order":34,"value":"ベストセラー"},{"id":"1682","key":"ふき取り化粧水化粧水","parent_tag_id":"1667","product_display_order":1,"value":"ふき取り化粧水・化粧水"},{"id":"1679","key":"dullness","parent_tag_id":"1667","product_display_order":0,"value":"Dullness"},{"id":"13051","key":"スキンケア-ベストセラー","parent_tag_id":"1667","product_display_order":17,"value":"スキンケア ベストセラー"},{"id":"1667","key":"スキンケア","parent_tag_id":null,"product_display_order":131,"value":"スキンケア"},{"id":"27169","key":"day2flashsale","parent_tag_id":"1590","product_display_order":0,"value":"Day2FlashSale"},{"id":"1585","key":"gift-center","parent_tag_id":null,"product_display_order":0,"value":"Gift Center"},{"id":"27174","key":"day7flashsale","parent_tag_id":"1590","product_display_order":0,"value":"Day7FlashSale"},{"id":"27172","key":"day5flashsale","parent_tag_id":"1590","product_display_order":65,"value":"Day5FlashSale"}]},"usage":[{"content":"<ul><li>朝晩のクレンジングとふき取りの後にお使いください。</li><li>コットンを使用し、顔全体になじませます。</li></ul>","label":"PRODUCT USAGE","type":"product_usage"},{"content":null,"label":"HOW DOES IT WORK","type":"how_does_it_work"},{"content":null,"label":"WHO IT IS FOR","type":"who_it_is_for"},{"content":null,"label":"GREAT TO KNOW","type":"great_to_know"},{"content":"すばやく肌に潤いを与えます。まるで内側から輝くような透明感あふれる明るい肌へ。ふっくらと柔らかく、キメの整ったなめらかな肌を保ちます。","label":"WHAT_IT_DOES","type":"what_it_does"},{"content":null,"label":"WHAT_IT_IS","type":"what_it_is"}],"objectID":"49847"},{"benefit":{"statement":null,"benefits":null},"brand":null,"collection":null,"coverage":null,"cross_sell":[{"sku_id":"7F1C01","sort_key":1},{"sku_id":"68LE01","sort_key":2},{"sku_id":"76WY01","sort_key":3},{"sku_id":"6LKG01","sort_key":4},{"sku_id":"6KKA01","sort_key":5},{"sku_id":"Z0HJ01","sort_key":6}],"default_category":{"id":"14706","key":"スペシャルケア"},"description":"洗い流せるクリームベースで穏やかな感触のスクラブ。スベスベなめらかになり、透明感のある肌に。<BR>オール スキンタイプ","display_mode":null,"display_name":"セブンデイ スクラブ クリーム<br>リンス オフ フォーミュラ","display_status":7,"finish":null,"form":null,"formula_type":null,"fragrance_family":null,"indexable_keywords":[{"value":"トリートメント"},{"value":"スキンケア"},{"value":"skincare"},{"value":"skin care"},{"value":"スクラブ"},{"value":"エクスフォリエーター"}],"is_hazmat":false,"is_product_coming_soon":null,"is_product_displayable":true,"is_product_searchable":true,"is_product_shoppable":true,"is_product_sold_out":null,"is_product_temporarily_out_of_stock":null,"is_search_suppressed":null,"key_ingredient":null,"media":{"large":[{"alt":"セブンデイ スクラブ クリーム<br>リンス オフ フォーミュラ","height":1200,"position":0,"src":"/media/export/cms/products/1200x1500/cl_prod_5003_1200x1500_0.png","type":"image","width":1500}],"medium":null,"poster":null,"small":[{"alt":"セブンデイ スクラブ クリーム<br>リンス オフ フォーミュラ","height":1200,"position":1,"src":"/media/export/cms/products/1200x1500/cl_prod_5003_1200x1500_0.png","type":"image","width":1500}],"videos":[{"position":null,"poster":{"height":null,"src":null,"width":null},"provider":null,"src":null},{"position":null,"poster":{"height":null,"src":null,"width":null},"provider":null,"src":null},{"position":null,"poster":{"height":null,"src":null,"width":null},"provider":null,"src":null}],"xl":null},"meta":{"description":null,"keywords":"exfoliating"},"parent_category":[{"id":"14706","value":"スペシャルケア"},{"id":"1667","value":"スキンケア"}],"product_badge":null,"product_id":"5003","product_title_tag":null,"product_type":"Other","product_url":"/product/14706/5003/-/7-day-scrub-cream","reviews":{"average_rating":null,"number_of_questions":null,"number_of_reviews":null},"shade_groups":null,"short_description":"洗い流せるクリームベースで穏やかな感触のスクラブ。<BR>オール スキンタイプ","skin":null,"skin_goal":null,"skus":{"total":1,"items":[{"color_family":null,"coverage_options":null,"cross_sell":null,"display_status":7,"finish":null,"finish_options":null,"fragrances":[{"family":null,"key":null,"value":null}],"iln_listing":"水・テトラオクタン酸ペンタエリスリチル・トリカプリリン・ＢＧ・ステアリン酸グリセリル・トリ（カプリル／カプリン酸）グリセリル・ヤシ油・ポリエチレン・セテアリルアルコール・ステアリン酸イソセチル・フェノキシエタノール・セテアレス－２０・ソルビトール・オレス－１０リン酸・カルボマー・ココアンホジプロピオン酸２Ｎａ・トロメタミン・メチルパラベン・ステアリルアルコール・イソプロピルパラベン・イソブチルパラベン・ブチルパラベン・ＥＤＴＡ－２Ｎａ・ビサボロール<JILN0295>","iln_version_number":"JILN0295","inventory_status":"Active","is_active":true,"is_coming_soon":null,"is_default_sku":true,"is_discountable":true,"is_displayable":null,"is_engravable":null,"is_fragrance":null,"is_giftable":null,"is_giftwrap":false,"is_inactive":null,"is_multi_shaded":null,"is_out_of_stock":null,"is_preorder":false,"is_preorderable":null,"is_promotional":null,"is_replenishable":false,"is_search_suppressed":null,"is_searchable":true,"is_shaded":null,"is_sized":null,"is_sold_out":null,"is_under_weight_hazmat":false,"is_vto_enabled":null,"life_of_product":"Basic Reorder","material_code":"667H010001","media":{"large":[{"alt":"セブンデイ スクラブ クリーム<br>リンス オフ フォーミュラ","height":1200,"position":0,"src":"/media/export/cms/products/1200x1500/cl_sku_667H01_1200x1500_0.png","type":"image","width":1500}],"medium":[{"alt":"セブンデイ スクラブ クリーム<br>リンス オフ フォーミュラ","height":600,"position":1,"src":"/media/export/cms/products/600x750/cl_sku_667H01_600x750_0.png","type":"image","width":750},{"alt":"セブンデイ スクラブ クリーム<br>リンス オフ フォーミュラ","height":600,"position":2,"src":"/media/export/cms/products/600x750/cl_sku_667H01_600x750_1.png","type":"image","width":750}],"model":null,"poster":null,"small":[{"alt":"セブンデイ スクラブ クリーム<br>リンス オフ フォーミュラ","height":1200,"position":3,"src":"/media/export/cms/products/1200x1500/cl_sku_667H01_1200x1500_0.png","type":"image","width":1500}],"smoosh":null,"xl":null},"out_of_stock_threshold":null,"perlgem":{"SKU_BASE_ID":12414},"preorder_date":null,"prices":[{"currency":"JPY","exclude_tax":{"original_price":3000,"original_price_formatted":"¥3,000","price":3000,"price_formatted":"¥3,000","price_per_unit":null,"price_per_unit_formatted":""},"include_tax":{"original_price":3300,"original_price_formatted":"¥3,300","price":3300,"price_formatted":"¥3,300","price_per_unit":null,"price_per_unit_formatted":""},"is_discounted":false}],"purchase_limit":null,"replenishment":{"message":"Recommended Auto-Ship cycle: 12 weeks  Learn more >"},"reviews":{"average_rating":null,"number_of_questions":null,"number_of_reviews":null},"set_components":null,"shade_groups":null,"shades":null,"sizes":[{"key":1,"value":"100mL"}],"skin":{"tone":null,"type":null,"type_description":null},"sku_badge":null,"sku_badge_image":null,"sku_display_order":1,"sku_id":"667H01","sku_promo_messaging":null,"sku_type":"SE","sku_url":null,"tags":{"total":9,"items":[{"id":"1575","key":"ベストセラー","value":"ベストセラー"},{"id":"1682","key":"ふき取り化粧水化粧水","value":"ふき取り化粧水・化粧水"},{"id":"13304","key":"スペシャルケア","value":"スペシャルケア"},{"id":"27173","key":"day6flashsale","value":"Day6FlashSale"},{"id":"14706","key":"スペシャルケア","value":"スペシャルケア"},{"id":"1673","key":"クレンジング洗顔","value":"クレンジング・洗顔"},{"id":"25565","key":"justarrivednew","value":"justarrivednew"},{"id":"27174","key":"day7flashsale","value":"Day7FlashSale"},{"id":"27172","key":"day5flashsale","value":"Day5FlashSale"}]},"texture":null,"undertone":null,"unit_of_measure":null,"unit_size":null,"unit_size_formatted":null,"upc":"020714045159","vto":{"is_color_experience":null,"is_foundation_experience":null}}]},"sub_display_name":"セブンデイ スクラブ クリーム<br>リンス オフ フォーミュラ","sub_header":null,"tags":{"total":9,"items":[{"id":"1575","key":"ベストセラー","parent_tag_id":null,"product_display_order":80,"value":"ベストセラー"},{"id":"1682","key":"ふき取り化粧水化粧水","parent_tag_id":"1667","product_display_order":25,"value":"ふき取り化粧水・化粧水"},{"id":"13304","key":"スペシャルケア","parent_tag_id":"1667","product_display_order":51,"value":"スペシャルケア"},{"id":"27173","key":"day6flashsale","parent_tag_id":"1590","product_display_order":0,"value":"Day6FlashSale"},{"id":"14706","key":"スペシャルケア","parent_tag_id":"1667","product_display_order":41,"value":"スペシャルケア"},{"id":"1673","key":"クレンジング洗顔","parent_tag_id":"1667","product_display_order":20,"value":"クレンジング・洗顔"},{"id":"25565","key":"justarrivednew","parent_tag_id":null,"product_display_order":0,"value":"justarrivednew"},{"id":"27174","key":"day7flashsale","parent_tag_id":"1590","product_display_order":0,"value":"Day7FlashSale"},{"id":"27172","key":"day5flashsale","parent_tag_id":"1590","product_display_order":32,"value":"Day5FlashSale"}]},"usage":[{"content":"クレンジング後、目のまわりを避け、適量を肌にとり、指先で小さな円を描くように軽くのばします。ぬるま湯で洗い流すか、またはティッシュで拭き取った後、ソープで洗顔してください。","label":"PRODUCT USAGE","type":"product_usage"},{"content":null,"label":"HOW DOES IT WORK","type":"how_does_it_work"},{"content":null,"label":"WHO IT IS FOR","type":"who_it_is_for"},{"content":null,"label":"GREAT TO KNOW","type":"great_to_know"},{"content":null,"label":"WHAT_IT_DOES","type":"what_it_does"},{"content":null,"label":"WHAT_IT_IS","type":"what_it_is"}],"objectID":"5003"},{"benefit":{"statement":null,"benefits":null},"brand":null,"collection":[{"key":"dramatically-dif-collection","value":"dramatically_dif_collection"}],"coverage":null,"cross_sell":[{"sku_id":null,"sort_key":1},{"sku_id":"76X101","sort_key":2},{"sku_id":"6KKF01","sort_key":3},{"sku_id":"6KKJ01","sort_key":4},{"sku_id":"76WY01","sort_key":5}],"default_category":{"id":"13301","key":"乳液クリーム"},"description":"<span class=\"text2-detail font-mini\"><span id=\"goodsDetailsNote1PC\">水分バランスを整える、爽やかなジェル状乳液。軽やかにのび、角質層のすみずみまで吸いこまれるように浸透。しっかり水分補給し、みずみずしさを逃がしません。さらに、過剰な皮脂やテカリを防ぐオイルコントロール機能も。 スキンタイプ3・4用(混合～脂性肌)<br><br>※製品パッケージは画像と異なる場合がございます。</span></span>","display_mode":null,"display_name":"DDMG 「ドラマティカリー ディファレント モイスチャライジング ジェル」","display_status":7,"finish":null,"form":[{"key":"gel-form","value":"gel_form"}],"formula_type":null,"fragrance_family":null,"indexable_keywords":[{"value":"乳液"},{"value":"3ステップ"},{"value":"DDMG"}],"is_hazmat":false,"is_product_coming_soon":null,"is_product_displayable":true,"is_product_searchable":true,"is_product_shoppable":true,"is_product_sold_out":null,"is_product_temporarily_out_of_stock":null,"is_search_suppressed":null,"key_ingredient":null,"media":{"large":[{"alt":"DDMG 「ドラマティカリー ディファレント モイスチャライジング ジェル」","height":1200,"position":0,"src":"/media/export/cms/products/1200x1500/cl_prod_5047_1200x1500_0.png","type":"image","width":1500},{"alt":"DDMG 「ドラマティカリー ディファレント モイスチャライジング ジェル」","height":1200,"position":1,"src":"/media/export/cms/products/1200x1500/cl_prod_5047_1200x1500_1.png","type":"image","width":1500}],"medium":null,"poster":null,"small":[{"alt":"DDMG 「ドラマティカリー ディファレント モイスチャライジング ジェル」","height":1200,"position":2,"src":"/media/export/cms/products/1200x1500/cl_prod_5047_1200x1500_0.png","type":"image","width":1500},{"alt":"DDMG 「ドラマティカリー ディファレント モイスチャライジング ジェル」","height":1200,"position":3,"src":"/media/export/cms/products/1200x1500/cl_prod_5047_1200x1500_1.png","type":"image","width":1500}],"videos":[{"position":null,"poster":{"height":null,"src":null,"width":null},"provider":"YouTube","src":null},{"position":null,"poster":{"height":null,"src":null,"width":null},"provider":"YouTube","src":null},{"position":null,"poster":{"height":null,"src":null,"width":null},"provider":"YouTube","src":null}],"xl":null},"meta":{"description":null,"keywords":"乳液,3ステップ,DDMG"},"parent_category":[{"id":"13301","value":"乳液・クリーム"},{"id":"1667","value":"スキンケア"}],"product_badge":null,"product_id":"5047","product_title_tag":null,"product_type":"Sized","product_url":"/product/13301/5047/ddmg--/dramatically-different-moisturizing-gel","reviews":{"average_rating":null,"number_of_questions":null,"number_of_reviews":null},"shade_groups":null,"short_description":"水分バランスを整える、爽やかなジェル状乳液。","skin":{"concern":[{"key":"dry-concern","value":"dry_concern"}]},"skin_goal":null,"skus":{"total":2,"items":[{"color_family":null,"coverage_options":null,"cross_sell":null,"display_status":7,"finish":null,"finish_options":null,"fragrances":[{"family":null,"key":null,"value":null}],"iln_listing":"水・ジメチコン・水添ポリイソブテン・ＢＧ・ジメチコンコポリオール・グリセリン・シリカ・（アクリロイルジメチルタウリンアンモニウム／ＶＰ）コポリマー・フェノキシエタノール・オレス－１０・カルボマー・トロメタミン・メチルパラベン・酢酸トコフェロール・乳酸桿菌発酵液・カフェイン・ポリシリコーン－１１・ジカプリン酸ＰＧ・ヒマワリ油粕・ＥＤＴＡ－２Ｎａ・ヒアルロン酸Ｎａ・トレハロース・ラウレス－２３・ラウレス－４・ローマカミツレ花油・オオムギエキス・イタドリ根エキス・キュウリ果実エキス・カラフトコンブエキス・黄４・サッカロミセス溶解質エキス・黄５・赤５０４<JILN2434>","iln_version_number":"JILN2434","inventory_status":"Active","is_active":true,"is_coming_soon":null,"is_default_sku":false,"is_discountable":true,"is_displayable":null,"is_engravable":null,"is_fragrance":null,"is_giftable":null,"is_giftwrap":false,"is_inactive":null,"is_multi_shaded":null,"is_out_of_stock":null,"is_preorder":false,"is_preorderable":null,"is_promotional":null,"is_replenishable":false,"is_search_suppressed":null,"is_searchable":true,"is_shaded":null,"is_sized":null,"is_sold_out":null,"is_under_weight_hazmat":false,"is_vto_enabled":null,"life_of_product":"Basic Reorder","material_code":"6EM7010001","media":{"large":[{"alt":"DDMG 「ドラマティカリー ディファレント モイスチャライジング ジェル」","height":1200,"position":0,"src":"/media/export/cms/products/1200x1500/cl_sku_6EM701_1200x1500_0.png","type":"image","width":1500}],"medium":[{"alt":"DDMG 「ドラマティカリー ディファレント モイスチャライジング ジェル」","height":600,"position":1,"src":"/media/export/cms/products/600x750/cl_sku_6EM701_600x750_0.png","type":"image","width":750}],"model":null,"poster":null,"small":[{"alt":"DDMG 「ドラマティカリー ディファレント モイスチャライジング ジェル」","height":1200,"position":2,"src":"/media/export/cms/products/1200x1500/cl_sku_6EM701_1200x1500_0.png","type":"image","width":1500}],"smoosh":null,"xl":null},"out_of_stock_threshold":null,"perlgem":{"SKU_BASE_ID":13165},"preorder_date":null,"prices":[{"currency":"JPY","exclude_tax":{"original_price":3500,"original_price_formatted":"¥3,500","price":3500,"price_formatted":"¥3,500","price_per_unit":null,"price_per_unit_formatted":""},"include_tax":{"original_price":3850,"original_price_formatted":"¥3,850","price":3850,"price_formatted":"¥3,850","price_per_unit":null,"price_per_unit_formatted":""},"is_discounted":false}],"purchase_limit":null,"replenishment":{"message":"Recommended Auto-Ship cycle: 6 weeks  Learn more >"},"reviews":{"average_rating":null,"number_of_questions":null,"number_of_reviews":null},"set_components":null,"shade_groups":null,"shades":null,"sizes":[{"key":1,"value":"50mL（チューブ）"}],"skin":{"tone":null,"type":[{"key":"combination-skintype","value":"combination_skintype"},{"key":"oily-skintype","value":"oily_skintype"}],"type_description":null},"sku_badge":null,"sku_badge_image":null,"sku_display_order":0,"sku_id":"6EM701","sku_promo_messaging":null,"sku_type":"SE","sku_url":null,"tags":{"total":14,"items":[{"id":"9422","key":"socialmediafavs","value":"socialmediafavs"},{"id":"12602","key":"jumbo-3-step","value":"Jumbo 3-Step"},{"id":"12794","key":"タイプ３混合脂性","value":"タイプ３：混合～脂性"},{"id":"13051","key":"スキンケア-ベストセラー","value":"スキンケア ベストセラー"},{"id":"9428","key":"top10","value":"top10"},{"id":"16422","key":"セットギフト","value":"セット＆ギフト"},{"id":"1570","key":"３ステップ","value":"３ステップ"},{"id":"1687","key":"乾燥","value":"乾燥"},{"id":"1574","key":"ステップ３潤す","value":"ステップ３：潤す"},{"id":"1575","key":"ベストセラー","value":"ベストセラー"},{"id":"27172","key":"day5flashsale","value":"Day5FlashSale"},{"id":"12795","key":"タイプ４脂性","value":"タイプ４：脂性"},{"id":"13301","key":"乳液クリーム","value":"乳液・クリーム"},{"id":"12517","key":"oil-free","value":"Oil-Free"}]},"texture":null,"undertone":null,"unit_of_measure":null,"unit_size":null,"unit_size_formatted":null,"upc":"020714222864","vto":{"is_color_experience":null,"is_foundation_experience":null}},{"color_family":null,"coverage_options":null,"cross_sell":null,"display_status":7,"finish":null,"finish_options":null,"fragrances":[{"family":null,"key":null,"value":null}],"iln_listing":"水・ジメチコン・水添ポリイソブテン・ＢＧ・ジメチコンコポリオール・グリセリン・シリカ・（アクリロイルジメチルタウリンアンモニウム／ＶＰ）コポリマー・フェノキシエタノール・オレス－１０・カルボマー・トロメタミン・メチルパラベン・酢酸トコフェロール・乳酸桿菌発酵液・カフェイン・ポリシリコーン－１１・ジカプリン酸ＰＧ・ヒマワリ油粕・ＥＤＴＡ－２Ｎａ・ヒアルロン酸Ｎａ・トレハロース・ラウレス－２３・ラウレス－４・ローマカミツレ花油・オオムギエキス・イタドリ根エキス・キュウリ果実エキス・カラフトコンブエキス・黄４・サッカロミセス溶解質エキス・黄５・赤５０４<JILN2434>","iln_version_number":"JILN2434","inventory_status":"Active","is_active":true,"is_coming_soon":null,"is_default_sku":true,"is_discountable":true,"is_displayable":null,"is_engravable":null,"is_fragrance":null,"is_giftable":null,"is_giftwrap":false,"is_inactive":null,"is_multi_shaded":null,"is_out_of_stock":null,"is_preorder":false,"is_preorderable":null,"is_promotional":null,"is_replenishable":false,"is_search_suppressed":null,"is_searchable":true,"is_shaded":null,"is_sized":null,"is_sold_out":null,"is_under_weight_hazmat":false,"is_vto_enabled":null,"life_of_product":"Basic Reorder","material_code":"6EM601G000","media":{"large":[{"alt":"DDMG 「ドラマティカリー ディファレント モイスチャライジング ジェル」","height":1200,"position":0,"src":"/media/export/cms/products/1200x1500/cl_sku_6EM601_1200x1500_0.png","type":"image","width":1500}],"medium":[{"alt":"DDMG 「ドラマティカリー ディファレント モイスチャライジング ジェル」","height":600,"position":1,"src":"/media/export/cms/products/600x750/cl_sku_6EM601_600x750_0.png","type":"image","width":750},{"alt":"DDMG 「ドラマティカリー ディファレント モイスチャライジング ジェル」","height":600,"position":2,"src":"/media/export/cms/products/600x750/cl_sku_6EM601_600x750_1.png","type":"image","width":750}],"model":null,"poster":null,"small":[{"alt":"DDMG 「ドラマティカリー ディファレント モイスチャライジング ジェル」","height":1200,"position":3,"src":"/media/export/cms/products/1200x1500/cl_sku_6EM601_1200x1500_0.png","type":"image","width":1500}],"smoosh":null,"xl":null},"out_of_stock_threshold":null,"perlgem":{"SKU_BASE_ID":19483},"preorder_date":null,"prices":[{"currency":"JPY","exclude_tax":{"original_price":6500,"original_price_formatted":"¥6,500","price":6500,"price_formatted":"¥6,500","price_per_unit":null,"price_per_unit_formatted":""},"include_tax":{"original_price":7150,"original_price_formatted":"¥7,150","price":7150,"price_formatted":"¥7,150","price_per_unit":null,"price_per_unit_formatted":""},"is_discounted":false}],"purchase_limit":null,"replenishment":{"message":"Recommended Auto-Ship cycle: 12 weeks  Learn more >"},"reviews":{"average_rating":null,"number_of_questions":null,"number_of_reviews":null},"set_components":null,"shade_groups":null,"shades":null,"sizes":[{"key":1,"value":"125mL(ポンプ)"}],"skin":{"tone":null,"type":[{"key":"combination-skintype","value":"combination_skintype"},{"key":"oily-skintype","value":"oily_skintype"}],"type_description":null},"sku_badge":null,"sku_badge_image":null,"sku_display_order":0,"sku_id":"6EM601","sku_promo_messaging":null,"sku_type":"SE","sku_url":null,"tags":{"total":19,"items":[{"id":"9422","key":"socialmediafavs","value":"socialmediafavs"},{"id":"12602","key":"jumbo-3-step","value":"Jumbo 3-Step"},{"id":"15513","key":"recommendedforstudents","value":"RecommendedforStudents"},{"id":"12794","key":"タイプ３混合脂性","value":"タイプ３：混合～脂性"},{"id":"9428","key":"top10","value":"top10"},{"id":"16422","key":"セットギフト","value":"セット＆ギフト"},{"id":"1570","key":"３ステップ","value":"３ステップ"},{"id":"13563","key":"skin-care","value":"Skin Care"},{"id":"1687","key":"乾燥","value":"乾燥"},{"id":"22835","key":"breastcancercampaign","value":"BreastCancerCampaign"},{"id":"1574","key":"ステップ３潤す","value":"ステップ３：潤す"},{"id":"13561","key":"holiday-2014","value":"Holiday 2014"},{"id":"1575","key":"ベストセラー","value":"ベストセラー"},{"id":"19886","key":"キャンペーン対象製品","value":"キャンペーン対象製品"},{"id":"25565","key":"justarrivednew","value":"justarrivednew"},{"id":"27172","key":"day5flashsale","value":"Day5FlashSale"},{"id":"12795","key":"タイプ４脂性","value":"タイプ４：脂性"},{"id":"13301","key":"乳液クリーム","value":"乳液・クリーム"},{"id":"12517","key":"oil-free","value":"Oil-Free"}]},"texture":null,"undertone":null,"unit_of_measure":null,"unit_size":null,"unit_size_formatted":null,"upc":"020714222857","vto":{"is_color_experience":null,"is_foundation_experience":null}}]},"sub_display_name":"DDMG 「ドラマティカリー ディファレント モイスチャライジング ジェル」","sub_header":null,"tags":{"total":21,"items":[{"id":"9422","key":"socialmediafavs","parent_tag_id":"9420","product_display_order":0,"value":"socialmediafavs"},{"id":"12602","key":"jumbo-3-step","parent_tag_id":"1570","product_display_order":13,"value":"Jumbo 3-Step"},{"id":"15513","key":"recommendedforstudents","parent_tag_id":"4323","product_display_order":0,"value":"RecommendedforStudents"},{"id":"12794","key":"タイプ３混合脂性","parent_tag_id":"1570","product_display_order":7,"value":"タイプ３：混合～脂性"},{"id":"13051","key":"スキンケア-ベストセラー","parent_tag_id":"1667","product_display_order":39,"value":"スキンケア ベストセラー"},{"id":"9428","key":"top10","parent_tag_id":"9420","product_display_order":13,"value":"top10"},{"id":"16422","key":"セットギフト","parent_tag_id":"1585","product_display_order":264,"value":"セット＆ギフト"},{"id":"1570","key":"３ステップ","parent_tag_id":null,"product_display_order":3,"value":"３ステップ"},{"id":"13563","key":"skin-care","parent_tag_id":"13561","product_display_order":10,"value":"Skin Care"},{"id":"1687","key":"乾燥","parent_tag_id":"1667","product_display_order":6,"value":"乾燥"},{"id":"22835","key":"breastcancercampaign","parent_tag_id":"1000020","product_display_order":4,"value":"BreastCancerCampaign"},{"id":"1574","key":"ステップ３潤す","parent_tag_id":"1570","product_display_order":23,"value":"ステップ３：潤す"},{"id":"13561","key":"holiday-2014","parent_tag_id":null,"product_display_order":33,"value":"Holiday 2014"},{"id":"1575","key":"ベストセラー","parent_tag_id":null,"product_display_order":46,"value":"ベストセラー"},{"id":"19886","key":"キャンペーン対象製品","parent_tag_id":"1000020","product_display_order":2,"value":"キャンペーン対象製品"},{"id":"25565","key":"justarrivednew","parent_tag_id":null,"product_display_order":3,"value":"justarrivednew"},{"id":"27172","key":"day5flashsale","parent_tag_id":"1590","product_display_order":30,"value":"Day5FlashSale"},{"id":"12795","key":"タイプ４脂性","parent_tag_id":"1570","product_display_order":6,"value":"タイプ４：脂性"},{"id":"13301","key":"乳液クリーム","parent_tag_id":"1667","product_display_order":13,"value":"乳液・クリーム"},{"id":"13659","key":"トライアルサイズ","parent_tag_id":"1667","product_display_order":44,"value":"トライアルサイズ"},{"id":"12517","key":"oil-free","parent_tag_id":"1667","product_display_order":0,"value":"Oil-Free"}]},"usage":[{"content":"1日2回、クラリファイング ローションの後、顔全体または乾燥している部分に使います。","label":"PRODUCT USAGE","type":"product_usage"},{"content":null,"label":"HOW DOES IT WORK","type":"how_does_it_work"},{"content":"スキンタイプ3・4用(混合～脂性肌)","label":"WHO IT IS FOR","type":"who_it_is_for"},{"content":null,"label":"GREAT TO KNOW","type":"great_to_know"},{"content":"軽やかにのび、角質層のすみずみまで吸いこまれるように浸透。しっかり水分補給し、みずみずしさを逃がしません。さらに、過剰な皮脂やテカリを防ぐオイルコントロール機能も。","label":"WHAT_IT_DOES","type":"what_it_does"},{"content":"水分バランスを整える、爽やかなジェル状乳液。","label":"WHAT_IT_IS","type":"what_it_is"}],"objectID":"5047"},{"benefit":{"statement":null,"benefits":null},"brand":null,"collection":null,"coverage":null,"cross_sell":[{"sku_id":"ZEK203","sort_key":1},{"sku_id":"7THL04","sort_key":2},{"sku_id":"ZN9101","sort_key":3},{"sku_id":"68NT01","sort_key":4},{"sku_id":"ZP4T01","sort_key":5}],"default_category":{"id":"1673","key":"クレンジング洗顔"},"description":"ミセラージェルが水状へと変化しながら、メーク落としと洗顔が１ステップで完了するジェル状クレンジング&洗顔料。潤いを保ちながら、メークを穏やかに落とし、汗や皮脂等の汚れも取り除きます。洗い流し不要で、肌はしっとりと心地よい感触に。目もとや口もとにもお使いいただけます。すべてのスキンタイプに。敏感肌の方にも。<br>※ウォータープルーフ等の強力なメークを落とす際は、専用のリムーバーをお使いください。<br><sub>※49gは、クリニーク公式オンラインショップ、ワールド オンラインストア、セミセルフ店*限定発売</sub><br><sup>*イセタン ミラー、コスメーム、フルーツ ギャザリングなど</sup><br>","display_mode":null,"display_name":"2in1 クレンジング ミセラー ジェル & ライト メークアップ リムーバー","display_status":7,"finish":null,"form":null,"formula_type":null,"fragrance_family":null,"indexable_keywords":null,"is_hazmat":false,"is_product_coming_soon":null,"is_product_displayable":true,"is_product_searchable":true,"is_product_shoppable":true,"is_product_sold_out":null,"is_product_temporarily_out_of_stock":null,"is_search_suppressed":null,"key_ingredient":null,"media":{"large":null,"medium":null,"poster":null,"small":null,"videos":[{"position":null,"poster":{"height":null,"src":null,"width":null},"provider":"YouTube","src":null},{"position":null,"poster":{"height":null,"src":null,"width":null},"provider":"YouTube","src":null},{"position":null,"poster":{"height":null,"src":null,"width":null},"provider":"YouTube","src":null}],"xl":null},"meta":{"description":null,"keywords":null},"parent_category":[{"id":"1673","value":"クレンジング・洗顔"},{"id":"1667","value":"スキンケア"}],"product_badge":null,"product_id":"50483","product_title_tag":null,"product_type":"Sized","product_url":"/product/1673/50483/2in1---/2-in-1-cleansing-micellar-gel-light-makeup-remover","reviews":{"average_rating":null,"number_of_questions":null,"number_of_reviews":null},"shade_groups":null,"short_description":"ミセラージェルが水状へと変化しながら、メーク落としと洗顔が１ステップで完了するジェル状クレンジング&洗顔料。","skin":null,"skin_goal":null,"skus":{"total":1,"items":[{"color_family":null,"coverage_options":null,"cross_sell":null,"display_status":7,"finish":null,"finish_options":null,"fragrances":[{"family":null,"key":null,"value":null}],"iln_listing":"水・プロパンジオール・ビスＰＥＧ－１８メチルエーテルジメチルシラン・ポリソルベート２０・スクロース・トレハロース・ＢＧ・カルボマー・カプリリルグリコール・ビサボロール・グリセリン・プルラン・水酸化Ｎａ・ヘキシレングリコール・デシルグルコシド・キュウリ果実エキス・ＥＤＴＡ－２Ｎａ・ヒアルロン酸Ｎａ・パルミトイルトリペプチド－１・パルミトイルテトラペプチド－７・フェノキシエタノール・ソルビン酸Ｋ<JILN8257>","iln_version_number":"JILN8257","inventory_status":"Active","is_active":true,"is_coming_soon":null,"is_default_sku":false,"is_discountable":true,"is_displayable":null,"is_engravable":null,"is_fragrance":null,"is_giftable":null,"is_giftwrap":false,"is_inactive":null,"is_multi_shaded":null,"is_out_of_stock":null,"is_preorder":false,"is_preorderable":null,"is_promotional":null,"is_replenishable":false,"is_search_suppressed":null,"is_searchable":true,"is_shaded":null,"is_sized":null,"is_sold_out":null,"is_under_weight_hazmat":false,"is_vto_enabled":null,"life_of_product":"Basic Reorder","material_code":"K4F5010000","media":{"large":[{"alt":"2in1 クレンジング ミセラー ジェル & ライト メークアップ リムーバー","height":1200,"position":0,"src":"/media/export/cms/products/1200x1500/cl_sku_K4F501_1200x1500_0.png","type":"image","width":1500}],"medium":[{"alt":"2in1 クレンジング ミセラー ジェル & ライト メークアップ リムーバー","height":600,"position":1,"src":"/media/export/cms/products/600x750/cl_sku_K4F501_600x750_0.png","type":"image","width":750}],"model":null,"poster":null,"small":[{"alt":"2in1 クレンジング ミセラー ジェル & ライト メークアップ リムーバー","height":1200,"position":2,"src":"/media/export/cms/products/1200x1500/cl_sku_K4F501_1200x1500_0.png","type":"image","width":1500}],"smoosh":null,"xl":null},"out_of_stock_threshold":null,"perlgem":{"SKU_BASE_ID":82821},"preorder_date":null,"prices":[{"currency":"JPY","exclude_tax":{"original_price":3200,"original_price_formatted":"¥3,200","price":3200,"price_formatted":"¥3,200","price_per_unit":2133.33,"price_per_unit_formatted":"¥2,133.33 / 100ml"},"include_tax":{"original_price":3520,"original_price_formatted":"¥3,520","price":3520,"price_formatted":"¥3,520","price_per_unit":2346,"price_per_unit_formatted":"¥2,346 / 100ml"},"is_discounted":false}],"purchase_limit":null,"replenishment":{"message":null},"reviews":{"average_rating":null,"number_of_questions":null,"number_of_reviews":null},"set_components":null,"shade_groups":null,"shades":null,"sizes":[{"key":1,"value":"150mL"}],"skin":{"tone":null,"type":null,"type_description":null},"sku_badge":null,"sku_badge_image":null,"sku_display_order":0,"sku_id":"K4F501","sku_promo_messaging":null,"sku_type":"SE","sku_url":null,"tags":{"total":7,"items":[{"id":"1673","key":"クレンジング洗顔","value":"クレンジング・洗顔"},{"id":"20011","key":"クレンジング","value":"クレンジング"},{"id":"27174","key":"day7flashsale","value":"Day7FlashSale"},{"id":"27172","key":"day5flashsale","value":"Day5FlashSale"},{"id":"28804","key":"クレンジング","value":"クレンジング"},{"id":"27173","key":"day6flashsale","value":"Day6FlashSale"},{"id":"19570","key":"おすすめ製品","value":"おすすめ製品"}]},"texture":null,"undertone":null,"unit_of_measure":"ml","unit_size":100,"unit_size_formatted":"100ml","upc":"020714896447","vto":{"is_color_experience":null,"is_foundation_experience":null}}]},"sub_display_name":"2in1 クレンジング ミセラー ジェル & ライト メークアップ リムーバー","sub_header":null,"tags":{"total":7,"items":[{"id":"1673","key":"クレンジング洗顔","parent_tag_id":"1667","product_display_order":3,"value":"クレンジング・洗顔"},{"id":"20011","key":"クレンジング","parent_tag_id":"1667","product_display_order":2,"value":"クレンジング"},{"id":"27174","key":"day7flashsale","parent_tag_id":"1590","product_display_order":0,"value":"Day7FlashSale"},{"id":"27172","key":"day5flashsale","parent_tag_id":"1590","product_display_order":41,"value":"Day5FlashSale"},{"id":"28804","key":"クレンジング","parent_tag_id":"1667","product_display_order":2,"value":"クレンジング"},{"id":"27173","key":"day6flashsale","parent_tag_id":"1590","product_display_order":0,"value":"Day6FlashSale"},{"id":"19570","key":"おすすめ製品","parent_tag_id":"1000020","product_display_order":78,"value":"おすすめ製品"}]},"usage":[{"content":"適量（約２～３㎝）を指先に取り、顔全体と口もとにマッサージするようにのばします。アイメークを落とす際は、適量をコットンに取り、目もとへのばしてください。必要に応じて、繰り返し行ってください。その後、ティッシュペーパーやコットン等で優しくふき取ってください。洗い流す必要はありません。","label":"PRODUCT USAGE","type":"product_usage"},{"content":null,"label":"HOW DOES IT WORK","type":"how_does_it_work"},{"content":null,"label":"WHO IT IS FOR","type":"who_it_is_for"},{"content":null,"label":"GREAT TO KNOW","type":"great_to_know"},{"content":null,"label":"WHAT_IT_DOES","type":"what_it_does"},{"content":null,"label":"WHAT_IT_IS","type":"what_it_is"}],"objectID":"50483"},{"benefit":{"statement":null,"benefits":null},"brand":null,"collection":null,"coverage":null,"cross_sell":[{"sku_id":"6M2301","sort_key":1},{"sku_id":null,"sort_key":2},{"sku_id":"61EM01","sort_key":3},{"sku_id":"6AJX01","sort_key":4},{"sku_id":"6CY401","sort_key":5},{"sku_id":"6F3701","sort_key":6}],"default_category":{"id":"1605","key":"リップスティック"},"description":"バターのようにやわらかな感触で、濡れたようにツヤめく仕上がりのリップスティック。","display_mode":null,"display_name":"バター シャイン リップスティック","display_status":3,"finish":null,"form":null,"formula_type":null,"fragrance_family":null,"indexable_keywords":[{"value":"color"},{"value":" カラー"},{"value":" リップ"},{"value":" 口紅"},{"value":" リップ スティック"},{"value":" メークアップ"},{"value":" メイクアップ"}],"is_hazmat":false,"is_product_coming_soon":null,"is_product_displayable":true,"is_product_searchable":true,"is_product_shoppable":true,"is_product_sold_out":null,"is_product_temporarily_out_of_stock":null,"is_search_suppressed":null,"key_ingredient":null,"media":{"large":null,"medium":null,"poster":null,"small":null,"videos":[{"position":null,"poster":{"height":null,"src":null,"width":null},"provider":null,"src":null},{"position":null,"poster":{"height":null,"src":null,"width":null},"provider":null,"src":null},{"position":null,"poster":{"height":null,"src":null,"width":null},"provider":null,"src":null}],"xl":null},"meta":{"description":null,"keywords":null},"parent_category":[{"id":"1605","value":"リップスティック"},{"id":"1592","value":"メーク"}],"product_badge":null,"product_id":"5072","product_title_tag":null,"product_type":"Shaded","product_url":"/product/1605/5072/butter-shine-lipstick","reviews":{"average_rating":null,"number_of_questions":null,"number_of_reviews":null},"shade_groups":null,"short_description":"やわらかな感触で、濡れたようにツヤめく仕上がりのリップスティック。","skin":null,"skin_goal":null,"skus":{"total":1,"items":[{"color_family":null,"coverage_options":null,"cross_sell":null,"display_status":3,"finish":null,"finish_options":null,"fragrances":[{"family":null,"key":null,"value":null}],"iln_listing":"(アジピン酸/カプリン酸/カプリル酸/ヘプタン酸）ペンタエリスリチル・オクチルドデカノール・ビスジグリセリルポリアシルアジペート－２・水添ジリノレイルアルコール・ポリエチレン・ステアロキシメチルポリシロキサン・マイクロクリスタリンワックス・ポリブテン・ヒドロキシエチルエチルセルロース・セスキステアリン酸メチルグルコース・エチルセルロース・（Ｃ２０－４０）パレス－１０・ＰＣＡラウリル・炭酸Ｃａ・酢酸トコフェロール・オクトキシグリセリン・イソステアリン酸ポリグリセリル－４・コレステロール・セチルジメチコンコポリオール・ラウリン酸ヘキシル・ＢＨＴ・トリエトキシカプリリルシラン・ホウケイ酸（Ｃａ／Ｎａ）・オレイン酸・水・テオブロマグランジフロルム種子脂・シア脂・セイヨウハッカ油・ＰＥＴ・アクリレーツコポリマー　＋／－　シリカ・マイカ・硫酸Ｂａ・酸化チタン・黄４・赤２０２・酸化鉄・青１・黄５・カルミン<JILN2857>","iln_version_number":"JILN2857","inventory_status":"Active","is_active":true,"is_coming_soon":null,"is_default_sku":false,"is_discountable":true,"is_displayable":null,"is_engravable":null,"is_fragrance":null,"is_giftable":null,"is_giftwrap":false,"is_inactive":null,"is_multi_shaded":null,"is_out_of_stock":null,"is_preorder":false,"is_preorderable":null,"is_promotional":null,"is_replenishable":false,"is_search_suppressed":null,"is_searchable":true,"is_shaded":null,"is_sized":null,"is_sold_out":null,"is_under_weight_hazmat":false,"is_vto_enabled":null,"life_of_product":"Basic Reorder","material_code":"6F8X120001","media":{"large":[{"alt":"バター シャイン リップスティック","height":1200,"position":1,"src":"/media/export/cms/products/1200x1500/cl_sku_6F8X12_1200x1500_0.png","type":"image","width":1500}],"medium":[{"alt":"バター シャイン リップスティック","height":600,"position":2,"src":"/media/export/cms/products/600x750/cl_sku_6F8X12_600x750_0.png","type":"image","width":750}],"model":null,"poster":null,"small":[{"alt":"バター シャイン リップスティック","height":1200,"position":3,"src":"/media/export/cms/products/1200x1500/cl_sku_6F8X12_1200x1500_0.png","type":"image","width":1500}],"smoosh":[{"alt":"バター シャイン リップスティック","height":1200,"position":0,"src":"/media/export/cms/products/1200x1500/swatches_v3/01_ns_mg.png","type":"image","width":1500}],"xl":null},"out_of_stock_threshold":null,"perlgem":{"SKU_BASE_ID":15159},"preorder_date":null,"prices":[{"currency":"JPY","exclude_tax":{"original_price":2800,"original_price_formatted":"¥2,800","price":2800,"price_formatted":"¥2,800","price_per_unit":null,"price_per_unit_formatted":""},"include_tax":{"original_price":3080,"original_price_formatted":"¥3,080","price":3080,"price_formatted":"¥3,080","price_per_unit":null,"price_per_unit_formatted":""},"is_discounted":false}],"purchase_limit":null,"replenishment":{"message":null},"reviews":{"average_rating":null,"number_of_questions":null,"number_of_reviews":null},"set_components":null,"shade_groups":null,"shades":[{"description":"コーラルオレンジ","hex_val":"#F3905F","image":{"height":null,"src":"","width":null},"name":"412 ピーチ ブロッサム","smoosh_design":{"group_id":null,"name":"01::none::medium"}}],"sizes":[{"key":1,"value":null}],"skin":{"tone":null,"type":null,"type_description":null},"sku_badge":null,"sku_badge_image":null,"sku_display_order":21,"sku_id":"6F8X12","sku_promo_messaging":null,"sku_type":"SE","sku_url":null,"tags":{"total":1,"items":[{"id":"1605","key":"リップスティック","value":"リップスティック"}]},"texture":null,"undertone":null,"unit_of_measure":null,"unit_size":null,"unit_size_formatted":null,"upc":"020714246143","vto":{"is_color_experience":null,"is_foundation_experience":null}}]},"sub_display_name":"バター シャイン リップスティック","sub_header":null,"tags":{"total":1,"items":[{"id":"1605","key":"リップスティック","parent_tag_id":"1592","product_display_order":34,"value":"リップスティック"}]},"usage":[{"content":"唇に直接つけるか、リップブラシでつけます。単品でもリップペンシルやグロスを組み合わせてもお使いいただけます。","label":"PRODUCT USAGE","type":"product_usage"},{"content":null,"label":"HOW DOES IT WORK","type":"how_does_it_work"},{"content":null,"label":"WHO IT IS FOR","type":"who_it_is_for"},{"content":null,"label":"GREAT TO KNOW","type":"great_to_know"},{"content":null,"label":"WHAT_IT_DOES","type":"what_it_does"},{"content":null,"label":"WHAT_IT_IS","type":"what_it_is"}],"objectID":"5072"},{"benefit":{"statement":null,"benefits":null},"brand":null,"collection":[{"key":"moisture-surge-collection","value":"moisture_surge_collection"}],"coverage":null,"cross_sell":[{"sku_id":"6KKA01","sort_key":1},{"sku_id":"K4NE01","sort_key":2},{"sku_id":"ZY0R01","sort_key":3}],"default_category":{"id":"13301","key":"乳液クリーム"},"description":"<span style=\"color: #f547b2\">Mini's製品（15mLサイズ)をご購入で次回ご利用可能な500円クーポン*1プレゼント！<br>さらにMini's2品以上のご購入で送料無料。</span><br><br>“72h. 潤い満ちる肌”で人気の、クリニークロングセラー「保湿ジェルクリーム」<br>潤いを肌に巡らせてキープする「肌がみずから潤う力」に着目。<br><br>まるで水分が自動的に湧き上がるように潤って、しずくのような潤み肌へ。<br>たっぷりのせて「5分間マスク」としても、「メークの上からも」ご使用いただけます。<br>アロエベラ葉水<small><span style=\"font-size:8pt;\">＊2</span></small>配合で、まるで肌に水分が自動的に湧き上がるように、潤いが続く。<br>ふっくら、ぷるぷるのしずくのような潤み肌へ。<br>洗顔後の肌も、快適に。<br><br><small><span style=\"font-size:8pt;\">*1ご購入の製品と一緒にクーポンをお届けいたします。<br>*1クーポンコードの使用期限はお届けから30日となります。<br>*1おひとり様1回限りご利用が可能です。<br>*1クーポンは公式オンラインショップのみでご使用いただけます。（百貨店店舗ではご利用いただけません）<br>＊2保湿</span></small>","display_mode":null,"display_name":"モイスチャー サージ 72 ハイドレーター","display_status":7,"finish":null,"form":[{"key":"cream-form","value":"cream_form"},{"key":"gel-form","value":"gel_form"}],"formula_type":null,"fragrance_family":null,"indexable_keywords":null,"is_hazmat":false,"is_product_coming_soon":null,"is_product_displayable":true,"is_product_searchable":true,"is_product_shoppable":true,"is_product_sold_out":null,"is_product_temporarily_out_of_stock":null,"is_search_suppressed":null,"key_ingredient":null,"media":{"large":[{"alt":"モイスチャー サージ 72 ハイドレーター","height":1200,"position":0,"src":"/media/export/cms/products/1200x1500/cl_prod_50933_1200x1500_0.png","type":"image","width":1500},{"alt":"モイスチャー サージ 72 ハイドレーター","height":1200,"position":1,"src":"/media/export/cms/products/1200x1500/cl_prod_50933_1200x1500_1.png","type":"image","width":1500}],"medium":null,"poster":null,"small":[{"alt":"モイスチャー サージ 72 ハイドレーター","height":1200,"position":2,"src":"/media/export/cms/products/1200x1500/cl_prod_50933_1200x1500_0.png","type":"image","width":1500},{"alt":"モイスチャー サージ 72 ハイドレーター","height":1200,"position":3,"src":"/media/export/cms/products/1200x1500/cl_prod_50933_1200x1500_1.png","type":"image","width":1500}],"videos":[{"position":null,"poster":{"height":null,"src":null,"width":null},"provider":"YouTube","src":null},{"position":null,"poster":{"height":null,"src":null,"width":null},"provider":"YouTube","src":null},{"position":null,"poster":{"height":null,"src":null,"width":null},"provider":"YouTube","src":null}],"xl":null},"meta":{"description":null,"keywords":null},"parent_category":[{"id":"13301","value":"乳液・クリーム"},{"id":"1667","value":"スキンケア"}],"product_badge":null,"product_id":"50933","product_title_tag":null,"product_type":"Sized","product_url":"/product/13301/50933/-72/ms-72h-hydrator","reviews":{"average_rating":null,"number_of_questions":null,"number_of_reviews":null},"shade_groups":null,"short_description":"72h. 潤い満ちる肌”で人気の、クリニークロングセラー「保湿ジェルクリーム」<br>潤いを肌に巡らせてキープする「肌がみずから潤う力」に着目。","skin":{"concern":[{"key":"dry-concern","value":"dry_concern"}]},"skin_goal":null,"skus":{"total":3,"items":[{"color_family":null,"coverage_options":null,"cross_sell":null,"display_status":7,"finish":null,"finish_options":null,"fragrances":[{"family":null,"key":null,"value":null}],"iln_listing":"水・ジメチコン・ＢＧ・グリセリン・トリシロキサン・トレハロース・スクロース・（アクリロイルジメチルタウリンアンモニウム／ＶＰ）コポリマー・ヒドロキシエチルウレア・異性化糖・酢酸トコフェロール・ソルビトール・（アクリレーツ／アクリル酸アルキル（Ｃ１０－３０））クロスポリマー・オレス－１０・ポリアスパラギン酸Ｎａ・水添レシチン・カフェイン・トロメタミン・ヒアルロン酸Ｎａ・ＢＨＴ・カプリリルグリコール・ポリメタクリル酸グリセリル・ＥＤＴＡ－２Ｎａ・ＰＥＧ－８・ヘキシレングリコール・ヨーロッパシラカバ樹皮エキス・リン酸アスコルビルＭｇ・オオアザミ果実エキス・サーマスサーモフィルス培養物・チャエキス・サッカロミセス溶解質エキス・アロエベラ葉水・赤５０４・黄４・パルミトイルヘキサペプチド－１２・フェノキシエタノール<JILN8459>","iln_version_number":"JILN8459","inventory_status":"Active","is_active":true,"is_coming_soon":null,"is_default_sku":false,"is_discountable":true,"is_displayable":null,"is_engravable":null,"is_fragrance":null,"is_giftable":null,"is_giftwrap":false,"is_inactive":null,"is_multi_shaded":null,"is_out_of_stock":null,"is_preorder":false,"is_preorderable":null,"is_promotional":null,"is_replenishable":false,"is_search_suppressed":null,"is_searchable":true,"is_shaded":null,"is_sized":null,"is_sold_out":null,"is_under_weight_hazmat":false,"is_vto_enabled":null,"life_of_product":"Basic Reorder","material_code":"K4MR010001","media":{"large":[{"alt":"モイスチャー サージ 72 ハイドレーター","height":1200,"position":0,"src":"/media/export/cms/products/1200x1500/cl_sku_K4MR01_1200x1500_0.png","type":"image","width":1500}],"medium":[{"alt":"モイスチャー サージ 72 ハイドレーター","height":600,"position":1,"src":"/media/export/cms/products/600x750/cl_sku_K4MR01_600x750_0.png","type":"image","width":750}],"model":null,"poster":null,"small":[{"alt":"モイスチャー サージ 72 ハイドレーター","height":1200,"position":2,"src":"/media/export/cms/products/1200x1500/cl_sku_K4MR01_1200x1500_0.png","type":"image","width":1500}],"smoosh":null,"xl":null},"out_of_stock_threshold":null,"perlgem":{"SKU_BASE_ID":88177},"preorder_date":null,"prices":[{"currency":"JPY","exclude_tax":{"original_price":4500,"original_price_formatted":"¥4,500","price":4500,"price_formatted":"¥4,500","price_per_unit":null,"price_per_unit_formatted":""},"include_tax":{"original_price":4950,"original_price_formatted":"¥4,950","price":4950,"price_formatted":"¥4,950","price_per_unit":null,"price_per_unit_formatted":""},"is_discounted":false}],"purchase_limit":null,"replenishment":{"message":null},"reviews":{"average_rating":null,"number_of_questions":null,"number_of_reviews":null},"set_components":null,"shade_groups":null,"shades":null,"sizes":[{"key":1,"value":"30mL"}],"skin":{"tone":null,"type":[{"key":"dry-skintype","value":"dry_skintype"},{"key":"combination-skintype","value":"combination_skintype"},{"key":"oily-skintype","value":"oily_skintype"},{"key":"normal-skintype","value":"normal_skintype"}],"type_description":null},"sku_badge":null,"sku_badge_image":null,"sku_display_order":1,"sku_id":"K4MR01","sku_promo_messaging":null,"sku_type":"SE","sku_url":null,"tags":{"total":16,"items":[{"id":"12517","key":"oil-free","value":"Oil-Free"},{"id":"8194","key":"top-ten","value":"Top Ten"},{"id":"1585","key":"gift-center","value":"Gift Center"},{"id":"1687","key":"乾燥","value":"乾燥"},{"id":"22382","key":"ベースメーク","value":"ベースメーク"},{"id":"27168","key":"day1flashsale","value":"Day1FlashSale"},{"id":"8388","key":"hydration","value":"hydration"},{"id":"27172","key":"day5flashsale","value":"Day5FlashSale"},{"id":"4323","key":"just-arrived","value":"Just Arrived"},{"id":"27174","key":"day7flashsale","value":"Day7FlashSale"},{"id":"13301","key":"乳液クリーム","value":"乳液・クリーム"},{"id":"13051","key":"スキンケア-ベストセラー","value":"スキンケア ベストセラー"},{"id":"1575","key":"ベストセラー","value":"ベストセラー"},{"id":"13302","key":"クリーム","value":"クリーム"},{"id":"1667","key":"スキンケア","value":"スキンケア"},{"id":"19570","key":"おすすめ製品","value":"おすすめ製品"}]},"texture":null,"undertone":null,"unit_of_measure":null,"unit_size":null,"unit_size_formatted":null,"upc":"020714898137","vto":{"is_color_experience":null,"is_foundation_experience":null}},{"color_family":null,"coverage_options":null,"cross_sell":null,"display_status":7,"finish":null,"finish_options":null,"fragrances":[{"family":null,"key":null,"value":null}],"iln_listing":"水・ジメチコン・ＢＧ・グリセリン・トリシロキサン・トレハロース・スクロース・（アクリロイルジメチルタウリンアンモニウム／ＶＰ）コポリマー・ヒドロキシエチルウレア・異性化糖・酢酸トコフェロール・ソルビトール・（アクリレーツ／アクリル酸アルキル（Ｃ１０－３０））クロスポリマー・オレス－１０・ポリアスパラギン酸Ｎａ・水添レシチン・カフェイン・トロメタミン・ヒアルロン酸Ｎａ・ＢＨＴ・カプリリルグリコール・ポリメタクリル酸グリセリル・ＥＤＴＡ－２Ｎａ・ＰＥＧ－８・ヘキシレングリコール・ヨーロッパシラカバ樹皮エキス・リン酸アスコルビルＭｇ・オオアザミ果実エキス・サーマスサーモフィルス培養物・チャエキス・サッカロミセス溶解質エキス・アロエベラ葉水・赤５０４・黄４・パルミトイルヘキサペプチド－１２・フェノキシエタノール<JILN8459>","iln_version_number":"JILN8459","inventory_status":"Active","is_active":true,"is_coming_soon":null,"is_default_sku":true,"is_discountable":true,"is_displayable":null,"is_engravable":null,"is_fragrance":null,"is_giftable":null,"is_giftwrap":false,"is_inactive":null,"is_multi_shaded":null,"is_out_of_stock":null,"is_preorder":false,"is_preorderable":null,"is_promotional":null,"is_replenishable":false,"is_search_suppressed":null,"is_searchable":true,"is_shaded":null,"is_sized":null,"is_sold_out":null,"is_under_weight_hazmat":false,"is_vto_enabled":null,"life_of_product":"Basic Reorder","material_code":"K4MT010000","media":{"large":[{"alt":"モイスチャー サージ 72 ハイドレーター","height":1200,"position":0,"src":"/media/export/cms/products/1200x1500/cl_sku_K4MT01_1200x1500_0.png","type":"image","width":1500}],"medium":[{"alt":"モイスチャー サージ 72 ハイドレーター","height":600,"position":1,"src":"/media/export/cms/products/600x750/cl_sku_K4MT01_600x750_0.png","type":"image","width":750}],"model":null,"poster":null,"small":[{"alt":"モイスチャー サージ 72 ハイドレーター","height":1200,"position":2,"src":"/media/export/cms/products/1200x1500/cl_sku_K4MT01_1200x1500_0.png","type":"image","width":1500}],"smoosh":null,"xl":null},"out_of_stock_threshold":null,"perlgem":{"SKU_BASE_ID":83553},"preorder_date":null,"prices":[{"currency":"JPY","exclude_tax":{"original_price":6100,"original_price_formatted":"¥6,100","price":6100,"price_formatted":"¥6,100","price_per_unit":null,"price_per_unit_formatted":""},"include_tax":{"original_price":6710,"original_price_formatted":"¥6,710","price":6710,"price_formatted":"¥6,710","price_per_unit":null,"price_per_unit_formatted":""},"is_discounted":false}],"purchase_limit":null,"replenishment":{"message":null},"reviews":{"average_rating":null,"number_of_questions":null,"number_of_reviews":null},"set_components":null,"shade_groups":null,"shades":null,"sizes":[{"key":1,"value":"50mL"}],"skin":{"tone":null,"type":[{"key":"dry-skintype","value":"dry_skintype"},{"key":"combination-skintype","value":"combination_skintype"},{"key":"oily-skintype","value":"oily_skintype"},{"key":"normal-skintype","value":"normal_skintype"}],"type_description":null},"sku_badge":null,"sku_badge_image":null,"sku_display_order":1,"sku_id":"K4MT01","sku_promo_messaging":null,"sku_type":"SE","sku_url":null,"tags":{"total":16,"items":[{"id":"12517","key":"oil-free","value":"Oil-Free"},{"id":"8194","key":"top-ten","value":"Top Ten"},{"id":"1585","key":"gift-center","value":"Gift Center"},{"id":"1687","key":"乾燥","value":"乾燥"},{"id":"22382","key":"ベースメーク","value":"ベースメーク"},{"id":"25565","key":"justarrivednew","value":"justarrivednew"},{"id":"8388","key":"hydration","value":"hydration"},{"id":"27172","key":"day5flashsale","value":"Day5FlashSale"},{"id":"26464","key":"flash-sale-test","value":"Flash Sale Test"},{"id":"4323","key":"just-arrived","value":"Just Arrived"},{"id":"13301","key":"乳液クリーム","value":"乳液・クリーム"},{"id":"13051","key":"スキンケア-ベストセラー","value":"スキンケア ベストセラー"},{"id":"1575","key":"ベストセラー","value":"ベストセラー"},{"id":"13302","key":"クリーム","value":"クリーム"},{"id":"1667","key":"スキンケア","value":"スキンケア"},{"id":"19570","key":"おすすめ製品","value":"おすすめ製品"}]},"texture":null,"undertone":null,"unit_of_measure":null,"unit_size":null,"unit_size_formatted":null,"upc":"020714898144","vto":{"is_color_experience":null,"is_foundation_experience":null}},{"color_family":null,"coverage_options":null,"cross_sell":null,"display_status":7,"finish":null,"finish_options":null,"fragrances":[{"family":null,"key":null,"value":null}],"iln_listing":"水・ジメチコン・ＢＧ・グリセリン・トリシロキサン・トレハロース・スクロース・（アクリロイルジメチルタウリンアンモニウム／ＶＰ）コポリマー・ヒドロキシエチルウレア・異性化糖・酢酸トコフェロール・ソルビトール・（アクリレーツ／アクリル酸アルキル（Ｃ１０－３０））クロスポリマー・オレス－１０・ポリアスパラギン酸Ｎａ・水添レシチン・カフェイン・トロメタミン・ヒアルロン酸Ｎａ・ＢＨＴ・カプリリルグリコール・ポリメタクリル酸グリセリル・ＥＤＴＡ－２Ｎａ・ＰＥＧ－８・ヘキシレングリコール・ヨーロッパシラカバ樹皮エキス・リン酸アスコルビルＭｇ・オオアザミ果実エキス・サーマスサーモフィルス培養物・チャエキス・サッカロミセス溶解質エキス・アロエベラ葉水・赤５０４・黄４・パルミトイルヘキサペプチド－１２・フェノキシエタノール<JILN8459>","iln_version_number":"JILN8459","inventory_status":"Active","is_active":true,"is_coming_soon":null,"is_default_sku":false,"is_discountable":true,"is_displayable":null,"is_engravable":null,"is_fragrance":null,"is_giftable":null,"is_giftwrap":false,"is_inactive":null,"is_multi_shaded":null,"is_out_of_stock":null,"is_preorder":false,"is_preorderable":null,"is_promotional":null,"is_replenishable":false,"is_search_suppressed":null,"is_searchable":true,"is_shaded":null,"is_sized":null,"is_sold_out":null,"is_under_weight_hazmat":false,"is_vto_enabled":null,"life_of_product":"Basic Reorder","material_code":"K4MP010001","media":{"large":[{"alt":"モイスチャー サージ 72 ハイドレーター","height":1200,"position":0,"src":"/media/export/cms/products/1200x1500/cl_sku_K4MP01_1200x1500_0.png","type":"image","width":1500}],"medium":[{"alt":"モイスチャー サージ 72 ハイドレーター","height":600,"position":1,"src":"/media/export/cms/products/600x750/cl_sku_K4MP01_600x750_0.png","type":"image","width":750}],"model":null,"poster":null,"small":[{"alt":"モイスチャー サージ 72 ハイドレーター","height":1200,"position":2,"src":"/media/export/cms/products/1200x1500/cl_sku_K4MP01_1200x1500_0.png","type":"image","width":1500}],"smoosh":null,"xl":null},"out_of_stock_threshold":null,"perlgem":{"SKU_BASE_ID":88178},"preorder_date":null,"prices":[{"currency":"JPY","exclude_tax":{"original_price":2000,"original_price_formatted":"¥2,000","price":2000,"price_formatted":"¥2,000","price_per_unit":null,"price_per_unit_formatted":""},"include_tax":{"original_price":2200,"original_price_formatted":"¥2,200","price":2200,"price_formatted":"¥2,200","price_per_unit":null,"price_per_unit_formatted":""},"is_discounted":false}],"purchase_limit":null,"replenishment":{"message":null},"reviews":{"average_rating":null,"number_of_questions":null,"number_of_reviews":null},"set_components":null,"shade_groups":null,"shades":null,"sizes":[{"key":1,"value":"15mL"}],"skin":{"tone":null,"type":[{"key":"dry-skintype","value":"dry_skintype"},{"key":"combination-skintype","value":"combination_skintype"},{"key":"oily-skintype","value":"oily_skintype"},{"key":"normal-skintype","value":"normal_skintype"}],"type_description":null},"sku_badge":null,"sku_badge_image":null,"sku_display_order":1,"sku_id":"K4MP01","sku_promo_messaging":null,"sku_type":"SE","sku_url":null,"tags":{"total":12,"items":[{"id":"12517","key":"oil-free","value":"Oil-Free"},{"id":"8194","key":"top-ten","value":"Top Ten"},{"id":"1687","key":"乾燥","value":"乾燥"},{"id":"8388","key":"hydration","value":"hydration"},{"id":"1628","key":"サンプル","value":"サンプル"},{"id":"9428","key":"top10","value":"top10"},{"id":"13301","key":"乳液クリーム","value":"乳液・クリーム"},{"id":"13051","key":"スキンケア-ベストセラー","value":"スキンケア ベストセラー"},{"id":"1575","key":"ベストセラー","value":"ベストセラー"},{"id":"13302","key":"クリーム","value":"クリーム"},{"id":"1667","key":"スキンケア","value":"スキンケア"},{"id":"13659","key":"トライアルサイズ","value":"トライアルサイズ"}]},"texture":null,"undertone":null,"unit_of_measure":null,"unit_size":null,"unit_size_formatted":null,"upc":"020714898120","vto":{"is_color_experience":null,"is_foundation_experience":null}}]},"sub_display_name":"モイスチャー サージ 72 ハイドレーター","sub_header":null,"tags":{"total":21,"items":[{"id":"12517","key":"oil-free","parent_tag_id":"1667","product_display_order":0,"value":"Oil-Free"},{"id":"8194","key":"top-ten","parent_tag_id":null,"product_display_order":0,"value":"Top Ten"},{"id":"1585","key":"gift-center","parent_tag_id":null,"product_display_order":0,"value":"Gift Center"},{"id":"1687","key":"乾燥","parent_tag_id":"1667","product_display_order":3,"value":"乾燥"},{"id":"22382","key":"ベースメーク","parent_tag_id":"1000020","product_display_order":0,"value":"ベースメーク"},{"id":"27168","key":"day1flashsale","parent_tag_id":"1590","product_display_order":0,"value":"Day1FlashSale"},{"id":"25565","key":"justarrivednew","parent_tag_id":null,"product_display_order":0,"value":"justarrivednew"},{"id":"8388","key":"hydration","parent_tag_id":"1667","product_display_order":0,"value":"hydration"},{"id":"27172","key":"day5flashsale","parent_tag_id":"1590","product_display_order":95,"value":"Day5FlashSale"},{"id":"26464","key":"flash-sale-test","parent_tag_id":"1590","product_display_order":0,"value":"Flash Sale Test"},{"id":"4323","key":"just-arrived","parent_tag_id":null,"product_display_order":0,"value":"Just Arrived"},{"id":"27174","key":"day7flashsale","parent_tag_id":"1590","product_display_order":0,"value":"Day7FlashSale"},{"id":"1628","key":"サンプル","parent_tag_id":null,"product_display_order":10,"value":"サンプル"},{"id":"9428","key":"top10","parent_tag_id":"9420","product_display_order":0,"value":"top10"},{"id":"13301","key":"乳液クリーム","parent_tag_id":"1667","product_display_order":1,"value":"乳液・クリーム"},{"id":"13051","key":"スキンケア-ベストセラー","parent_tag_id":"1667","product_display_order":2,"value":"スキンケア ベストセラー"},{"id":"1575","key":"ベストセラー","parent_tag_id":null,"product_display_order":2,"value":"ベストセラー"},{"id":"13302","key":"クリーム","parent_tag_id":"1667","product_display_order":19,"value":"クリーム"},{"id":"1667","key":"スキンケア","parent_tag_id":null,"product_display_order":103,"value":"スキンケア"},{"id":"13659","key":"トライアルサイズ","parent_tag_id":"1667","product_display_order":0,"value":"トライアルサイズ"},{"id":"19570","key":"おすすめ製品","parent_tag_id":"1000020","product_display_order":64,"value":"おすすめ製品"}]},"usage":[{"content":"・ 朝と夜、３ステップ スキンケア（ソープ・ローション・乳液）の後、適量を取り、顔全体と首になじませます。<br>・ 日中、必要な時に。メークの上からでもつけられます。<br>・ 5分間マスクとして使う場合は、たっぷりと顔全体にのばします。その後ティッシュで優しく拭き取るか、またはなじませてください。<br>・ 甘皮、毛先、ひじ等の乾燥しやすい部分にもお使いいただけます。","label":"PRODUCT USAGE","type":"product_usage"},{"content":null,"label":"HOW DOES IT WORK","type":"how_does_it_work"},{"content":"すべてのスキンタイプ","label":"WHO IT IS FOR","type":"who_it_is_for"},{"content":null,"label":"GREAT TO KNOW","type":"great_to_know"},{"content":"潤いを肌に巡らせてキープする「肌がみずから潤う力」に着目。まるで水分が自動的に湧き上がるように潤って、しずくのような潤み肌へ。<br>たっぷりのせて「5分間マスク」としても、「メークの上からも」ご使用いただけます。<br>アロエベラ葉水<sup>＊1</sup>配合で、まるで肌に水分が自動的に湧き上がるように、潤いが続く。<br>ふっくら、ぷるぷるのしずくのような潤み肌へ。<br>洗顔後の肌も、快適に。<br><small>＊1保湿</small>","label":"WHAT_IT_DOES","type":"what_it_does"},{"content":"保湿ジェルクリーム","label":"WHAT_IT_IS","type":"what_it_is"}],"objectID":"50933"},{"benefit":{"statement":null,"benefits":null},"brand":null,"collection":[{"key":"moisture-surge-collection","value":"moisture_surge_collection"}],"coverage":null,"cross_sell":[{"sku_id":"6A1501","sort_key":1},{"sku_id":"K4MT01","sort_key":2},{"sku_id":"ZY0R01","sort_key":3}],"default_category":{"id":"1682","key":"ふき取り化粧水化粧水"},"description":"潤いのスペシャリストのモイスチャー サージ シリーズの保湿化粧水。<br><br>あなたの肌は、毎日乾燥などの環境ストレスにさらされているから。<br>クリニークは、乾燥の原因となる肌バリア機能の低下に着目。<br>ほんのりとろみのある保湿化粧水が、潤いのバリアで肌をやさしく包み込み、瞬時にしっとり、たっぷり潤いを届けます。成分に含まれる乳酸菌＊が、潤して、あなたの肌に潤いのバリアを与えてくれます。<br>＊乳酸桿菌発酵液<br><br>","display_mode":null,"display_name":"モイスチャー サージ ハイドレーティング ローション","display_status":7,"finish":null,"form":[{"key":"lotion-form","value":"lotion_form"}],"formula_type":null,"fragrance_family":null,"indexable_keywords":null,"is_hazmat":false,"is_product_coming_soon":null,"is_product_displayable":true,"is_product_searchable":true,"is_product_shoppable":true,"is_product_sold_out":null,"is_product_temporarily_out_of_stock":null,"is_search_suppressed":null,"key_ingredient":null,"media":{"large":null,"medium":null,"poster":null,"small":null,"videos":[{"position":null,"poster":{"height":null,"src":null,"width":null},"provider":"YouTube","src":null},{"position":null,"poster":{"height":null,"src":null,"width":null},"provider":"YouTube","src":null},{"position":null,"poster":{"height":null,"src":null,"width":null},"provider":"YouTube","src":null}],"xl":null},"meta":{"description":null,"keywords":null},"parent_category":[{"id":"1682","value":"ふき取り化粧水・化粧水"},{"id":"1667","value":"スキンケア"}],"product_badge":null,"product_id":"50971","product_title_tag":null,"product_type":"Sized","product_url":"/product/1682/50971/-/moisture-surge-hydrating-lotion","reviews":{"average_rating":null,"number_of_questions":null,"number_of_reviews":null},"shade_groups":null,"short_description":"潤いのスペシャリストのモイスチャー サージ シリーズの保湿化粧水。<br><br>あなたの肌は、毎日乾燥などの環境ストレスにさらされているから。<br>クリニークは、乾燥の原因となる肌バリア機能の低下に着目。<br>ほんのりとろみのある保湿化粧水が、潤いのバリアで肌をやさしく包み込み、瞬時にしっとり、たっぷり潤いを届けます。成分に含まれる乳酸菌＊が、潤して、あなたの肌に潤いのバリアを与えてくれます。<br>＊乳酸桿菌発酵液<br><br>","skin":{"concern":[{"key":"dry-concern","value":"dry_concern"}]},"skin_goal":null,"skus":{"total":1,"items":[{"color_family":null,"coverage_options":null,"cross_sell":null,"display_status":7,"finish":null,"finish_options":null,"fragrances":[{"family":null,"key":null,"value":null}],"iln_listing":"水・ビスＰＥＧ－１８メチルエーテルジメチルシラン・グリセリン・ＢＧ・ペンチレングリコール・アセチルグルコサミン・スクロース・ホホバエステル・ポリメタクリル酸グリセリル・尿素・ＰＣＡ－Ｎａ・カギイバラノリエキス・ＰＥＧ－３２・（アクリル酸／アクリル酸アルキル（Ｃ１０－３０））コポリマー・シマテングサエキス・カプリリルグリコール・ＰＥＧ－６・カフェイン・ツクシメナモミエキス・スクワラン・ＰＥＧ－８・ポリソルベート２０・トレハロース・乳酸桿菌発酵液・セタノール・ＥＤＴＡ－２Ｎａ・ステアリン酸・ステアリン酸グリセリル・ヘキシレングリコール・水酸化Ｎａ・ヒアルロン酸Ｎａ・オオムギエキス・コムギ胚芽エキス・グルコサミンＨＣｌ・トリアセチン・クエン酸・エンドウ種子エキス・ダイサンチク葉／茎エキス・ポリクオタニウム－５１・エルゴチオネイン・パルミトイルヘキサペプチド－１２・フェノキシエタノール・ソルビン酸Ｋ・クロルフェネシン・ソルビン酸<JILN8460>","iln_version_number":"JILN8460","inventory_status":"Active","is_active":true,"is_coming_soon":null,"is_default_sku":false,"is_discountable":true,"is_displayable":null,"is_engravable":null,"is_fragrance":null,"is_giftable":null,"is_giftwrap":false,"is_inactive":null,"is_multi_shaded":null,"is_out_of_stock":null,"is_preorder":false,"is_preorderable":null,"is_promotional":null,"is_replenishable":false,"is_search_suppressed":null,"is_searchable":true,"is_shaded":null,"is_sized":null,"is_sold_out":null,"is_under_weight_hazmat":false,"is_vto_enabled":null,"life_of_product":"Basic Reorder","material_code":"K4NE010000","media":{"large":[{"alt":"モイスチャー サージ ハイドレーティング ローション","height":1200,"position":0,"src":"/media/export/cms/products/1200x1500/cl_sku_K4NE01_1200x1500_0.png","type":"image","width":1500}],"medium":[{"alt":"モイスチャー サージ ハイドレーティング ローション","height":600,"position":1,"src":"/media/export/cms/products/600x750/cl_sku_K4NE01_600x750_0.png","type":"image","width":750}],"model":null,"poster":null,"small":[{"alt":"モイスチャー サージ ハイドレーティング ローション","height":1200,"position":2,"src":"/media/export/cms/products/1200x1500/cl_sku_K4NE01_1200x1500_0.png","type":"image","width":1500}],"smoosh":null,"xl":null},"out_of_stock_threshold":null,"perlgem":{"SKU_BASE_ID":83598},"preorder_date":null,"prices":[{"currency":"JPY","exclude_tax":{"original_price":5800,"original_price_formatted":"¥5,800","price":5800,"price_formatted":"¥5,800","price_per_unit":null,"price_per_unit_formatted":""},"include_tax":{"original_price":6380,"original_price_formatted":"¥6,380","price":6380,"price_formatted":"¥6,380","price_per_unit":null,"price_per_unit_formatted":""},"is_discounted":false}],"purchase_limit":null,"replenishment":{"message":null},"reviews":{"average_rating":null,"number_of_questions":null,"number_of_reviews":null},"set_components":null,"shade_groups":null,"shades":null,"sizes":[{"key":1,"value":"200mL"}],"skin":{"tone":null,"type":[{"key":"very-dry-skintype","value":"very_dry_skintype"},{"key":"dry-skintype","value":"dry_skintype"},{"key":"combination-skintype","value":"combination_skintype"},{"key":"oily-skintype","value":"oily_skintype"},{"key":"normal-skintype","value":"normal_skintype"}],"type_description":null},"sku_badge":null,"sku_badge_image":null,"sku_display_order":0,"sku_id":"K4NE01","sku_promo_messaging":null,"sku_type":"SE","sku_url":null,"tags":{"total":14,"items":[{"id":"1575","key":"ベストセラー","value":"ベストセラー"},{"id":"1667","key":"スキンケア","value":"スキンケア"},{"id":"27169","key":"day2flashsale","value":"Day2FlashSale"},{"id":"14666","key":"watery-lotions","value":"Watery Lotions"},{"id":"27174","key":"day7flashsale","value":"Day7FlashSale"},{"id":"1687","key":"乾燥","value":"乾燥"},{"id":"22381","key":"スキンケア","value":"スキンケア"},{"id":"13051","key":"スキンケア-ベストセラー","value":"スキンケア ベストセラー"},{"id":"1585","key":"gift-center","value":"Gift Center"},{"id":"8388","key":"hydration","value":"hydration"},{"id":"27172","key":"day5flashsale","value":"Day5FlashSale"},{"id":"1682","key":"ふき取り化粧水化粧水","value":"ふき取り化粧水・化粧水"},{"id":"19570","key":"おすすめ製品","value":"おすすめ製品"},{"id":"13300","key":"ローション","value":"ローション"}]},"texture":null,"undertone":null,"unit_of_measure":null,"unit_size":null,"unit_size_formatted":null,"upc":"020714898342","vto":{"is_color_experience":null,"is_foundation_experience":null}}]},"sub_display_name":"モイスチャー サージ ハイドレーティング ローション","sub_header":null,"tags":{"total":14,"items":[{"id":"1575","key":"ベストセラー","parent_tag_id":null,"product_display_order":1,"value":"ベストセラー"},{"id":"1667","key":"スキンケア","parent_tag_id":null,"product_display_order":104,"value":"スキンケア"},{"id":"27169","key":"day2flashsale","parent_tag_id":"1590","product_display_order":0,"value":"Day2FlashSale"},{"id":"14666","key":"watery-lotions","parent_tag_id":"1667","product_display_order":0,"value":"Watery Lotions"},{"id":"27174","key":"day7flashsale","parent_tag_id":"1590","product_display_order":0,"value":"Day7FlashSale"},{"id":"1687","key":"乾燥","parent_tag_id":"1667","product_display_order":1,"value":"乾燥"},{"id":"22381","key":"スキンケア","parent_tag_id":"1000020","product_display_order":0,"value":"スキンケア"},{"id":"13051","key":"スキンケア-ベストセラー","parent_tag_id":"1667","product_display_order":1,"value":"スキンケア ベストセラー"},{"id":"1585","key":"gift-center","parent_tag_id":null,"product_display_order":0,"value":"Gift Center"},{"id":"8388","key":"hydration","parent_tag_id":"1667","product_display_order":0,"value":"hydration"},{"id":"27172","key":"day5flashsale","parent_tag_id":"1590","product_display_order":101,"value":"Day5FlashSale"},{"id":"1682","key":"ふき取り化粧水化粧水","parent_tag_id":"1667","product_display_order":0,"value":"ふき取り化粧水・化粧水"},{"id":"19570","key":"おすすめ製品","parent_tag_id":"1000020","product_display_order":65,"value":"おすすめ製品"},{"id":"13300","key":"ローション","parent_tag_id":"1667","product_display_order":0,"value":"ローション"}]},"usage":[{"content":null,"label":"PRODUCT USAGE","type":"product_usage"},{"content":null,"label":"HOW DOES IT WORK","type":"how_does_it_work"},{"content":null,"label":"WHO IT IS FOR","type":"who_it_is_for"},{"content":null,"label":"GREAT TO KNOW","type":"great_to_know"},{"content":null,"label":"WHAT_IT_DOES","type":"what_it_does"},{"content":null,"label":"WHAT_IT_IS","type":"what_it_is"}],"objectID":"50971"},{"benefit":{"statement":null,"benefits":null},"brand":null,"collection":null,"coverage":null,"cross_sell":[{"sku_id":"ZKW003","sort_key":1},{"sku_id":"ZPY101","sort_key":2},{"sku_id":"Z0HJ01","sort_key":3}],"default_category":{"id":"1599","key":"ファンデーション"},"description":"ドライ コンビネーション、コンビネーション オイリー <br><br>光り輝く自然なツヤ肌を引き出すリキッドファンデーション。<br>皮膚科学の理論に基づいて開発されたファンデーション。肌と一体化するようになじむピグメントが、瞬時に、そして塗るほどにツヤと輝きのある美しい質感に。<br>軽やかなテクスチャーと光を反射するピグメントが瞬時に肌に自然なツヤと輝きを与えます。汗や湿気に強く、SPF 15で紫外線から肌を守る効果も。","display_mode":null,"display_name":"イーブン ベター グロウ メークアップ 15","display_status":7,"finish":null,"form":null,"formula_type":null,"fragrance_family":null,"indexable_keywords":null,"is_hazmat":false,"is_product_coming_soon":null,"is_product_displayable":true,"is_product_searchable":true,"is_product_shoppable":true,"is_product_sold_out":null,"is_product_temporarily_out_of_stock":null,"is_search_suppressed":null,"key_ingredient":null,"media":{"large":null,"medium":null,"poster":null,"small":null,"videos":[{"position":null,"poster":{"height":null,"src":null,"width":null},"provider":null,"src":null},{"position":null,"poster":{"height":null,"src":null,"width":null},"provider":null,"src":null},{"position":null,"poster":{"height":null,"src":null,"width":null},"provider":null,"src":null}],"xl":null},"meta":{"description":null,"keywords":null},"parent_category":[{"id":"1599","value":"ファンデーション"},{"id":"1592","value":"メーク"}],"product_badge":null,"product_id":"51520","product_title_tag":null,"product_type":"Shaded","product_url":"/product/1599/51520/--15/even-better-glowtm-light-reflecting-makeup-broad-spectrum-spf-15","reviews":{"average_rating":null,"number_of_questions":null,"number_of_reviews":null},"shade_groups":null,"short_description":"ドライ コンビネーション、コンビネーション オイリー <br><br>光り輝く自然なツヤ肌を引き出すリキッドファンデーション。<br>皮膚科学の理論に基づいて開発されたファンデーション。肌と一体化するようになじむピグメントが、瞬時に、そして塗るほどにツヤと輝きのある美しい質感に。<br>軽やかなテクスチャーと光を反射するピグメントが瞬時に肌に自然なツヤと輝きを与えます。汗や湿気に強く、SPF 15で紫外線から肌を守る効果も。","skin":null,"skin_goal":null,"skus":{"total":7,"items":[{"color_family":null,"coverage_options":null,"cross_sell":null,"display_status":7,"finish":null,"finish_options":null,"fragrances":[{"family":null,"key":null,"value":null}],"iln_listing":"水・メチルトリメチコン・フェニルトリメチコン・トリオクタノイン・メトキシケイヒ酸エチルヘキシル・ジメチコン・ＢＧ・酸化亜鉛・トリメチルシロキシケイ酸・酵母エキス・ＰＥＧ－１０ジメチコン・ラウリルＰＥＧ－９ポリジメチルシロキシエチルジメチコン・水酸化Ａｌ・安息香酸アルキル（Ｃ１２－１５）・グリセリン・ミリストイルサルコシンＮａ・（ジメチコン／（ＰＥＧ－１０／１５））クロスポリマー・塩化Ｎａ・酢酸トコフェロール・アセチルグルコサミン・カプリリルメチコン・ポリリシノレイン酸ポリグリセリル－６・アストロカリウムムルムル種子脂・メチコン・ジメチコンクロスポリマー－３・ジステアルジモニウムヘクトライト・リン酸アスコルビルＭｇ・レシチン・テトラヘキシルデカン酸アスコルビル・ホホバエステル・トリイソステアリン酸イソプロピルチタン・グレープフルーツ果皮エキス・ＥＤＴＡ－２Ｎａ・ラウレス－７・ヒアルロン酸Ｎａ・ＤＰＧ・ヨーロッパシラカバ樹皮エキス・トコフェロール・サッカロミセス溶解質エキス・チャ葉エキス・フェノキシエタノール・サリチル酸　＋／－　酸化チタン・マイカ・オキシ塩化ビスマス・酸化鉄<JILN8153>","iln_version_number":"JILN8153","inventory_status":"Active","is_active":true,"is_coming_soon":null,"is_default_sku":false,"is_discountable":true,"is_displayable":null,"is_engravable":null,"is_fragrance":null,"is_giftable":null,"is_giftwrap":false,"is_inactive":null,"is_multi_shaded":null,"is_out_of_stock":null,"is_preorder":false,"is_preorderable":null,"is_promotional":null,"is_replenishable":false,"is_search_suppressed":null,"is_searchable":true,"is_shaded":null,"is_sized":null,"is_sold_out":null,"is_under_weight_hazmat":false,"is_vto_enabled":null,"life_of_product":"Basic Reorder","material_code":"ZY5X616000","media":{"large":[{"alt":"イーブン ベター グロウ メークアップ 15","height":1200,"position":1,"src":"/media/export/cms/products/1200x1500/cl_sku_ZY5X61_1200x1500_0.png","type":"image","width":1500}],"medium":[{"alt":"イーブン ベター グロウ メークアップ 15","height":600,"position":2,"src":"/media/export/cms/products/600x750/cl_sku_ZY5X61_600x750_0.png","type":"image","width":750}],"model":null,"poster":null,"small":[{"alt":"イーブン ベター グロウ メークアップ 15","height":1200,"position":3,"src":"/media/export/cms/products/1200x1500/cl_sku_ZY5X61_1200x1500_0.png","type":"image","width":1500}],"smoosh":[{"alt":"イーブン ベター グロウ メークアップ 15","height":1200,"position":0,"src":"/media/export/cms/products/1200x1500/swatches_v3/06_ns_ng.png","type":"image","width":1500}],"xl":null},"out_of_stock_threshold":null,"perlgem":{"SKU_BASE_ID":84322},"preorder_date":null,"prices":[{"currency":"JPY","exclude_tax":{"original_price":4800,"original_price_formatted":"¥4,800","price":4800,"price_formatted":"¥4,800","price_per_unit":null,"price_per_unit_formatted":""},"include_tax":{"original_price":5280,"original_price_formatted":"¥5,280","price":5280,"price_formatted":"¥5,280","price_per_unit":null,"price_per_unit_formatted":""},"is_discounted":false}],"purchase_limit":null,"replenishment":{"message":null},"reviews":{"average_rating":null,"number_of_questions":null,"number_of_reviews":null},"set_components":null,"shade_groups":null,"shades":[{"description":"","hex_val":"#FCE1B8","image":{"height":null,"src":"","width":null},"name":"61 アイボリー","smoosh_design":{"group_id":null,"name":"06::none::none"}}],"sizes":[{"key":1,"value":"30mL"}],"skin":{"tone":null,"type":null,"type_description":null},"sku_badge":null,"sku_badge_image":null,"sku_display_order":0,"sku_id":"ZY5X61","sku_promo_messaging":null,"sku_type":"SE","sku_url":null,"tags":{"total":7,"items":[{"id":"1599","key":"ファンデーション","value":"ファンデーション"},{"id":"20850","key":"shop-the-movie-03","value":"Shop the Movie 03"},{"id":"20524","key":"shop-the-movie-01","value":"Shop the Movie 01"},{"id":"20525","key":"shop-the-movie-02","value":"Shop the Movie 02"},{"id":"19570","key":"おすすめ製品","value":"おすすめ製品"},{"id":"1659","key":"ボディサンケア","value":"ボディ＆サンケア"},{"id":"22382","key":"ベースメーク","value":"ベースメーク"}]},"texture":null,"undertone":null,"unit_of_measure":null,"unit_size":null,"unit_size_formatted":null,"upc":"020714870850","vto":{"is_color_experience":null,"is_foundation_experience":null}},{"color_family":null,"coverage_options":null,"cross_sell":null,"display_status":7,"finish":null,"finish_options":null,"fragrances":[{"family":null,"key":null,"value":null}],"iln_listing":"水・メチルトリメチコン・フェニルトリメチコン・トリオクタノイン・メトキシケイヒ酸エチルヘキシル・ジメチコン・ＢＧ・酸化亜鉛・トリメチルシロキシケイ酸・酵母エキス・ＰＥＧ－１０ジメチコン・ラウリルＰＥＧ－９ポリジメチルシロキシエチルジメチコン・水酸化Ａｌ・安息香酸アルキル（Ｃ１２－１５）・グリセリン・ミリストイルサルコシンＮａ・（ジメチコン／（ＰＥＧ－１０／１５））クロスポリマー・塩化Ｎａ・酢酸トコフェロール・アセチルグルコサミン・カプリリルメチコン・ポリリシノレイン酸ポリグリセリル－６・アストロカリウムムルムル種子脂・メチコン・ジメチコンクロスポリマー－３・ジステアルジモニウムヘクトライト・リン酸アスコルビルＭｇ・レシチン・テトラヘキシルデカン酸アスコルビル・ホホバエステル・トリイソステアリン酸イソプロピルチタン・グレープフルーツ果皮エキス・ＥＤＴＡ－２Ｎａ・ラウレス－７・ヒアルロン酸Ｎａ・ＤＰＧ・ヨーロッパシラカバ樹皮エキス・トコフェロール・サッカロミセス溶解質エキス・チャ葉エキス・フェノキシエタノール・サリチル酸　＋／－　酸化チタン・マイカ・オキシ塩化ビスマス・酸化鉄<JILN8153>","iln_version_number":"JILN8153","inventory_status":"Active","is_active":true,"is_coming_soon":null,"is_default_sku":false,"is_discountable":true,"is_displayable":null,"is_engravable":null,"is_fragrance":null,"is_giftable":null,"is_giftwrap":false,"is_inactive":null,"is_multi_shaded":null,"is_out_of_stock":null,"is_preorder":false,"is_preorderable":null,"is_promotional":null,"is_replenishable":false,"is_search_suppressed":null,"is_searchable":true,"is_shaded":null,"is_sized":null,"is_sold_out":null,"is_under_weight_hazmat":false,"is_vto_enabled":null,"life_of_product":"Basic Reorder","material_code":"ZY5X626000","media":{"large":[{"alt":"イーブン ベター グロウ メークアップ 15","height":1200,"position":1,"src":"/media/export/cms/products/1200x1500/cl_sku_ZY5X62_1200x1500_0.png","type":"image","width":1500}],"medium":[{"alt":"イーブン ベター グロウ メークアップ 15","height":600,"position":2,"src":"/media/export/cms/products/600x750/cl_sku_ZY5X62_600x750_0.png","type":"image","width":750}],"model":null,"poster":null,"small":[{"alt":"イーブン ベター グロウ メークアップ 15","height":1200,"position":3,"src":"/media/export/cms/products/1200x1500/cl_sku_ZY5X62_1200x1500_0.png","type":"image","width":1500}],"smoosh":[{"alt":"イーブン ベター グロウ メークアップ 15","height":1200,"position":0,"src":"/media/export/cms/products/1200x1500/swatches_v3/06_ns_ng.png","type":"image","width":1500}],"xl":null},"out_of_stock_threshold":null,"perlgem":{"SKU_BASE_ID":84324},"preorder_date":null,"prices":[{"currency":"JPY","exclude_tax":{"original_price":4800,"original_price_formatted":"¥4,800","price":4800,"price_formatted":"¥4,800","price_per_unit":null,"price_per_unit_formatted":""},"include_tax":{"original_price":5280,"original_price_formatted":"¥5,280","price":5280,"price_formatted":"¥5,280","price_per_unit":null,"price_per_unit_formatted":""},"is_discounted":false}],"purchase_limit":null,"replenishment":{"message":null},"reviews":{"average_rating":null,"number_of_questions":null,"number_of_reviews":null},"set_components":null,"shade_groups":null,"shades":[{"description":"","hex_val":"#E0B193","image":{"height":null,"src":"","width":null},"name":"62 ローズ ベージュ","smoosh_design":{"group_id":null,"name":"06::none::none"}}],"sizes":[{"key":1,"value":"30mL"}],"skin":{"tone":null,"type":null,"type_description":null},"sku_badge":null,"sku_badge_image":null,"sku_display_order":1,"sku_id":"ZY5X62","sku_promo_messaging":null,"sku_type":"SE","sku_url":null,"tags":{"total":7,"items":[{"id":"1599","key":"ファンデーション","value":"ファンデーション"},{"id":"20850","key":"shop-the-movie-03","value":"Shop the Movie 03"},{"id":"20524","key":"shop-the-movie-01","value":"Shop the Movie 01"},{"id":"20525","key":"shop-the-movie-02","value":"Shop the Movie 02"},{"id":"19570","key":"おすすめ製品","value":"おすすめ製品"},{"id":"1659","key":"ボディサンケア","value":"ボディ＆サンケア"},{"id":"22382","key":"ベースメーク","value":"ベースメーク"}]},"texture":null,"undertone":null,"unit_of_measure":null,"unit_size":null,"unit_size_formatted":null,"upc":"020714870867","vto":{"is_color_experience":null,"is_foundation_experience":null}},{"color_family":null,"coverage_options":null,"cross_sell":null,"display_status":7,"finish":null,"finish_options":null,"fragrances":[{"family":null,"key":null,"value":null}],"iln_listing":"水・メチルトリメチコン・フェニルトリメチコン・トリオクタノイン・メトキシケイヒ酸エチルヘキシル・ジメチコン・ＢＧ・酸化亜鉛・トリメチルシロキシケイ酸・酵母エキス・ＰＥＧ－１０ジメチコン・ラウリルＰＥＧ－９ポリジメチルシロキシエチルジメチコン・水酸化Ａｌ・安息香酸アルキル（Ｃ１２－１５）・グリセリン・ミリストイルサルコシンＮａ・（ジメチコン／（ＰＥＧ－１０／１５））クロスポリマー・塩化Ｎａ・酢酸トコフェロール・アセチルグルコサミン・カプリリルメチコン・ポリリシノレイン酸ポリグリセリル－６・アストロカリウムムルムル種子脂・メチコン・ジメチコンクロスポリマー－３・ジステアルジモニウムヘクトライト・リン酸アスコルビルＭｇ・レシチン・テトラヘキシルデカン酸アスコルビル・ホホバエステル・トリイソステアリン酸イソプロピルチタン・グレープフルーツ果皮エキス・ＥＤＴＡ－２Ｎａ・ラウレス－７・ヒアルロン酸Ｎａ・ＤＰＧ・ヨーロッパシラカバ樹皮エキス・トコフェロール・サッカロミセス溶解質エキス・チャ葉エキス・フェノキシエタノール・サリチル酸　＋／－　酸化チタン・マイカ・オキシ塩化ビスマス・酸化鉄<JILN8153>","iln_version_number":"JILN8153","inventory_status":"Active","is_active":true,"is_coming_soon":null,"is_default_sku":false,"is_discountable":true,"is_displayable":null,"is_engravable":null,"is_fragrance":null,"is_giftable":null,"is_giftwrap":false,"is_inactive":null,"is_multi_shaded":null,"is_out_of_stock":null,"is_preorder":false,"is_preorderable":null,"is_promotional":null,"is_replenishable":false,"is_search_suppressed":null,"is_searchable":true,"is_shaded":null,"is_sized":null,"is_sold_out":null,"is_under_weight_hazmat":false,"is_vto_enabled":null,"life_of_product":"Basic Reorder","material_code":"ZY5X636000","media":{"large":[{"alt":"イーブン ベター グロウ メークアップ 15","height":1200,"position":1,"src":"/media/export/cms/products/1200x1500/cl_sku_ZY5X63_1200x1500_0.png","type":"image","width":1500}],"medium":[{"alt":"イーブン ベター グロウ メークアップ 15","height":600,"position":2,"src":"/media/export/cms/products/600x750/cl_sku_ZY5X63_600x750_0.png","type":"image","width":750}],"model":null,"poster":null,"small":[{"alt":"イーブン ベター グロウ メークアップ 15","height":1200,"position":3,"src":"/media/export/cms/products/1200x1500/cl_sku_ZY5X63_1200x1500_0.png","type":"image","width":1500}],"smoosh":[{"alt":"イーブン ベター グロウ メークアップ 15","height":1200,"position":0,"src":"/media/export/cms/products/1200x1500/swatches_v3/06_ns_ng.png","type":"image","width":1500}],"xl":null},"out_of_stock_threshold":null,"perlgem":{"SKU_BASE_ID":84325},"preorder_date":null,"prices":[{"currency":"JPY","exclude_tax":{"original_price":4800,"original_price_formatted":"¥4,800","price":4800,"price_formatted":"¥4,800","price_per_unit":null,"price_per_unit_formatted":""},"include_tax":{"original_price":5280,"original_price_formatted":"¥5,280","price":5280,"price_formatted":"¥5,280","price_per_unit":null,"price_per_unit_formatted":""},"is_discounted":false}],"purchase_limit":null,"replenishment":{"message":null},"reviews":{"average_rating":null,"number_of_questions":null,"number_of_reviews":null},"set_components":null,"shade_groups":null,"shades":[{"description":"","hex_val":"#EDBC9C","image":{"height":null,"src":"","width":null},"name":"63 フレッシュ ベージュ","smoosh_design":{"group_id":null,"name":"06::none::none"}}],"sizes":[{"key":1,"value":"30mL"}],"skin":{"tone":null,"type":null,"type_description":null},"sku_badge":null,"sku_badge_image":null,"sku_display_order":2,"sku_id":"ZY5X63","sku_promo_messaging":null,"sku_type":"SE","sku_url":null,"tags":{"total":7,"items":[{"id":"1599","key":"ファンデーション","value":"ファンデーション"},{"id":"20850","key":"shop-the-movie-03","value":"Shop the Movie 03"},{"id":"20524","key":"shop-the-movie-01","value":"Shop the Movie 01"},{"id":"20525","key":"shop-the-movie-02","value":"Shop the Movie 02"},{"id":"19570","key":"おすすめ製品","value":"おすすめ製品"},{"id":"1659","key":"ボディサンケア","value":"ボディ＆サンケア"},{"id":"22382","key":"ベースメーク","value":"ベースメーク"}]},"texture":null,"undertone":null,"unit_of_measure":null,"unit_size":null,"unit_size_formatted":null,"upc":"020714870874","vto":{"is_color_experience":null,"is_foundation_experience":null}},{"color_family":null,"coverage_options":null,"cross_sell":null,"display_status":7,"finish":null,"finish_options":null,"fragrances":[{"family":null,"key":null,"value":null}],"iln_listing":"水・メチルトリメチコン・フェニルトリメチコン・トリオクタノイン・メトキシケイヒ酸エチルヘキシル・ジメチコン・ＢＧ・酸化亜鉛・トリメチルシロキシケイ酸・酵母エキス・ＰＥＧ－１０ジメチコン・ラウリルＰＥＧ－９ポリジメチルシロキシエチルジメチコン・水酸化Ａｌ・安息香酸アルキル（Ｃ１２－１５）・グリセリン・ミリストイルサルコシンＮａ・（ジメチコン／（ＰＥＧ－１０／１５））クロスポリマー・塩化Ｎａ・酢酸トコフェロール・アセチルグルコサミン・カプリリルメチコン・ポリリシノレイン酸ポリグリセリル－６・アストロカリウムムルムル種子脂・メチコン・ジメチコンクロスポリマー－３・ジステアルジモニウムヘクトライト・リン酸アスコルビルＭｇ・レシチン・テトラヘキシルデカン酸アスコルビル・ホホバエステル・トリイソステアリン酸イソプロピルチタン・グレープフルーツ果皮エキス・ＥＤＴＡ－２Ｎａ・ラウレス－７・ヒアルロン酸Ｎａ・ＤＰＧ・ヨーロッパシラカバ樹皮エキス・トコフェロール・サッカロミセス溶解質エキス・チャ葉エキス・フェノキシエタノール・サリチル酸　＋／－　酸化チタン・マイカ・オキシ塩化ビスマス・酸化鉄<JILN8153>","iln_version_number":"JILN8153","inventory_status":"Active","is_active":true,"is_coming_soon":null,"is_default_sku":false,"is_discountable":true,"is_displayable":null,"is_engravable":null,"is_fragrance":null,"is_giftable":null,"is_giftwrap":false,"is_inactive":null,"is_multi_shaded":null,"is_out_of_stock":null,"is_preorder":false,"is_preorderable":null,"is_promotional":null,"is_replenishable":false,"is_search_suppressed":null,"is_searchable":true,"is_shaded":null,"is_sized":null,"is_sold_out":null,"is_under_weight_hazmat":false,"is_vto_enabled":null,"life_of_product":"Basic Reorder","material_code":"ZY5X646000","media":{"large":[{"alt":"イーブン ベター グロウ メークアップ 15","height":1200,"position":1,"src":"/media/export/cms/products/1200x1500/cl_sku_ZY5X64_1200x1500_0.png","type":"image","width":1500}],"medium":[{"alt":"イーブン ベター グロウ メークアップ 15","height":600,"position":2,"src":"/media/export/cms/products/600x750/cl_sku_ZY5X64_600x750_0.png","type":"image","width":750}],"model":null,"poster":null,"small":[{"alt":"イーブン ベター グロウ メークアップ 15","height":1200,"position":3,"src":"/media/export/cms/products/1200x1500/cl_sku_ZY5X64_1200x1500_0.png","type":"image","width":1500}],"smoosh":[{"alt":"イーブン ベター グロウ メークアップ 15","height":1200,"position":0,"src":"/media/export/cms/products/1200x1500/swatches_v3/06_ns_ng.png","type":"image","width":1500}],"xl":null},"out_of_stock_threshold":null,"perlgem":{"SKU_BASE_ID":84326},"preorder_date":null,"prices":[{"currency":"JPY","exclude_tax":{"original_price":4800,"original_price_formatted":"¥4,800","price":4800,"price_formatted":"¥4,800","price_per_unit":null,"price_per_unit_formatted":""},"include_tax":{"original_price":5280,"original_price_formatted":"¥5,280","price":5280,"price_formatted":"¥5,280","price_per_unit":null,"price_per_unit_formatted":""},"is_discounted":false}],"purchase_limit":null,"replenishment":{"message":null},"reviews":{"average_rating":null,"number_of_questions":null,"number_of_reviews":null},"set_components":null,"shade_groups":null,"shades":[{"description":"","hex_val":"#EAB999","image":{"height":null,"src":"","width":null},"name":"64 クリーム ベージュ(標準色）","smoosh_design":{"group_id":null,"name":"06::none::none"}}],"sizes":[{"key":1,"value":"30mL"}],"skin":{"tone":null,"type":null,"type_description":null},"sku_badge":null,"sku_badge_image":null,"sku_display_order":3,"sku_id":"ZY5X64","sku_promo_messaging":null,"sku_type":"SE","sku_url":null,"tags":{"total":7,"items":[{"id":"1599","key":"ファンデーション","value":"ファンデーション"},{"id":"20850","key":"shop-the-movie-03","value":"Shop the Movie 03"},{"id":"20524","key":"shop-the-movie-01","value":"Shop the Movie 01"},{"id":"20525","key":"shop-the-movie-02","value":"Shop the Movie 02"},{"id":"19570","key":"おすすめ製品","value":"おすすめ製品"},{"id":"1659","key":"ボディサンケア","value":"ボディ＆サンケア"},{"id":"22382","key":"ベースメーク","value":"ベースメーク"}]},"texture":null,"undertone":null,"unit_of_measure":null,"unit_size":null,"unit_size_formatted":null,"upc":"020714870881","vto":{"is_color_experience":null,"is_foundation_experience":null}},{"color_family":null,"coverage_options":null,"cross_sell":null,"display_status":7,"finish":null,"finish_options":null,"fragrances":[{"family":null,"key":null,"value":null}],"iln_listing":"水・メチルトリメチコン・フェニルトリメチコン・トリオクタノイン・メトキシケイヒ酸エチルヘキシル・ジメチコン・ＢＧ・酸化亜鉛・トリメチルシロキシケイ酸・酵母エキス・ＰＥＧ－１０ジメチコン・ラウリルＰＥＧ－９ポリジメチルシロキシエチルジメチコン・水酸化Ａｌ・安息香酸アルキル（Ｃ１２－１５）・グリセリン・ミリストイルサルコシンＮａ・（ジメチコン／（ＰＥＧ－１０／１５））クロスポリマー・塩化Ｎａ・酢酸トコフェロール・アセチルグルコサミン・カプリリルメチコン・ポリリシノレイン酸ポリグリセリル－６・アストロカリウムムルムル種子脂・メチコン・ジメチコンクロスポリマー－３・ジステアルジモニウムヘクトライト・リン酸アスコルビルＭｇ・レシチン・テトラヘキシルデカン酸アスコルビル・ホホバエステル・トリイソステアリン酸イソプロピルチタン・グレープフルーツ果皮エキス・ＥＤＴＡ－２Ｎａ・ラウレス－７・ヒアルロン酸Ｎａ・ＤＰＧ・ヨーロッパシラカバ樹皮エキス・トコフェロール・サッカロミセス溶解質エキス・チャ葉エキス・フェノキシエタノール・サリチル酸　＋／－　酸化チタン・マイカ・オキシ塩化ビスマス・酸化鉄<JILN8153>","iln_version_number":"JILN8153","inventory_status":"Active","is_active":true,"is_coming_soon":null,"is_default_sku":false,"is_discountable":true,"is_displayable":null,"is_engravable":null,"is_fragrance":null,"is_giftable":null,"is_giftwrap":false,"is_inactive":null,"is_multi_shaded":null,"is_out_of_stock":null,"is_preorder":false,"is_preorderable":null,"is_promotional":null,"is_replenishable":false,"is_search_suppressed":null,"is_searchable":true,"is_shaded":null,"is_sized":null,"is_sold_out":null,"is_under_weight_hazmat":false,"is_vto_enabled":null,"life_of_product":"Basic Reorder","material_code":"ZY5X656000","media":{"large":[{"alt":"イーブン ベター グロウ メークアップ 15","height":1200,"position":1,"src":"/media/export/cms/products/1200x1500/cl_sku_ZY5X65_1200x1500_0.png","type":"image","width":1500}],"medium":[{"alt":"イーブン ベター グロウ メークアップ 15","height":600,"position":2,"src":"/media/export/cms/products/600x750/cl_sku_ZY5X65_600x750_0.png","type":"image","width":750}],"model":null,"poster":null,"small":[{"alt":"イーブン ベター グロウ メークアップ 15","height":1200,"position":3,"src":"/media/export/cms/products/1200x1500/cl_sku_ZY5X65_1200x1500_0.png","type":"image","width":1500}],"smoosh":[{"alt":"イーブン ベター グロウ メークアップ 15","height":1200,"position":0,"src":"/media/export/cms/products/1200x1500/swatches_v3/06_ns_ng.png","type":"image","width":1500}],"xl":null},"out_of_stock_threshold":null,"perlgem":{"SKU_BASE_ID":84327},"preorder_date":null,"prices":[{"currency":"JPY","exclude_tax":{"original_price":4800,"original_price_formatted":"¥4,800","price":4800,"price_formatted":"¥4,800","price_per_unit":null,"price_per_unit_formatted":""},"include_tax":{"original_price":5280,"original_price_formatted":"¥5,280","price":5280,"price_formatted":"¥5,280","price_per_unit":null,"price_per_unit_formatted":""},"is_discounted":false}],"purchase_limit":null,"replenishment":{"message":null},"reviews":{"average_rating":null,"number_of_questions":null,"number_of_reviews":null},"set_components":null,"shade_groups":null,"shades":[{"description":"","hex_val":"#E8B484","image":{"height":null,"src":"","width":null},"name":"65 ニュートラル","smoosh_design":{"group_id":null,"name":"06::none::none"}}],"sizes":[{"key":1,"value":"30mL"}],"skin":{"tone":null,"type":null,"type_description":null},"sku_badge":null,"sku_badge_image":null,"sku_display_order":4,"sku_id":"ZY5X65","sku_promo_messaging":null,"sku_type":"SE","sku_url":null,"tags":{"total":7,"items":[{"id":"1599","key":"ファンデーション","value":"ファンデーション"},{"id":"20850","key":"shop-the-movie-03","value":"Shop the Movie 03"},{"id":"20524","key":"shop-the-movie-01","value":"Shop the Movie 01"},{"id":"20525","key":"shop-the-movie-02","value":"Shop the Movie 02"},{"id":"19570","key":"おすすめ製品","value":"おすすめ製品"},{"id":"1659","key":"ボディサンケア","value":"ボディ＆サンケア"},{"id":"22382","key":"ベースメーク","value":"ベースメーク"}]},"texture":null,"undertone":null,"unit_of_measure":null,"unit_size":null,"unit_size_formatted":null,"upc":"020714870898","vto":{"is_color_experience":null,"is_foundation_experience":null}},{"color_family":null,"coverage_options":null,"cross_sell":null,"display_status":7,"finish":null,"finish_options":null,"fragrances":[{"family":null,"key":null,"value":null}],"iln_listing":"水・メチルトリメチコン・フェニルトリメチコン・トリオクタノイン・メトキシケイヒ酸エチルヘキシル・ジメチコン・ＢＧ・酸化亜鉛・トリメチルシロキシケイ酸・酵母エキス・ＰＥＧ－１０ジメチコン・ラウリルＰＥＧ－９ポリジメチルシロキシエチルジメチコン・水酸化Ａｌ・安息香酸アルキル（Ｃ１２－１５）・グリセリン・ミリストイルサルコシンＮａ・（ジメチコン／（ＰＥＧ－１０／１５））クロスポリマー・塩化Ｎａ・酢酸トコフェロール・アセチルグルコサミン・カプリリルメチコン・ポリリシノレイン酸ポリグリセリル－６・アストロカリウムムルムル種子脂・メチコン・ジメチコンクロスポリマー－３・ジステアルジモニウムヘクトライト・リン酸アスコルビルＭｇ・レシチン・テトラヘキシルデカン酸アスコルビル・ホホバエステル・トリイソステアリン酸イソプロピルチタン・グレープフルーツ果皮エキス・ＥＤＴＡ－２Ｎａ・ラウレス－７・ヒアルロン酸Ｎａ・ＤＰＧ・ヨーロッパシラカバ樹皮エキス・トコフェロール・サッカロミセス溶解質エキス・チャ葉エキス・フェノキシエタノール・サリチル酸　＋／－　酸化チタン・マイカ・オキシ塩化ビスマス・酸化鉄<JILN8153>","iln_version_number":"JILN8153","inventory_status":"Active","is_active":true,"is_coming_soon":null,"is_default_sku":false,"is_discountable":true,"is_displayable":null,"is_engravable":null,"is_fragrance":null,"is_giftable":null,"is_giftwrap":false,"is_inactive":null,"is_multi_shaded":null,"is_out_of_stock":null,"is_preorder":false,"is_preorderable":null,"is_promotional":null,"is_replenishable":false,"is_search_suppressed":null,"is_searchable":true,"is_shaded":null,"is_sized":null,"is_sold_out":null,"is_under_weight_hazmat":false,"is_vto_enabled":null,"life_of_product":"Basic Reorder","material_code":"ZY5X666000","media":{"large":[{"alt":"イーブン ベター グロウ メークアップ 15","height":1200,"position":1,"src":"/media/export/cms/products/1200x1500/cl_sku_ZY5X66_1200x1500_0.png","type":"image","width":1500}],"medium":[{"alt":"イーブン ベター グロウ メークアップ 15","height":600,"position":2,"src":"/media/export/cms/products/600x750/cl_sku_ZY5X66_600x750_0.png","type":"image","width":750}],"model":null,"poster":null,"small":[{"alt":"イーブン ベター グロウ メークアップ 15","height":1200,"position":3,"src":"/media/export/cms/products/1200x1500/cl_sku_ZY5X66_1200x1500_0.png","type":"image","width":1500}],"smoosh":[{"alt":"イーブン ベター グロウ メークアップ 15","height":1200,"position":0,"src":"/media/export/cms/products/1200x1500/swatches_v3/06_ns_ng.png","type":"image","width":1500}],"xl":null},"out_of_stock_threshold":null,"perlgem":{"SKU_BASE_ID":84328},"preorder_date":null,"prices":[{"currency":"JPY","exclude_tax":{"original_price":4800,"original_price_formatted":"¥4,800","price":4800,"price_formatted":"¥4,800","price_per_unit":null,"price_per_unit_formatted":""},"include_tax":{"original_price":5280,"original_price_formatted":"¥5,280","price":5280,"price_formatted":"¥5,280","price_per_unit":null,"price_per_unit_formatted":""},"is_discounted":false}],"purchase_limit":null,"replenishment":{"message":null},"reviews":{"average_rating":null,"number_of_questions":null,"number_of_reviews":null},"set_components":null,"shade_groups":null,"shades":[{"description":"","hex_val":"#F0B876","image":{"height":null,"src":"","width":null},"name":"66 トゥルー ベージュ","smoosh_design":{"group_id":null,"name":"06::none::none"}}],"sizes":[{"key":1,"value":"30mL"}],"skin":{"tone":null,"type":null,"type_description":null},"sku_badge":null,"sku_badge_image":null,"sku_display_order":5,"sku_id":"ZY5X66","sku_promo_messaging":null,"sku_type":"SE","sku_url":null,"tags":{"total":7,"items":[{"id":"1599","key":"ファンデーション","value":"ファンデーション"},{"id":"20850","key":"shop-the-movie-03","value":"Shop the Movie 03"},{"id":"20524","key":"shop-the-movie-01","value":"Shop the Movie 01"},{"id":"20525","key":"shop-the-movie-02","value":"Shop the Movie 02"},{"id":"19570","key":"おすすめ製品","value":"おすすめ製品"},{"id":"1659","key":"ボディサンケア","value":"ボディ＆サンケア"},{"id":"22382","key":"ベースメーク","value":"ベースメーク"}]},"texture":null,"undertone":null,"unit_of_measure":null,"unit_size":null,"unit_size_formatted":null,"upc":"020714870904","vto":{"is_color_experience":null,"is_foundation_experience":null}},{"color_family":null,"coverage_options":null,"cross_sell":null,"display_status":7,"finish":null,"finish_options":null,"fragrances":[{"family":null,"key":null,"value":null}],"iln_listing":"水・メチルトリメチコン・フェニルトリメチコン・トリオクタノイン・メトキシケイヒ酸エチルヘキシル・ジメチコン・ＢＧ・酸化亜鉛・トリメチルシロキシケイ酸・酵母エキス・ＰＥＧ－１０ジメチコン・ラウリルＰＥＧ－９ポリジメチルシロキシエチルジメチコン・水酸化Ａｌ・安息香酸アルキル（Ｃ１２－１５）・グリセリン・ミリストイルサルコシンＮａ・（ジメチコン／（ＰＥＧ－１０／１５））クロスポリマー・塩化Ｎａ・酢酸トコフェロール・アセチルグルコサミン・カプリリルメチコン・ポリリシノレイン酸ポリグリセリル－６・アストロカリウムムルムル種子脂・メチコン・ジメチコンクロスポリマー－３・ジステアルジモニウムヘクトライト・リン酸アスコルビルＭｇ・レシチン・テトラヘキシルデカン酸アスコルビル・ホホバエステル・トリイソステアリン酸イソプロピルチタン・グレープフルーツ果皮エキス・ＥＤＴＡ－２Ｎａ・ラウレス－７・ヒアルロン酸Ｎａ・ＤＰＧ・ヨーロッパシラカバ樹皮エキス・トコフェロール・サッカロミセス溶解質エキス・チャ葉エキス・フェノキシエタノール・サリチル酸　＋／－　酸化チタン・マイカ・オキシ塩化ビスマス・酸化鉄<JILN8153>","iln_version_number":"JILN8153","inventory_status":"Active","is_active":true,"is_coming_soon":null,"is_default_sku":false,"is_discountable":true,"is_displayable":null,"is_engravable":null,"is_fragrance":null,"is_giftable":null,"is_giftwrap":false,"is_inactive":null,"is_multi_shaded":null,"is_out_of_stock":null,"is_preorder":false,"is_preorderable":null,"is_promotional":null,"is_replenishable":false,"is_search_suppressed":null,"is_searchable":true,"is_shaded":null,"is_sized":null,"is_sold_out":null,"is_under_weight_hazmat":false,"is_vto_enabled":null,"life_of_product":"Basic Reorder","material_code":"ZY5X716000","media":{"large":[{"alt":"イーブン ベター グロウ メークアップ 15","height":1200,"position":1,"src":"/media/export/cms/products/1200x1500/cl_sku_ZY5X71_1200x1500_0.png","type":"image","width":1500}],"medium":[{"alt":"イーブン ベター グロウ メークアップ 15","height":600,"position":2,"src":"/media/export/cms/products/600x750/cl_sku_ZY5X71_600x750_0.png","type":"image","width":750}],"model":null,"poster":null,"small":[{"alt":"イーブン ベター グロウ メークアップ 15","height":1200,"position":3,"src":"/media/export/cms/products/1200x1500/cl_sku_ZY5X71_1200x1500_0.png","type":"image","width":1500}],"smoosh":[{"alt":"イーブン ベター グロウ メークアップ 15","height":1200,"position":0,"src":"/media/export/cms/products/1200x1500/swatches_v3/06_ns_ng.png","type":"image","width":1500}],"xl":null},"out_of_stock_threshold":null,"perlgem":{"SKU_BASE_ID":85121},"preorder_date":null,"prices":[{"currency":"JPY","exclude_tax":{"original_price":4800,"original_price_formatted":"¥4,800","price":4800,"price_formatted":"¥4,800","price_per_unit":null,"price_per_unit_formatted":""},"include_tax":{"original_price":5280,"original_price_formatted":"¥5,280","price":5280,"price_formatted":"¥5,280","price_per_unit":null,"price_per_unit_formatted":""},"is_discounted":false}],"purchase_limit":null,"replenishment":{"message":null},"reviews":{"average_rating":null,"number_of_questions":null,"number_of_reviews":null},"set_components":null,"shade_groups":null,"shades":[{"description":"","hex_val":"#EBBA92","image":{"height":null,"src":"","width":null},"name":"71 ライト オークル","smoosh_design":{"group_id":null,"name":"06::none::none"}}],"sizes":[{"key":1,"value":"30mL"}],"skin":{"tone":null,"type":null,"type_description":null},"sku_badge":null,"sku_badge_image":null,"sku_display_order":8,"sku_id":"ZY5X71","sku_promo_messaging":null,"sku_type":"SE","sku_url":null,"tags":{"total":7,"items":[{"id":"1599","key":"ファンデーション","value":"ファンデーション"},{"id":"20850","key":"shop-the-movie-03","value":"Shop the Movie 03"},{"id":"20524","key":"shop-the-movie-01","value":"Shop the Movie 01"},{"id":"20525","key":"shop-the-movie-02","value":"Shop the Movie 02"},{"id":"19570","key":"おすすめ製品","value":"おすすめ製品"},{"id":"1659","key":"ボディサンケア","value":"ボディ＆サンケア"},{"id":"22382","key":"ベースメーク","value":"ベースメーク"}]},"texture":null,"undertone":null,"unit_of_measure":null,"unit_size":null,"unit_size_formatted":null,"upc":"020714870959","vto":{"is_color_experience":null,"is_foundation_experience":null}}]},"sub_display_name":"イーブン ベター グロウ メークアップ 15","sub_header":null,"tags":{"total":7,"items":[{"id":"1599","key":"ファンデーション","parent_tag_id":"1592","product_display_order":20,"value":"ファンデーション"},{"id":"20850","key":"shop-the-movie-03","parent_tag_id":"1000020","product_display_order":0,"value":"Shop the Movie 03"},{"id":"20524","key":"shop-the-movie-01","parent_tag_id":"1000020","product_display_order":0,"value":"Shop the Movie 01"},{"id":"20525","key":"shop-the-movie-02","parent_tag_id":"1000020","product_display_order":4,"value":"Shop the Movie 02"},{"id":"19570","key":"おすすめ製品","parent_tag_id":"1000020","product_display_order":77,"value":"おすすめ製品"},{"id":"1659","key":"ボディサンケア","parent_tag_id":null,"product_display_order":0,"value":"ボディ＆サンケア"},{"id":"22382","key":"ベースメーク","parent_tag_id":"1000020","product_display_order":0,"value":"ベースメーク"}]},"usage":[{"content":"ファンデーション　ブラシ、スポンジ、もしくは指で、少量を顔の中心から外側に向かってなじませます。さらにカバーしたい部分には、必要に応じて重ね塗りすると、カバー力を自在に調整できます。","label":"PRODUCT USAGE","type":"product_usage"},{"content":null,"label":"HOW DOES IT WORK","type":"how_does_it_work"},{"content":null,"label":"WHO IT IS FOR","type":"who_it_is_for"},{"content":null,"label":"GREAT TO KNOW","type":"great_to_know"},{"content":null,"label":"WHAT_IT_DOES","type":"what_it_does"},{"content":null,"label":"WHAT_IT_IS","type":"what_it_is"}],"objectID":"51520"},{"benefit":{"statement":null,"benefits":null},"brand":null,"collection":null,"coverage":null,"cross_sell":[{"sku_id":"6KKA01","sort_key":1},{"sku_id":"6EM601","sort_key":2},{"sku_id":"76WY01","sort_key":3},{"sku_id":"7F1C01","sort_key":4},{"sku_id":"6LKG01","sort_key":5},{"sku_id":null,"sort_key":6}],"default_category":{"id":"1673","key":"クレンジング洗顔"},"description":"汗や皮脂の汚れをきちんと落としながら、必要な潤いまで奪わない、肌に優しい固形ソープ。携帯にも便利なサイズ（専用ケース付）。<BR>マイルド　スキンタイプ2用（乾燥～混合肌用）","display_mode":null,"display_name":"フェーシャル ソープ（50g x 3）","display_status":7,"finish":null,"form":null,"formula_type":null,"fragrance_family":null,"indexable_keywords":null,"is_hazmat":false,"is_product_coming_soon":null,"is_product_displayable":true,"is_product_searchable":true,"is_product_shoppable":true,"is_product_sold_out":null,"is_product_temporarily_out_of_stock":null,"is_search_suppressed":null,"key_ingredient":null,"media":{"large":null,"medium":null,"poster":null,"small":null,"videos":[{"position":null,"poster":{"height":null,"src":null,"width":null},"provider":"YouTube","src":null},{"position":null,"poster":{"height":null,"src":null,"width":null},"provider":"YouTube","src":null},{"position":null,"poster":{"height":null,"src":null,"width":null},"provider":"YouTube","src":null}],"xl":null},"meta":{"description":null,"keywords":"3 step, sensitive, hypoallergenic"},"parent_category":[{"id":"1673","value":"クレンジング・洗顔"},{"id":"1667","value":"スキンケア"}],"product_badge":null,"product_id":"5168","product_title_tag":null,"product_type":"Sized","product_url":"/product/1673/5168/50g-x-3/three-little-soaps-with-travel-bowl","reviews":{"average_rating":null,"number_of_questions":null,"number_of_reviews":null},"shade_groups":null,"short_description":"必要な潤いは守りながら、汗や皮脂の汚れをきちんと落とす、肌に優しい固形ソープ。","skin":null,"skin_goal":null,"skus":{"total":1,"items":[{"color_family":null,"coverage_options":null,"cross_sell":null,"display_status":7,"finish":null,"finish_options":null,"fragrances":[{"family":null,"key":null,"value":null}],"iln_listing":null,"iln_version_number":null,"inventory_status":"Active","is_active":true,"is_coming_soon":null,"is_default_sku":false,"is_discountable":true,"is_displayable":null,"is_engravable":null,"is_fragrance":null,"is_giftable":null,"is_giftwrap":false,"is_inactive":null,"is_multi_shaded":null,"is_out_of_stock":null,"is_preorder":false,"is_preorderable":null,"is_promotional":null,"is_replenishable":false,"is_search_suppressed":null,"is_searchable":true,"is_shaded":null,"is_sized":null,"is_sold_out":null,"is_under_weight_hazmat":false,"is_vto_enabled":null,"life_of_product":"Basic Reorder","material_code":"6011010001","media":{"large":[{"alt":"フェーシャル ソープ（50g x 3）","height":1200,"position":0,"src":"/media/export/cms/products/1200x1500/cl_sku_601101_1200x1500_0.png","type":"image","width":1500}],"medium":[{"alt":"フェーシャル ソープ（50g x 3）","height":600,"position":1,"src":"/media/export/cms/products/600x750/cl_sku_601101_600x750_0.png","type":"image","width":750}],"model":null,"poster":null,"small":[{"alt":"フェーシャル ソープ（50g x 3）","height":1200,"position":2,"src":"/media/export/cms/products/1200x1500/cl_sku_601101_1200x1500_0.png","type":"image","width":1500}],"smoosh":null,"xl":null},"out_of_stock_threshold":null,"perlgem":{"SKU_BASE_ID":15518},"preorder_date":null,"prices":[{"currency":"JPY","exclude_tax":{"original_price":4000,"original_price_formatted":"¥4,000","price":4000,"price_formatted":"¥4,000","price_per_unit":null,"price_per_unit_formatted":""},"include_tax":{"original_price":4400,"original_price_formatted":"¥4,400","price":4400,"price_formatted":"¥4,400","price_per_unit":null,"price_per_unit_formatted":""},"is_discounted":false}],"purchase_limit":null,"replenishment":{"message":"Never run low on your favourites. Sign up for Auto-Ship. Learn more >"},"reviews":{"average_rating":null,"number_of_questions":null,"number_of_reviews":null},"set_components":null,"shade_groups":null,"shades":null,"sizes":[{"key":1,"value":"50g×3"}],"skin":{"tone":null,"type":[{"key":"dry-skintype","value":"dry_skintype"},{"key":"combination-skintype","value":"combination_skintype"}],"type_description":null},"sku_badge":null,"sku_badge_image":null,"sku_display_order":0,"sku_id":"601101","sku_promo_messaging":null,"sku_type":"SE","sku_url":null,"tags":{"total":8,"items":[{"id":"1673","key":"クレンジング洗顔","value":"クレンジング・洗顔"},{"id":"27172","key":"day5flashsale","value":"Day5FlashSale"},{"id":"13659","key":"トライアルサイズ","value":"トライアルサイズ"},{"id":"1572","key":"ステップ１洗う","value":"ステップ１：洗う"},{"id":"27173","key":"day6flashsale","value":"Day6FlashSale"},{"id":"12792","key":"タイプ１乾燥","value":"タイプ１：乾燥"},{"id":"27174","key":"day7flashsale","value":"Day7FlashSale"},{"id":"12793","key":"タイプ２乾燥混合","value":"タイプ２：乾燥～混合"}]},"texture":null,"undertone":null,"unit_of_measure":null,"unit_size":null,"unit_size_formatted":null,"upc":"020714002176","vto":{"is_color_experience":null,"is_foundation_experience":null}}]},"sub_display_name":"フェーシャル ソープ（50g x 3）","sub_header":null,"tags":{"total":8,"items":[{"id":"1673","key":"クレンジング洗顔","parent_tag_id":"1667","product_display_order":13,"value":"クレンジング・洗顔"},{"id":"27172","key":"day5flashsale","parent_tag_id":"1590","product_display_order":187,"value":"Day5FlashSale"},{"id":"13659","key":"トライアルサイズ","parent_tag_id":"1667","product_display_order":33,"value":"トライアルサイズ"},{"id":"1572","key":"ステップ１洗う","parent_tag_id":"1570","product_display_order":18,"value":"ステップ１：洗う"},{"id":"27173","key":"day6flashsale","parent_tag_id":"1590","product_display_order":0,"value":"Day6FlashSale"},{"id":"12792","key":"タイプ１乾燥","parent_tag_id":"1570","product_display_order":8,"value":"タイプ１：乾燥"},{"id":"27174","key":"day7flashsale","parent_tag_id":"1590","product_display_order":0,"value":"Day7FlashSale"},{"id":"12793","key":"タイプ２乾燥混合","parent_tag_id":"1570","product_display_order":8,"value":"タイプ２：乾燥～混合"}]},"usage":[{"content":"クレンジング後、ソープをよく泡立て、顔全体に軽くなじませ、ぬるま湯ですすぎます。タオルで軽く押えるように拭いてください。","label":"PRODUCT USAGE","type":"product_usage"},{"content":null,"label":"HOW DOES IT WORK","type":"how_does_it_work"},{"content":"マイルド　スキンタイプ2用（乾燥～混合肌用）","label":"WHO IT IS FOR","type":"who_it_is_for"},{"content":null,"label":"GREAT TO KNOW","type":"great_to_know"},{"content":"汗や皮脂の汚れをきちんと落としながら、必要な潤いまで奪わない","label":"WHAT_IT_DOES","type":"what_it_does"},{"content":null,"label":"WHAT_IT_IS","type":"what_it_is"}],"objectID":"5168"},{"benefit":{"statement":null,"benefits":null},"brand":null,"collection":null,"coverage":null,"cross_sell":[{"sku_id":"61MT01","sort_key":1},{"sku_id":"64MG01","sort_key":2},{"sku_id":"62YL01","sort_key":3},{"sku_id":"6ACH01","sort_key":4}],"default_category":{"id":"1579","key":"クリニーク-ハッピー"},"description":"みずみずしいシトラス フローラルのフレグランス。つけた瞬間、明るい笑顔が広がります。","display_mode":null,"display_name":"クリニーク ハッピー","display_status":7,"finish":null,"form":null,"formula_type":null,"fragrance_family":[{"key":"floral-fragrance","value":"floral_fragrance"}],"indexable_keywords":[{"value":"フレグランス"},{"value":"香水"},{"value":"ハッピー"}],"is_hazmat":true,"is_product_coming_soon":null,"is_product_displayable":true,"is_product_searchable":true,"is_product_shoppable":true,"is_product_sold_out":null,"is_product_temporarily_out_of_stock":null,"is_search_suppressed":null,"key_ingredient":null,"media":{"large":[{"alt":"クリニーク ハッピー","height":1200,"position":0,"src":"/media/export/cms/products/1200x1500/cl_prod_5188_1200x1500_0.png","type":"image","width":1500}],"medium":null,"poster":null,"small":[{"alt":"クリニーク ハッピー","height":1200,"position":1,"src":"/media/export/cms/products/1200x1500/cl_prod_5188_1200x1500_0.png","type":"image","width":1500}],"videos":[{"position":null,"poster":{"height":null,"src":null,"width":null},"provider":"YouTube","src":null},{"position":null,"poster":{"height":null,"src":null,"width":null},"provider":"YouTube","src":null},{"position":null,"poster":{"height":null,"src":null,"width":null},"provider":"YouTube","src":null}],"xl":null},"meta":{"description":null,"keywords":"holiday,gift,  christmas gift, christmas make up, christmas set, FOR HER, FOR WOMEN"},"parent_category":[{"id":"1579","value":"クリニーク ハッピー"},{"id":"1577","value":"フレグランス"}],"product_badge":null,"product_id":"5188","product_title_tag":null,"product_type":"Sized","product_url":"/product/1579/5188/clinique-happy","reviews":{"average_rating":null,"number_of_questions":null,"number_of_reviews":null},"shade_groups":null,"short_description":"みずみずしいシトラス フローラルのフレグランス。つけた瞬間、明るい笑顔が広がります。","skin":null,"skin_goal":null,"skus":{"total":2,"items":[{"color_family":null,"coverage_options":null,"cross_sell":null,"display_status":7,"finish":null,"finish_options":null,"fragrances":[{"family":null,"key":null,"value":null}],"iln_listing":"変性アルコール・香料・水<JILN0340>","iln_version_number":"JILN0340","inventory_status":"Active","is_active":true,"is_coming_soon":null,"is_default_sku":false,"is_discountable":true,"is_displayable":null,"is_engravable":null,"is_fragrance":null,"is_giftable":null,"is_giftwrap":false,"is_inactive":null,"is_multi_shaded":null,"is_out_of_stock":null,"is_preorder":false,"is_preorderable":null,"is_promotional":null,"is_replenishable":false,"is_search_suppressed":null,"is_searchable":true,"is_shaded":null,"is_sized":null,"is_sold_out":null,"is_under_weight_hazmat":null,"is_vto_enabled":null,"life_of_product":"Basic Reorder","material_code":"62AH010001","media":{"large":[{"alt":"クリニーク ハッピー","height":1200,"position":0,"src":"/media/export/cms/products/1200x1500/cl_sku_62AH01_1200x1500_0.png","type":"image","width":1500}],"medium":[{"alt":"クリニーク ハッピー","height":600,"position":1,"src":"/media/export/cms/products/600x750/cl_sku_62AH01_600x750_0.png","type":"image","width":750}],"model":null,"poster":null,"small":[{"alt":"クリニーク ハッピー","height":1200,"position":2,"src":"/media/export/cms/products/1200x1500/cl_sku_62AH01_1200x1500_0.png","type":"image","width":1500}],"smoosh":null,"xl":null},"out_of_stock_threshold":null,"perlgem":{"SKU_BASE_ID":11759},"preorder_date":null,"prices":[{"currency":"JPY","exclude_tax":{"original_price":5000,"original_price_formatted":"¥5,000","price":5000,"price_formatted":"¥5,000","price_per_unit":null,"price_per_unit_formatted":""},"include_tax":{"original_price":5500,"original_price_formatted":"¥5,500","price":5500,"price_formatted":"¥5,500","price_per_unit":null,"price_per_unit_formatted":""},"is_discounted":false}],"purchase_limit":null,"replenishment":{"message":null},"reviews":{"average_rating":null,"number_of_questions":null,"number_of_reviews":null},"set_components":null,"shade_groups":null,"shades":null,"sizes":[{"key":1,"value":"30mL"}],"skin":{"tone":null,"type":null,"type_description":null},"sku_badge":null,"sku_badge_image":null,"sku_display_order":0,"sku_id":"62AH01","sku_promo_messaging":null,"sku_type":"SE","sku_url":null,"tags":{"total":8,"items":[{"id":"1584","key":"セットギフト","value":"セット＆ギフト"},{"id":"1579","key":"クリニーク-ハッピー","value":"クリニーク ハッピー"},{"id":"27170","key":"day3flashsale","value":"Day3FlashSale"},{"id":"18068","key":"価格別5000円","value":"価格別5000円"},{"id":"27174","key":"day7flashsale","value":"Day7FlashSale"},{"id":"13561","key":"holiday-2014","value":"Holiday 2014"},{"id":"16422","key":"セットギフト","value":"セット＆ギフト"},{"id":"27172","key":"day5flashsale","value":"Day5FlashSale"}]},"texture":null,"undertone":null,"unit_of_measure":null,"unit_size":null,"unit_size_formatted":null,"upc":"020714997298","vto":{"is_color_experience":null,"is_foundation_experience":null}},{"color_family":null,"coverage_options":null,"cross_sell":null,"display_status":7,"finish":null,"finish_options":null,"fragrances":[{"family":null,"key":null,"value":null}],"iln_listing":"変性アルコール・香料・水<JILN0340>","iln_version_number":"JILN0340","inventory_status":"Active","is_active":true,"is_coming_soon":null,"is_default_sku":true,"is_discountable":true,"is_displayable":null,"is_engravable":null,"is_fragrance":null,"is_giftable":null,"is_giftwrap":false,"is_inactive":null,"is_multi_shaded":null,"is_out_of_stock":null,"is_preorder":false,"is_preorderable":null,"is_promotional":null,"is_replenishable":false,"is_search_suppressed":null,"is_searchable":true,"is_shaded":null,"is_sized":null,"is_sold_out":null,"is_under_weight_hazmat":null,"is_vto_enabled":null,"life_of_product":"Basic Reorder","material_code":"635M010001","media":{"large":[{"alt":"クリニーク ハッピー","height":1200,"position":0,"src":"/media/export/cms/products/1200x1500/cl_sku_635M01_1200x1500_0.png","type":"image","width":1500}],"medium":[{"alt":"クリニーク ハッピー","height":600,"position":1,"src":"/media/export/cms/products/600x750/cl_sku_635M01_600x750_0.png","type":"image","width":750},{"alt":"クリニーク ハッピー","height":600,"position":2,"src":"/media/export/cms/products/600x750/cl_sku_635M01_600x750_1.png","type":"image","width":750}],"model":null,"poster":null,"small":[{"alt":"クリニーク ハッピー","height":1200,"position":3,"src":"/media/export/cms/products/1200x1500/cl_sku_635M01_1200x1500_0.png","type":"image","width":1500}],"smoosh":null,"xl":null},"out_of_stock_threshold":null,"perlgem":{"SKU_BASE_ID":11927},"preorder_date":null,"prices":[{"currency":"JPY","exclude_tax":{"original_price":7000,"original_price_formatted":"¥7,000","price":7000,"price_formatted":"¥7,000","price_per_unit":null,"price_per_unit_formatted":""},"include_tax":{"original_price":7700,"original_price_formatted":"¥7,700","price":7700,"price_formatted":"¥7,700","price_per_unit":null,"price_per_unit_formatted":""},"is_discounted":false}],"purchase_limit":null,"replenishment":{"message":"Never run low on your favourites. Sign up for Auto-Ship. Learn more >"},"reviews":{"average_rating":null,"number_of_questions":null,"number_of_reviews":null},"set_components":null,"shade_groups":null,"shades":null,"sizes":[{"key":1,"value":"50mL"}],"skin":{"tone":null,"type":null,"type_description":null},"sku_badge":null,"sku_badge_image":null,"sku_display_order":1,"sku_id":"635M01","sku_promo_messaging":null,"sku_type":"SE","sku_url":null,"tags":{"total":13,"items":[{"id":"1584","key":"セットギフト","value":"セット＆ギフト"},{"id":"13770","key":"gwp","value":"GWP"},{"id":"1579","key":"クリニーク-ハッピー","value":"クリニーク ハッピー"},{"id":"27170","key":"day3flashsale","value":"Day3FlashSale"},{"id":"18068","key":"価格別5000円","value":"価格別5000円"},{"id":"27174","key":"day7flashsale","value":"Day7FlashSale"},{"id":"1575","key":"ベストセラー","value":"ベストセラー"},{"id":"12523","key":"fragrance-best-sellers","value":"Fragrance Best Sellers"},{"id":"1577","key":"フレグランス","value":"フレグランス"},{"id":"13564","key":"fragrance","value":"Fragrance"},{"id":"13561","key":"holiday-2014","value":"Holiday 2014"},{"id":"16422","key":"セットギフト","value":"セット＆ギフト"},{"id":"27172","key":"day5flashsale","value":"Day5FlashSale"}]},"texture":null,"undertone":null,"unit_of_measure":null,"unit_size":null,"unit_size_formatted":null,"upc":"020714052959","vto":{"is_color_experience":null,"is_foundation_experience":null}}]},"sub_display_name":"クリニーク ハッピー","sub_header":null,"tags":{"total":13,"items":[{"id":"1584","key":"セットギフト","parent_tag_id":"1582","product_display_order":27,"value":"セット＆ギフト"},{"id":"13770","key":"gwp","parent_tag_id":null,"product_display_order":28,"value":"GWP"},{"id":"1579","key":"クリニーク-ハッピー","parent_tag_id":"1577","product_display_order":9,"value":"クリニーク ハッピー"},{"id":"27170","key":"day3flashsale","parent_tag_id":"1590","product_display_order":0,"value":"Day3FlashSale"},{"id":"18068","key":"価格別5000円","parent_tag_id":"1000020","product_display_order":5,"value":"価格別5000円"},{"id":"27174","key":"day7flashsale","parent_tag_id":"1590","product_display_order":0,"value":"Day7FlashSale"},{"id":"1575","key":"ベストセラー","parent_tag_id":null,"product_display_order":89,"value":"ベストセラー"},{"id":"12523","key":"fragrance-best-sellers","parent_tag_id":"1577","product_display_order":0,"value":"Fragrance Best Sellers"},{"id":"1577","key":"フレグランス","parent_tag_id":null,"product_display_order":1,"value":"フレグランス"},{"id":"13564","key":"fragrance","parent_tag_id":"13561","product_display_order":0,"value":"Fragrance"},{"id":"13561","key":"holiday-2014","parent_tag_id":null,"product_display_order":0,"value":"Holiday 2014"},{"id":"16422","key":"セットギフト","parent_tag_id":"1585","product_display_order":295,"value":"セット＆ギフト"},{"id":"27172","key":"day5flashsale","parent_tag_id":"1590","product_display_order":158,"value":"Day5FlashSale"}]},"usage":[{"content":"手首、耳たぶの後ろなど、脈打つ部分につけます。<BR>肌に直接スプレーする場合は、アトマイザーを7～13cm離した位置に持ってスプレーしてください。宝石類をつけている部分は避けてください。","label":"PRODUCT USAGE","type":"product_usage"},{"content":null,"label":"HOW DOES IT WORK","type":"how_does_it_work"},{"content":null,"label":"WHO IT IS FOR","type":"who_it_is_for"},{"content":null,"label":"GREAT TO KNOW","type":"great_to_know"},{"content":"つけた瞬間、明るい笑顔が広がります。","label":"WHAT_IT_DOES","type":"what_it_does"},{"content":"みずみずしいシトラス フローラルのフレグランス","label":"WHAT_IT_IS","type":"what_it_is"}],"objectID":"5188"},{"benefit":{"statement":null,"benefits":null},"brand":null,"collection":null,"coverage":null,"cross_sell":[{"sku_id":"62AH01","sort_key":1},{"sku_id":"64MG01","sort_key":2},{"sku_id":"62A401","sort_key":3},{"sku_id":"64MG01","sort_key":4},{"sku_id":null,"sort_key":5}],"default_category":{"id":"1579","key":"クリニーク-ハッピー"},"description":"ハッピーの香りがするボディ ウォッシュ。泡立てやすいジェルタイプ。優しくソフトに洗い上げます。","display_mode":null,"display_name":"クリニーク ハッピー<br>ボディ ウォッシュ","display_status":7,"finish":null,"form":null,"formula_type":null,"fragrance_family":null,"indexable_keywords":[{"value":"フレグランス"},{"value":"香水"},{"value":"ハッピー"},{"value":"ボディウォッシュ"},{"value":"ボディ"},{"value":"happy"},{"value":"body"},{"value":"body cream"},{"value":"ボディシャンプー"},{"value":"ボディケア"}],"is_hazmat":false,"is_product_coming_soon":null,"is_product_displayable":true,"is_product_searchable":true,"is_product_shoppable":true,"is_product_sold_out":null,"is_product_temporarily_out_of_stock":null,"is_search_suppressed":null,"key_ingredient":null,"media":{"large":null,"medium":null,"poster":null,"small":null,"videos":[{"position":null,"poster":{"height":null,"src":null,"width":null},"provider":null,"src":null},{"position":null,"poster":{"height":null,"src":null,"width":null},"provider":null,"src":null},{"position":null,"poster":{"height":null,"src":null,"width":null},"provider":null,"src":null}],"xl":null},"meta":{"description":null,"keywords":"shower gel"},"parent_category":[{"id":"1579","value":"クリニーク ハッピー"},{"id":"1577","value":"フレグランス"}],"product_badge":null,"product_id":"5189","product_title_tag":null,"product_type":"Other","product_url":"/product/1579/5189/clinique-happy-body-wash","reviews":{"average_rating":null,"number_of_questions":null,"number_of_reviews":null},"shade_groups":null,"short_description":"ハッピーの香りがするボディ ウォッシュ。","skin":null,"skin_goal":null,"skus":{"total":1,"items":[{"color_family":null,"coverage_options":null,"cross_sell":null,"display_status":7,"finish":null,"finish_options":null,"fragrances":[{"family":null,"key":null,"value":null}],"iln_listing":"水・ラウリル硫酸ＴＥＡ・ラウレス硫酸Ｎａ・香料・コカミドＭＥＡ・ステアレス－２０・セテス－２０・スルホコハク酸ラウレス２Ｎａ・ラウラミドプロピルベタイン・ジオレイン酸ＰＥＧ－１２０メチルグルコース・パンテノール・カプリリルグリコール・ヒドロキシプロピルメチルセルロース・硫酸Ｎａ・マロン酸ジエチルヘキシルシリンギリデン・ポリクオタニウムー７・パンテチン・ヘキシレングリコール・クエン酸・ＨＥＤＴＡ－３Ｎａ・トリ（カプリル酸／カプリン酸）グリセリル・ＢＧ・黄４・赤２２７・フェノキシエタノール<JILN4543>","iln_version_number":"JILN4543","inventory_status":"Active","is_active":true,"is_coming_soon":null,"is_default_sku":false,"is_discountable":true,"is_displayable":null,"is_engravable":null,"is_fragrance":null,"is_giftable":null,"is_giftwrap":false,"is_inactive":null,"is_multi_shaded":null,"is_out_of_stock":null,"is_preorder":false,"is_preorderable":null,"is_promotional":null,"is_replenishable":false,"is_search_suppressed":null,"is_searchable":true,"is_shaded":null,"is_sized":null,"is_sold_out":null,"is_under_weight_hazmat":false,"is_vto_enabled":null,"life_of_product":"Basic Reorder","material_code":"61MT010001","media":{"large":[{"alt":"クリニーク ハッピー<br>ボディ ウォッシュ","height":1200,"position":0,"src":"/media/export/cms/products/1200x1500/cl_sku_61MT01_1200x1500_0.png","type":"image","width":1500}],"medium":[{"alt":"クリニーク ハッピー<br>ボディ ウォッシュ","height":600,"position":1,"src":"/media/export/cms/products/600x750/cl_sku_61MT01_600x750_0.png","type":"image","width":750}],"model":null,"poster":null,"small":[{"alt":"クリニーク ハッピー<br>ボディ ウォッシュ","height":1200,"position":2,"src":"/media/export/cms/products/1200x1500/cl_sku_61MT01_1200x1500_0.png","type":"image","width":1500}],"smoosh":null,"xl":null},"out_of_stock_threshold":null,"perlgem":{"SKU_BASE_ID":11635},"preorder_date":null,"prices":[{"currency":"JPY","exclude_tax":{"original_price":4800,"original_price_formatted":"¥4,800","price":4800,"price_formatted":"¥4,800","price_per_unit":null,"price_per_unit_formatted":""},"include_tax":{"original_price":5280,"original_price_formatted":"¥5,280","price":5280,"price_formatted":"¥5,280","price_per_unit":null,"price_per_unit_formatted":""},"is_discounted":false}],"purchase_limit":null,"replenishment":{"message":"Never run low on your favourites. Sign up for Auto-Ship. Learn more >"},"reviews":{"average_rating":null,"number_of_questions":null,"number_of_reviews":null},"set_components":null,"shade_groups":null,"shades":null,"sizes":[{"key":1,"value":"200mL"}],"skin":{"tone":null,"type":null,"type_description":null},"sku_badge":null,"sku_badge_image":null,"sku_display_order":0,"sku_id":"61MT01","sku_promo_messaging":null,"sku_type":"SE","sku_url":null,"tags":{"total":8,"items":[{"id":"13561","key":"holiday-2014","value":"Holiday 2014"},{"id":"1579","key":"クリニーク-ハッピー","value":"クリニーク ハッピー"},{"id":"1584","key":"セットギフト","value":"セット＆ギフト"},{"id":"1577","key":"フレグランス","value":"フレグランス"},{"id":"13564","key":"fragrance","value":"Fragrance"},{"id":"16916","key":"gift-ideas-for-events","value":"Gift Ideas for Events"},{"id":"1660","key":"ボディケア","value":"ボディケア　"},{"id":"1686","key":"ボディケア","value":"ボディケア"}]},"texture":null,"undertone":null,"unit_of_measure":null,"unit_size":null,"unit_size_formatted":null,"upc":"020714161682","vto":{"is_color_experience":null,"is_foundation_experience":null}}]},"sub_display_name":"クリニーク ハッピー<br>ボディ ウォッシュ","sub_header":null,"tags":{"total":8,"items":[{"id":"13561","key":"holiday-2014","parent_tag_id":null,"product_display_order":0,"value":"Holiday 2014"},{"id":"1579","key":"クリニーク-ハッピー","parent_tag_id":"1577","product_display_order":11,"value":"クリニーク ハッピー"},{"id":"1584","key":"セットギフト","parent_tag_id":"1582","product_display_order":34,"value":"セット＆ギフト"},{"id":"1577","key":"フレグランス","parent_tag_id":null,"product_display_order":9,"value":"フレグランス"},{"id":"13564","key":"fragrance","parent_tag_id":"13561","product_display_order":0,"value":"Fragrance"},{"id":"16916","key":"gift-ideas-for-events","parent_tag_id":"1000020","product_display_order":28,"value":"Gift Ideas for Events"},{"id":"1660","key":"ボディケア","parent_tag_id":"1659","product_display_order":15,"value":"ボディケア　"},{"id":"1686","key":"ボディケア","parent_tag_id":"1667","product_display_order":15,"value":"ボディケア"}]},"usage":[{"content":"タオルやスポンジ、手にとり、泡立てて使います。バスタブにお湯をはる際に入れると、バブルバスとしても使えます。","label":"PRODUCT USAGE","type":"product_usage"},{"content":null,"label":"HOW DOES IT WORK","type":"how_does_it_work"},{"content":null,"label":"WHO IT IS FOR","type":"who_it_is_for"},{"content":null,"label":"GREAT TO KNOW","type":"great_to_know"},{"content":null,"label":"WHAT_IT_DOES","type":"what_it_does"},{"content":null,"label":"WHAT_IT_IS","type":"what_it_is"}],"objectID":"5189"},{"benefit":{"statement":null,"benefits":null},"brand":null,"collection":null,"coverage":null,"cross_sell":[{"sku_id":"64MM01","sort_key":1},{"sku_id":"62AH01","sort_key":2},{"sku_id":"64MG01","sort_key":3},{"sku_id":"65EN01","sort_key":4},{"sku_id":null,"sort_key":5},{"sku_id":"Z4KJ01","sort_key":6}],"default_category":{"id":"1617","key":"クリニーク-ハッピー-フォー-メン"},"description":"爽やかなシトラスが弾ける、フレッシュでクールなメンズ フレグランス。","display_mode":null,"display_name":"クリニーク ハッピー<br>フォー メン","display_status":7,"finish":null,"form":null,"formula_type":null,"fragrance_family":null,"indexable_keywords":[{"value":"フレグランス"},{"value":"香水"},{"value":"ハッピー"},{"value":"ハッピーフォーメン"},{"value":"メンズ"},{"value":"ボディウォッシュ"},{"value":"happy"},{"value":"happy for men"},{"value":"men's"},{"value":"men"}],"is_hazmat":true,"is_product_coming_soon":null,"is_product_displayable":true,"is_product_searchable":true,"is_product_shoppable":true,"is_product_sold_out":null,"is_product_temporarily_out_of_stock":null,"is_search_suppressed":null,"key_ingredient":null,"media":{"large":null,"medium":null,"poster":null,"small":null,"videos":[{"position":null,"poster":{"height":null,"src":null,"width":null},"provider":null,"src":null},{"position":null,"poster":{"height":null,"src":null,"width":null},"provider":null,"src":null},{"position":null,"poster":{"height":null,"src":null,"width":null},"provider":null,"src":null}],"xl":null},"meta":{"description":null,"keywords":"holiday,gift"},"parent_category":[{"id":"1617","value":"クリニーク ハッピー フォー メン"},{"id":"1616","value":"Fragrance"},{"id":"1609","value":"メンズ"}],"product_badge":null,"product_id":"5190","product_title_tag":null,"product_type":"Sized","product_url":"/product/1617/5190/fragrance/-/clinique-happy-for-men","reviews":{"average_rating":null,"number_of_questions":null,"number_of_reviews":null},"shade_groups":null,"short_description":"爽やかなシトラスが弾ける、フレッシュでクールなメンズ フレグランス。","skin":null,"skin_goal":null,"skus":{"total":1,"items":[{"color_family":null,"coverage_options":null,"cross_sell":null,"display_status":7,"finish":null,"finish_options":null,"fragrances":[{"family":null,"key":null,"value":null}],"iln_listing":"変性アルコール・水・香料<JILN0338>","iln_version_number":"JILN0338","inventory_status":"Active","is_active":true,"is_coming_soon":null,"is_default_sku":false,"is_discountable":true,"is_displayable":null,"is_engravable":null,"is_fragrance":null,"is_giftable":null,"is_giftwrap":false,"is_inactive":null,"is_multi_shaded":null,"is_out_of_stock":null,"is_preorder":false,"is_preorderable":null,"is_promotional":null,"is_replenishable":false,"is_search_suppressed":null,"is_searchable":true,"is_shaded":null,"is_sized":null,"is_sold_out":null,"is_under_weight_hazmat":null,"is_vto_enabled":null,"life_of_product":"Basic Reorder","material_code":"62YL010001","media":{"large":[{"alt":"クリニーク ハッピー<br>フォー メン","height":1200,"position":0,"src":"/media/export/cms/products/1200x1500/cl_sku_62YL01_1200x1500_0.png","type":"image","width":1500}],"medium":[{"alt":"クリニーク ハッピー<br>フォー メン","height":600,"position":1,"src":"/media/export/cms/products/600x750/cl_sku_62YL01_600x750_0.png","type":"image","width":750}],"model":null,"poster":null,"small":[{"alt":"クリニーク ハッピー<br>フォー メン","height":1200,"position":2,"src":"/media/export/cms/products/1200x1500/cl_sku_62YL01_1200x1500_0.png","type":"image","width":1500}],"smoosh":null,"xl":null},"out_of_stock_threshold":null,"perlgem":{"SKU_BASE_ID":11825},"preorder_date":null,"prices":[{"currency":"JPY","exclude_tax":{"original_price":6200,"original_price_formatted":"¥6,200","price":6200,"price_formatted":"¥6,200","price_per_unit":null,"price_per_unit_formatted":""},"include_tax":{"original_price":6820,"original_price_formatted":"¥6,820","price":6820,"price_formatted":"¥6,820","price_per_unit":null,"price_per_unit_formatted":""},"is_discounted":false}],"purchase_limit":null,"replenishment":{"message":"Never run low on your favourites. Sign up for Auto-Ship. Learn more >"},"reviews":{"average_rating":null,"number_of_questions":null,"number_of_reviews":null},"set_components":null,"shade_groups":null,"shades":null,"sizes":[{"key":1,"value":"50mL"}],"skin":{"tone":null,"type":null,"type_description":null},"sku_badge":null,"sku_badge_image":null,"sku_display_order":0,"sku_id":"62YL01","sku_promo_messaging":null,"sku_type":"SE","sku_url":null,"tags":{"total":12,"items":[{"id":"1616","key":"fragrance","value":"Fragrance"},{"id":"1617","key":"クリニーク-ハッピー-フォー-メン","value":"クリニーク ハッピー フォー メン"},{"id":"1609","key":"メンズ","value":"メンズ"},{"id":"16422","key":"セットギフト","value":"セット＆ギフト"},{"id":"27174","key":"day7flashsale","value":"Day7FlashSale"},{"id":"27170","key":"day3flashsale","value":"Day3FlashSale"},{"id":"27172","key":"day5flashsale","value":"Day5FlashSale"},{"id":"12950","key":"mens-bestsellers","value":"Men's Bestsellers"},{"id":"1584","key":"セットギフト","value":"セット＆ギフト"},{"id":"17696","key":"gifts-for-him","value":"Gifts for him"},{"id":"1619","key":"セットギフト","value":"セット＆ギフト"},{"id":"1615","key":"クリニークハッピーフォーメン","value":"クリニークハッピーフォーメン"}]},"texture":null,"undertone":null,"unit_of_measure":null,"unit_size":null,"unit_size_formatted":null,"upc":"020714080303","vto":{"is_color_experience":null,"is_foundation_experience":null}}]},"sub_display_name":"クリニーク ハッピー<br>フォー メン","sub_header":null,"tags":{"total":12,"items":[{"id":"1616","key":"fragrance","parent_tag_id":"1609","product_display_order":0,"value":"Fragrance"},{"id":"1617","key":"クリニーク-ハッピー-フォー-メン","parent_tag_id":"1616","product_display_order":0,"value":"クリニーク ハッピー フォー メン"},{"id":"1609","key":"メンズ","parent_tag_id":null,"product_display_order":13,"value":"メンズ"},{"id":"16422","key":"セットギフト","parent_tag_id":"1585","product_display_order":141,"value":"セット＆ギフト"},{"id":"27174","key":"day7flashsale","parent_tag_id":"1590","product_display_order":0,"value":"Day7FlashSale"},{"id":"27170","key":"day3flashsale","parent_tag_id":"1590","product_display_order":0,"value":"Day3FlashSale"},{"id":"27172","key":"day5flashsale","parent_tag_id":"1590","product_display_order":166,"value":"Day5FlashSale"},{"id":"12950","key":"mens-bestsellers","parent_tag_id":"1609","product_display_order":0,"value":"Men's Bestsellers"},{"id":"1584","key":"セットギフト","parent_tag_id":"1582","product_display_order":36,"value":"セット＆ギフト"},{"id":"17696","key":"gifts-for-him","parent_tag_id":"1000020","product_display_order":2,"value":"Gifts for him"},{"id":"1619","key":"セットギフト","parent_tag_id":"1618","product_display_order":40,"value":"セット＆ギフト"},{"id":"1615","key":"クリニークハッピーフォーメン","parent_tag_id":"1609","product_display_order":10,"value":"クリニークハッピーフォーメン"}]},"usage":[{"content":"ボディに直接スプレーします。時や場所を選ばずに使える香りです。","label":"PRODUCT USAGE","type":"product_usage"},{"content":null,"label":"HOW DOES IT WORK","type":"how_does_it_work"},{"content":null,"label":"WHO IT IS FOR","type":"who_it_is_for"},{"content":null,"label":"GREAT TO KNOW","type":"great_to_know"},{"content":null,"label":"WHAT_IT_DOES","type":"what_it_does"},{"content":null,"label":"WHAT_IT_IS","type":"what_it_is"}],"objectID":"5190"},{"benefit":{"statement":null,"benefits":null},"brand":null,"collection":null,"coverage":null,"cross_sell":[{"sku_id":"60MK01","sort_key":1},{"sku_id":"62A401","sort_key":2},{"sku_id":"77XH01","sort_key":3},{"sku_id":"6AJX01","sort_key":4},{"sku_id":"6FP201","sort_key":5},{"sku_id":"6LG901","sort_key":6}],"default_category":{"id":"1606","key":"マスカラ"},"description":"トリートメント成分を配合し、まつげを保護するマスカラ下地。","display_mode":null,"display_name":"ラッシュ ビルディング プライマー","display_status":7,"finish":null,"form":null,"formula_type":null,"fragrance_family":null,"indexable_keywords":[{"value":"color"},{"value":"カラー"},{"value":"メークアップ"},{"value":"メイクアップ"},{"value":"mascara"},{"value":"make up"},{"value":"makeup"},{"value":"マスカラ下地"},{"value":"下地"}],"is_hazmat":false,"is_product_coming_soon":null,"is_product_displayable":true,"is_product_searchable":true,"is_product_shoppable":true,"is_product_sold_out":null,"is_product_temporarily_out_of_stock":null,"is_search_suppressed":null,"key_ingredient":null,"media":{"large":null,"medium":null,"poster":null,"small":null,"videos":[{"position":null,"poster":{"height":null,"src":null,"width":null},"provider":null,"src":null},{"position":null,"poster":{"height":null,"src":null,"width":null},"provider":null,"src":null},{"position":null,"poster":{"height":null,"src":null,"width":null},"provider":null,"src":null}],"xl":null},"meta":{"description":null,"keywords":"Mascara,Mascaras,Eyes"},"parent_category":[{"id":"1606","value":"マスカラ"},{"id":"1592","value":"メーク"}],"product_badge":null,"product_id":"5236","product_title_tag":null,"product_type":"Other","product_url":"/product/1606/5236/lash-building-primer","reviews":{"average_rating":null,"number_of_questions":null,"number_of_reviews":null},"shade_groups":null,"short_description":"トリートメント成分を配合し、まつげを保護するマスカラ下地。","skin":null,"skin_goal":null,"skus":{"total":1,"items":[{"color_family":null,"coverage_options":null,"cross_sell":null,"display_status":7,"finish":null,"finish_options":null,"fragrances":[{"family":null,"key":null,"value":null}],"iln_listing":"水・カルナウバロウ・ステアリン酸・ステアリン酸グリセリル・ポリブテン・オレイン酸・ＡＭＰＤ・アクリレーツコポリマーアンモニウム・エチルヘキシルグリセリン・ヒドロキシエチルセルロース・グリセリン・パンテノール・ラウレス－２１・フェノキシエタノール・クロルフェネシン・デヒドロ酢酸Ｎａ・ソルビン酸<JILN4254>","iln_version_number":"JILN4254","inventory_status":"Active","is_active":true,"is_coming_soon":null,"is_default_sku":false,"is_discountable":true,"is_displayable":null,"is_engravable":null,"is_fragrance":null,"is_giftable":null,"is_giftwrap":false,"is_inactive":null,"is_multi_shaded":null,"is_out_of_stock":null,"is_preorder":false,"is_preorderable":null,"is_promotional":null,"is_replenishable":false,"is_search_suppressed":null,"is_searchable":true,"is_shaded":null,"is_sized":null,"is_sold_out":null,"is_under_weight_hazmat":false,"is_vto_enabled":null,"life_of_product":"Basic Reorder","material_code":"6CLW010001","media":{"large":[{"alt":"ラッシュ ビルディング プライマー","height":1200,"position":0,"src":"/media/export/cms/products/1200x1500/cl_sku_6CLW01_1200x1500_0.png","type":"image","width":1500}],"medium":[{"alt":"ラッシュ ビルディング プライマー","height":600,"position":1,"src":"/media/export/cms/products/600x750/cl_sku_6CLW01_600x750_0.png","type":"image","width":750}],"model":null,"poster":null,"small":[{"alt":"ラッシュ ビルディング プライマー","height":1200,"position":2,"src":"/media/export/cms/products/1200x1500/cl_sku_6CLW01_1200x1500_0.png","type":"image","width":1500}],"smoosh":null,"xl":null},"out_of_stock_threshold":null,"perlgem":{"SKU_BASE_ID":13015},"preorder_date":null,"prices":[{"currency":"JPY","exclude_tax":{"original_price":2800,"original_price_formatted":"¥2,800","price":2800,"price_formatted":"¥2,800","price_per_unit":null,"price_per_unit_formatted":""},"include_tax":{"original_price":3080,"original_price_formatted":"¥3,080","price":3080,"price_formatted":"¥3,080","price_per_unit":null,"price_per_unit_formatted":""},"is_discounted":false}],"purchase_limit":null,"replenishment":{"message":"Never run low on your favourites. Sign up for Auto-Ship. Learn more >"},"reviews":{"average_rating":null,"number_of_questions":null,"number_of_reviews":null},"set_components":null,"shade_groups":null,"shades":null,"sizes":[{"key":1,"value":null}],"skin":{"tone":null,"type":null,"type_description":null},"sku_badge":null,"sku_badge_image":null,"sku_display_order":0,"sku_id":"6CLW01","sku_promo_messaging":null,"sku_type":"SE","sku_url":null,"tags":{"total":7,"items":[{"id":"9427","key":"whatsnew","value":"what'snew"},{"id":"27174","key":"day7flashsale","value":"Day7FlashSale"},{"id":"25565","key":"justarrivednew","value":"justarrivednew"},{"id":"27172","key":"day5flashsale","value":"Day5FlashSale"},{"id":"1606","key":"マスカラ","value":"マスカラ"},{"id":"27171","key":"day4flashsale","value":"Day4FlashSale"},{"id":"19570","key":"おすすめ製品","value":"おすすめ製品"}]},"texture":null,"undertone":null,"unit_of_measure":null,"unit_size":null,"unit_size_formatted":null,"upc":"020714213886","vto":{"is_color_experience":null,"is_foundation_experience":null}}]},"sub_display_name":"ラッシュ ビルディング プライマー","sub_header":null,"tags":{"total":7,"items":[{"id":"9427","key":"whatsnew","parent_tag_id":"9420","product_display_order":0,"value":"what'snew"},{"id":"27174","key":"day7flashsale","parent_tag_id":"1590","product_display_order":0,"value":"Day7FlashSale"},{"id":"25565","key":"justarrivednew","parent_tag_id":null,"product_display_order":5,"value":"justarrivednew"},{"id":"27172","key":"day5flashsale","parent_tag_id":"1590","product_display_order":0,"value":"Day5FlashSale"},{"id":"1606","key":"マスカラ","parent_tag_id":"1592","product_display_order":22,"value":"マスカラ"},{"id":"27171","key":"day4flashsale","parent_tag_id":"1590","product_display_order":54,"value":"Day4FlashSale"},{"id":"19570","key":"おすすめ製品","parent_tag_id":"1000020","product_display_order":85,"value":"おすすめ製品"}]},"usage":[{"content":"マスカラをつける前に使用します。その上にマスカラを重ねることで、マスカラの持つ効果をアップさせます。","label":"PRODUCT USAGE","type":"product_usage"},{"content":null,"label":"HOW DOES IT WORK","type":"how_does_it_work"},{"content":null,"label":"WHO IT IS FOR","type":"who_it_is_for"},{"content":null,"label":"GREAT TO KNOW","type":"great_to_know"},{"content":null,"label":"WHAT_IT_DOES","type":"what_it_does"},{"content":null,"label":"WHAT_IT_IS","type":"what_it_is"}],"objectID":"5236"},{"benefit":{"statement":null,"benefits":null},"brand":null,"collection":null,"coverage":null,"cross_sell":[{"sku_id":"6F4601","sort_key":1},{"sku_id":"645J01","sort_key":2},{"sku_id":"75X301","sort_key":3},{"sku_id":"6CY401","sort_key":4},{"sku_id":"69KL01","sort_key":5},{"sku_id":"62A401","sort_key":6}],"default_category":{"id":"1593","key":"チーク"},"description":"見たままの色がクリアに発色するチーク。ソフトでクリーミーなテクスチャーが肌になめらかに広がります。","display_mode":null,"display_name":"ブラッシング ブラッシュ","display_status":7,"finish":null,"form":null,"formula_type":null,"fragrance_family":null,"indexable_keywords":[{"value":"color"},{"value":" カラー"},{"value":" メークアップ"},{"value":" メイクアップ"},{"value":" 頬紅"},{"value":" チーク"}],"is_hazmat":false,"is_product_coming_soon":null,"is_product_displayable":true,"is_product_searchable":true,"is_product_shoppable":true,"is_product_sold_out":null,"is_product_temporarily_out_of_stock":null,"is_search_suppressed":null,"key_ingredient":null,"media":{"large":null,"medium":null,"poster":null,"small":null,"videos":[{"position":null,"poster":{"height":null,"src":null,"width":null},"provider":null,"src":null},{"position":null,"poster":{"height":null,"src":null,"width":null},"provider":null,"src":null},{"position":null,"poster":{"height":null,"src":null,"width":null},"provider":null,"src":null}],"xl":null},"meta":{"description":null,"keywords":"cheek, face, color, rouge"},"parent_category":[{"id":"1593","value":"チーク"},{"id":"1592","value":"メーク"}],"product_badge":null,"product_id":"5265","product_title_tag":null,"product_type":"Shaded","product_url":"/product/1593/5265/blushing-blush-powder-blush","reviews":{"average_rating":null,"number_of_questions":null,"number_of_reviews":null},"shade_groups":null,"short_description":"見たままの色がクリアに発色するチーク。ソフトでクリーミーなテクスチャーが肌になめらかに広がります。","skin":null,"skin_goal":null,"skus":{"total":3,"items":[{"color_family":null,"coverage_options":null,"cross_sell":null,"display_status":7,"finish":null,"finish_options":null,"fragrances":[{"family":null,"key":null,"value":null}],"iln_listing":"ジメチコン・ステアリン酸亜鉛・ナイロン－１２・ラウリン酸ラウリル・ＥＤＴＡ－４Ｎａ・クロルフェネシン・ソルビン酸Ｋ　＋／－　タルク・マイカ・酸化チタン・酸化鉄・シリカ・オキシ塩化ビスマス・硫酸Ｂａ・黄４・赤２０２・黄５・青１・赤２２６・カルミン<JILN2948>","iln_version_number":"JILN2948","inventory_status":"Active","is_active":true,"is_coming_soon":null,"is_default_sku":false,"is_discountable":true,"is_displayable":null,"is_engravable":null,"is_fragrance":null,"is_giftable":null,"is_giftwrap":false,"is_inactive":null,"is_multi_shaded":null,"is_out_of_stock":null,"is_preorder":false,"is_preorderable":null,"is_promotional":null,"is_replenishable":false,"is_search_suppressed":null,"is_searchable":true,"is_shaded":null,"is_sized":null,"is_sold_out":null,"is_under_weight_hazmat":false,"is_vto_enabled":null,"life_of_product":"Basic Reorder","material_code":"6FLK060001","media":{"large":[{"alt":"ブラッシング ブラッシュ","height":1200,"position":1,"src":"/media/export/cms/products/1200x1500/cl_sku_6FLK06_1200x1500_0.png","type":"image","width":1500}],"medium":[{"alt":"ブラッシング ブラッシュ","height":600,"position":2,"src":"/media/export/cms/products/600x750/cl_sku_6FLK06_600x750_0.png","type":"image","width":750}],"model":null,"poster":null,"small":[{"alt":"ブラッシング ブラッシュ","height":1200,"position":3,"src":"/media/export/cms/products/1200x1500/cl_sku_6FLK06_1200x1500_0.png","type":"image","width":1500}],"smoosh":[{"alt":"ブラッシング ブラッシュ","height":1200,"position":0,"src":"/media/export/cms/products/1200x1500/swatches_v3/33_ns_ng.png","type":"image","width":1500}],"xl":null},"out_of_stock_threshold":null,"perlgem":{"SKU_BASE_ID":13416},"preorder_date":null,"prices":[{"currency":"JPY","exclude_tax":{"original_price":3500,"original_price_formatted":"¥3,500","price":3500,"price_formatted":"¥3,500","price_per_unit":null,"price_per_unit_formatted":""},"include_tax":{"original_price":3850,"original_price_formatted":"¥3,850","price":3850,"price_formatted":"¥3,850","price_per_unit":null,"price_per_unit_formatted":""},"is_discounted":false}],"purchase_limit":null,"replenishment":{"message":"Never run low on your favourites. Sign up for Auto-Ship. Learn more >"},"reviews":{"average_rating":null,"number_of_questions":null,"number_of_reviews":null},"set_components":null,"shade_groups":null,"shades":[{"description":"落ち着いたベリーピンク","hex_val":"#d78281","image":{"height":null,"src":"","width":null},"name":"106 ベリー デライト","smoosh_design":{"group_id":null,"name":"33::none::none"}}],"sizes":[{"key":1,"value":null}],"skin":{"tone":null,"type":null,"type_description":null},"sku_badge":null,"sku_badge_image":null,"sku_display_order":1,"sku_id":"6FLK06","sku_promo_messaging":null,"sku_type":"SE","sku_url":null,"tags":{"total":4,"items":[{"id":"27171","key":"day4flashsale","value":"Day4FlashSale"},{"id":"27172","key":"day5flashsale","value":"Day5FlashSale"},{"id":"1593","key":"チーク","value":"チーク"},{"id":"27174","key":"day7flashsale","value":"Day7FlashSale"}]},"texture":null,"undertone":null,"unit_of_measure":null,"unit_size":null,"unit_size_formatted":null,"upc":"020714235864","vto":{"is_color_experience":null,"is_foundation_experience":null}},{"color_family":null,"coverage_options":null,"cross_sell":null,"display_status":7,"finish":null,"finish_options":null,"fragrances":[{"family":null,"key":null,"value":null}],"iln_listing":"ジメチコン・ステアリン酸亜鉛・ナイロン－１２・ラウリン酸ラウリル・ＥＤＴＡ－４Ｎａ・クロルフェネシン・ソルビン酸Ｋ　＋／－　タルク・マイカ・酸化チタン・酸化鉄・シリカ・オキシ塩化ビスマス・硫酸Ｂａ・黄４・赤２０２・黄５・青１・赤２２６・カルミン<JILN2948>","iln_version_number":"JILN2948","inventory_status":"Active","is_active":true,"is_coming_soon":null,"is_default_sku":false,"is_discountable":true,"is_displayable":null,"is_engravable":null,"is_fragrance":null,"is_giftable":null,"is_giftwrap":false,"is_inactive":null,"is_multi_shaded":null,"is_out_of_stock":null,"is_preorder":false,"is_preorderable":null,"is_promotional":null,"is_replenishable":false,"is_search_suppressed":null,"is_searchable":true,"is_shaded":null,"is_sized":null,"is_sold_out":null,"is_under_weight_hazmat":false,"is_vto_enabled":null,"life_of_product":"Basic Reorder","material_code":"6FLK080001","media":{"large":[{"alt":"ブラッシング ブラッシュ","height":1200,"position":1,"src":"/media/export/cms/products/1200x1500/cl_sku_6FLK08_1200x1500_0.png","type":"image","width":1500}],"medium":[{"alt":"ブラッシング ブラッシュ","height":600,"position":2,"src":"/media/export/cms/products/600x750/cl_sku_6FLK08_600x750_0.png","type":"image","width":750}],"model":null,"poster":null,"small":[{"alt":"ブラッシング ブラッシュ","height":1200,"position":3,"src":"/media/export/cms/products/1200x1500/cl_sku_6FLK08_1200x1500_0.png","type":"image","width":1500}],"smoosh":[{"alt":"ブラッシング ブラッシュ","height":1200,"position":0,"src":"/media/export/cms/products/1200x1500/swatches_v3/33_ns_ng.png","type":"image","width":1500}],"xl":null},"out_of_stock_threshold":null,"perlgem":{"SKU_BASE_ID":13418},"preorder_date":null,"prices":[{"currency":"JPY","exclude_tax":{"original_price":3500,"original_price_formatted":"¥3,500","price":3500,"price_formatted":"¥3,500","price_per_unit":null,"price_per_unit_formatted":""},"include_tax":{"original_price":3850,"original_price_formatted":"¥3,850","price":3850,"price_formatted":"¥3,850","price_per_unit":null,"price_per_unit_formatted":""},"is_discounted":false}],"purchase_limit":null,"replenishment":{"message":"Never run low on your favourites. Sign up for Auto-Ship. Learn more >"},"reviews":{"average_rating":null,"number_of_questions":null,"number_of_reviews":null},"set_components":null,"shade_groups":null,"shades":[{"description":"落ち着いたピンク","hex_val":"#f18f94","image":{"height":null,"src":"","width":null},"name":"108 キューピッド","smoosh_design":{"group_id":null,"name":"33::none::none"}}],"sizes":[{"key":1,"value":null}],"skin":{"tone":null,"type":null,"type_description":null},"sku_badge":null,"sku_badge_image":null,"sku_display_order":2,"sku_id":"6FLK08","sku_promo_messaging":null,"sku_type":"SE","sku_url":null,"tags":{"total":5,"items":[{"id":"27171","key":"day4flashsale","value":"Day4FlashSale"},{"id":"27172","key":"day5flashsale","value":"Day5FlashSale"},{"id":"9424","key":"discovery-box","value":"Discovery Box"},{"id":"1593","key":"チーク","value":"チーク"},{"id":"27174","key":"day7flashsale","value":"Day7FlashSale"}]},"texture":null,"undertone":null,"unit_of_measure":null,"unit_size":null,"unit_size_formatted":null,"upc":"020714235888","vto":{"is_color_experience":null,"is_foundation_experience":null}},{"color_family":null,"coverage_options":null,"cross_sell":null,"display_status":7,"finish":null,"finish_options":null,"fragrances":[{"family":null,"key":null,"value":null}],"iln_listing":"ジメチコン・ステアリン酸亜鉛・ナイロン－１２・ラウリン酸ラウリル・ＥＤＴＡ－４Ｎａ・クロルフェネシン・ソルビン酸Ｋ　＋／－　タルク・マイカ・酸化チタン・酸化鉄・シリカ・オキシ塩化ビスマス・硫酸Ｂａ・黄４・赤２０２・黄５・青１・赤２２６・カルミン<JILN2948>","iln_version_number":"JILN2948","inventory_status":"Active","is_active":true,"is_coming_soon":null,"is_default_sku":false,"is_discountable":true,"is_displayable":null,"is_engravable":null,"is_fragrance":null,"is_giftable":null,"is_giftwrap":false,"is_inactive":null,"is_multi_shaded":null,"is_out_of_stock":null,"is_preorder":false,"is_preorderable":null,"is_promotional":null,"is_replenishable":false,"is_search_suppressed":null,"is_searchable":true,"is_shaded":null,"is_sized":null,"is_sold_out":null,"is_under_weight_hazmat":false,"is_vto_enabled":null,"life_of_product":"Basic Reorder","material_code":"6FLK100001","media":{"large":[{"alt":"ブラッシング ブラッシュ","height":1200,"position":1,"src":"/media/export/cms/products/1200x1500/cl_sku_6FLK10_1200x1500_0.png","type":"image","width":1500}],"medium":[{"alt":"ブラッシング ブラッシュ","height":600,"position":2,"src":"/media/export/cms/products/600x750/cl_sku_6FLK10_600x750_0.png","type":"image","width":750}],"model":null,"poster":null,"small":[{"alt":"ブラッシング ブラッシュ","height":1200,"position":3,"src":"/media/export/cms/products/1200x1500/cl_sku_6FLK10_1200x1500_0.png","type":"image","width":1500}],"smoosh":[{"alt":"ブラッシング ブラッシュ","height":1200,"position":0,"src":"/media/export/cms/products/1200x1500/swatches_v3/33_ns_ng.png","type":"image","width":1500}],"xl":null},"out_of_stock_threshold":null,"perlgem":{"SKU_BASE_ID":13419},"preorder_date":null,"prices":[{"currency":"JPY","exclude_tax":{"original_price":3500,"original_price_formatted":"¥3,500","price":3500,"price_formatted":"¥3,500","price_per_unit":null,"price_per_unit_formatted":""},"include_tax":{"original_price":3850,"original_price_formatted":"¥3,850","price":3850,"price_formatted":"¥3,850","price_per_unit":null,"price_per_unit_formatted":""},"is_discounted":false}],"purchase_limit":null,"replenishment":{"message":"Never run low on your favourites. Sign up for Auto-Ship. Learn more >"},"reviews":{"average_rating":null,"number_of_questions":null,"number_of_reviews":null},"set_components":null,"shade_groups":null,"shades":[{"description":"ゴールドパールの入ったピーチピンク","hex_val":"#f59494","image":{"height":null,"src":"","width":null},"name":"110 プレシャス ポージー","smoosh_design":{"group_id":null,"name":"33::none::none"}}],"sizes":[{"key":1,"value":null}],"skin":{"tone":null,"type":null,"type_description":null},"sku_badge":null,"sku_badge_image":null,"sku_display_order":3,"sku_id":"6FLK10","sku_promo_messaging":null,"sku_type":"SE","sku_url":null,"tags":{"total":3,"items":[{"id":"27171","key":"day4flashsale","value":"Day4FlashSale"},{"id":"27172","key":"day5flashsale","value":"Day5FlashSale"},{"id":"1593","key":"チーク","value":"チーク"}]},"texture":null,"undertone":null,"unit_of_measure":null,"unit_size":null,"unit_size_formatted":null,"upc":"020714235901","vto":{"is_color_experience":null,"is_foundation_experience":null}}]},"sub_display_name":"ブラッシング ブラッシュ","sub_header":null,"tags":{"total":5,"items":[{"id":"27171","key":"day4flashsale","parent_tag_id":"1590","product_display_order":0,"value":"Day4FlashSale"},{"id":"27172","key":"day5flashsale","parent_tag_id":"1590","product_display_order":114,"value":"Day5FlashSale"},{"id":"9424","key":"discovery-box","parent_tag_id":"9420","product_display_order":0,"value":"Discovery Box"},{"id":"1593","key":"チーク","parent_tag_id":"1592","product_display_order":16,"value":"チーク"},{"id":"27174","key":"day7flashsale","parent_tag_id":"1590","product_display_order":0,"value":"Day7FlashSale"}]},"usage":[{"content":"適量を付属のブラシ、またはブラッシュ　ブラシにとり、頬につけぼかします。","label":"PRODUCT USAGE","type":"product_usage"},{"content":null,"label":"HOW DOES IT WORK","type":"how_does_it_work"},{"content":null,"label":"WHO IT IS FOR","type":"who_it_is_for"},{"content":null,"label":"GREAT TO KNOW","type":"great_to_know"},{"content":null,"label":"WHAT_IT_DOES","type":"what_it_does"},{"content":null,"label":"WHAT_IT_IS","type":"what_it_is"}],"objectID":"5265"},{"benefit":{"statement":null,"benefits":null},"brand":null,"collection":[{"key":"even-better-collection","value":"even_better_collection"}],"coverage":[{"key":"medium-coverage","value":"medium_coverage"}],"cross_sell":[{"sku_id":"6LY901","sort_key":1},{"sku_id":"6L6W01","sort_key":2},{"sku_id":"71MC01","sort_key":3},{"sku_id":"71MC01","sort_key":4},{"sku_id":"7JHT01","sort_key":5},{"sku_id":"6F3701","sort_key":6}],"default_category":{"id":"1599","key":"ファンデーション"},"description":"塗るたびにすばやく明るい肌へと導く、皮膚科学者が開発したファンデーション。潤いとなめらかさを肌に与えます。クリームタイプなので自然な仕上がりに。全10色。つけた瞬間から色ムラをしっかりカバーし、明るく、均一な肌色に整えるファンデーション。 SPF15で紫外線から肌を守ります。本来の肌色に一体化するようになじむピグメント配合で、シミをカバーしながら明るい肌へ。汗や湿気への耐性にも優れています。※24時間化粧もち。化粧もち（薄れ）データ取得済み(当社調べ/効果には個人差があります)。","display_mode":null,"display_name":"イーブン ベター メークアップ 15","display_status":7,"finish":[{"key":"natural-finish","value":"natural_finish"}],"form":[{"key":"liquid-form","value":"liquid_form"}],"formula_type":null,"fragrance_family":null,"indexable_keywords":[{"value":"Even"},{"value":"Even Better"},{"value":"イーブン ベター"}],"is_hazmat":false,"is_product_coming_soon":null,"is_product_displayable":true,"is_product_searchable":true,"is_product_shoppable":true,"is_product_sold_out":null,"is_product_temporarily_out_of_stock":null,"is_search_suppressed":null,"key_ingredient":null,"media":{"large":[{"alt":"イーブン ベター メークアップ 15","height":1200,"position":0,"src":"/media/export/cms/products/1200x1500/cl_prod_5276_1200x1500_0.png","type":"image","width":1500},{"alt":"イーブン ベター メークアップ 15","height":1200,"position":1,"src":"/media/export/cms/products/1200x1500/cl_prod_5276_1200x1500_1.png","type":"image","width":1500}],"medium":null,"poster":null,"small":[{"alt":"イーブン ベター メークアップ 15","height":1200,"position":2,"src":"/media/export/cms/products/1200x1500/cl_prod_5276_1200x1500_0.png","type":"image","width":1500},{"alt":"イーブン ベター メークアップ 15","height":1200,"position":3,"src":"/media/export/cms/products/1200x1500/cl_prod_5276_1200x1500_1.png","type":"image","width":1500}],"videos":[{"position":null,"poster":{"height":null,"src":null,"width":null},"provider":"YouTube","src":null},{"position":null,"poster":{"height":null,"src":null,"width":null},"provider":"YouTube","src":null},{"position":null,"poster":{"height":null,"src":null,"width":null},"provider":"YouTube","src":null}],"xl":null},"meta":{"description":null,"keywords":"brightening, brightening makeup, dark spot makeup, dark spot, spot, sun spot, age spots,  power couple, fund, manchas"},"parent_category":[{"id":"1599","value":"ファンデーション"},{"id":"1592","value":"メーク"}],"product_badge":null,"product_id":"5276","product_title_tag":null,"product_type":"Shaded","product_url":"/product/1599/5276/-15/even-bettertm-makeup-broad-spectrum-spf-15","reviews":{"average_rating":null,"number_of_questions":null,"number_of_reviews":null},"shade_groups":null,"short_description":"塗るたびにすばやく明るい肌へと導く、皮膚科学者が開発したファンデーション。全10色。","skin":{"concern":[{"key":"dark-spots-concern","value":"dark_spots_concern"},{"key":"spf-concern","value":"spf_concern"},{"key":"unevenskintone-concern","value":"unevenskintone_concern"}]},"skin_goal":null,"skus":{"total":6,"items":[{"color_family":null,"coverage_options":null,"cross_sell":{"categories":[{"position":0,"sku_id":"KL3P05"},{"position":1,"sku_id":" KL3P07"},{"position":2,"sku_id":" KL3P17"}]},"display_status":7,"finish":null,"finish_options":null,"fragrances":[{"family":null,"key":null,"value":null}],"iln_listing":"水・メチルトリメチコン・メトキシケイヒ酸エチルヘキシル・フェニルトリメチコン・ジメチコン・トリオクタノイン・ＢＧ・酸化亜鉛・酵母エキス・トリメチルシロキシケイ酸・ラウリルＰＥＧ－９ポリジメチルシロキシエチルジメチコン・ＰＥＧ－１０ジメチコン・グリセリン・安息香酸アルキル（Ｃ１２－１５）・ミリストイルサルコシンＮａ・（ジメチコン／（ＰＥＧ－１０／１５））クロスポリマー・塩化Ｎａ・アセチルグルコサミン・酢酸トコフェロール・カプリリルメチコン・メチコン・ポリリシノレイン酸ポリグリセリル－６・アストロカリウムムルムル脂・ジステアルジモニウムヘクトライト・ジメチコンクロスポリマー－３・テトラヘキシルデカン酸アスコルビル・リン酸アスコルビルＭｇ・レシチン・トリイソステアリン酸イソプロピルチタン・グレープフルーツ果皮エキス・ＥＤＴＡ－２Ｎａ・ラウレス－７・ＤＰＧ・クエン酸Ｎａ・ヨーロッパシラカバ樹皮エキス・トコフェロール・サッカロミセス溶解質エキス・フェノキシエタノール・ポリアミノプロピルビグアニド　＋／－　酸化チタン・酸化鉄・水酸化Ａｌ・オキシ塩化ビスマス・マイカ<JILN005559>","iln_version_number":"JILN005559","inventory_status":"Active","is_active":true,"is_coming_soon":null,"is_default_sku":false,"is_discountable":true,"is_displayable":null,"is_engravable":null,"is_fragrance":null,"is_giftable":null,"is_giftwrap":false,"is_inactive":null,"is_multi_shaded":null,"is_out_of_stock":null,"is_preorder":false,"is_preorderable":null,"is_promotional":null,"is_replenishable":false,"is_search_suppressed":null,"is_searchable":true,"is_shaded":null,"is_sized":null,"is_sold_out":null,"is_under_weight_hazmat":false,"is_vto_enabled":null,"life_of_product":"Basic Reorder","material_code":"6MNY616000","media":{"large":[{"alt":"イーブン ベター メークアップ 15","height":1200,"position":1,"src":"/media/export/cms/products/1200x1500/cl_sku_6MNY61_1200x1500_0.png","type":"image","width":1500}],"medium":[{"alt":"イーブン ベター メークアップ 15","height":600,"position":3,"src":"/media/export/cms/products/600x750/cl_sku_6MNY61_600x750_0.png","type":"image","width":750}],"model":[{"alt":"イーブン ベター メークアップ 15","height":null,"position":2,"src":"/media/export/cms/model/F1.jpg","type":"image","width":null}],"poster":null,"small":[{"alt":"イーブン ベター メークアップ 15","height":1200,"position":4,"src":"/media/export/cms/products/1200x1500/cl_sku_6MNY61_1200x1500_0.png","type":"image","width":1500}],"smoosh":[{"alt":"イーブン ベター メークアップ 15","height":1200,"position":0,"src":"/media/export/cms/products/1200x1500/swatches_v3/06_ns_ng.png","type":"image","width":1500}],"xl":null},"out_of_stock_threshold":null,"perlgem":{"SKU_BASE_ID":43345},"preorder_date":null,"prices":[{"currency":"JPY","exclude_tax":{"original_price":4800,"original_price_formatted":"¥4,800","price":4800,"price_formatted":"¥4,800","price_per_unit":null,"price_per_unit_formatted":""},"include_tax":{"original_price":5280,"original_price_formatted":"¥5,280","price":5280,"price_formatted":"¥5,280","price_per_unit":null,"price_per_unit_formatted":""},"is_discounted":false}],"purchase_limit":null,"replenishment":{"message":null},"reviews":{"average_rating":null,"number_of_questions":null,"number_of_reviews":null},"set_components":null,"shade_groups":null,"shades":[{"description":"","hex_val":"#FCE1B8","image":{"height":null,"src":"","width":null},"name":"61 アイボリー","smoosh_design":{"group_id":null,"name":"06::none::none"}}],"sizes":[{"key":1,"value":"30mL"}],"skin":{"tone":null,"type":[{"key":"dry-skintype","value":"dry_skintype"},{"key":"combination-skintype","value":"combination_skintype"}],"type_description":null},"sku_badge":null,"sku_badge_image":null,"sku_display_order":0,"sku_id":"6MNY61","sku_promo_messaging":null,"sku_type":"SE","sku_url":null,"tags":{"total":6,"items":[{"id":"1659","key":"ボディサンケア","value":"ボディ＆サンケア"},{"id":"1599","key":"ファンデーション","value":"ファンデーション"},{"id":"17726","key":"base-makeup","value":"Base Makeup"},{"id":"1693","key":"シミソバカス","value":"シミ・ソバカス"},{"id":"16907","key":"even-better-makeup","value":"Even Better Makeup"},{"id":"2028","key":"メーク","value":"メーク"}]},"texture":null,"undertone":null,"unit_of_measure":null,"unit_size":null,"unit_size_formatted":null,"upc":"020714541736","vto":{"is_color_experience":null,"is_foundation_experience":true}},{"color_family":null,"coverage_options":null,"cross_sell":{"categories":[{"position":0,"sku_id":"KL3P03"},{"position":1,"sku_id":" KL3P07"},{"position":2,"sku_id":" KL3P14"}]},"display_status":7,"finish":null,"finish_options":null,"fragrances":[{"family":null,"key":null,"value":null}],"iln_listing":"水・メチルトリメチコン・メトキシケイヒ酸エチルヘキシル・フェニルトリメチコン・ジメチコン・トリオクタノイン・ＢＧ・酸化亜鉛・酵母エキス・トリメチルシロキシケイ酸・ラウリルＰＥＧ－９ポリジメチルシロキシエチルジメチコン・ＰＥＧ－１０ジメチコン・グリセリン・安息香酸アルキル（Ｃ１２－１５）・ミリストイルサルコシンＮａ・（ジメチコン／（ＰＥＧ－１０／１５））クロスポリマー・塩化Ｎａ・アセチルグルコサミン・酢酸トコフェロール・カプリリルメチコン・メチコン・ポリリシノレイン酸ポリグリセリル－６・アストロカリウムムルムル脂・ジステアルジモニウムヘクトライト・ジメチコンクロスポリマー－３・テトラヘキシルデカン酸アスコルビル・リン酸アスコルビルＭｇ・レシチン・トリイソステアリン酸イソプロピルチタン・グレープフルーツ果皮エキス・ＥＤＴＡ－２Ｎａ・ラウレス－７・ＤＰＧ・クエン酸Ｎａ・ヨーロッパシラカバ樹皮エキス・トコフェロール・サッカロミセス溶解質エキス・フェノキシエタノール・ポリアミノプロピルビグアニド　＋／－　酸化チタン・酸化鉄・水酸化Ａｌ・オキシ塩化ビスマス・マイカ<JILN005559>","iln_version_number":"JILN005559","inventory_status":"Active","is_active":true,"is_coming_soon":null,"is_default_sku":false,"is_discountable":true,"is_displayable":null,"is_engravable":null,"is_fragrance":null,"is_giftable":null,"is_giftwrap":false,"is_inactive":null,"is_multi_shaded":null,"is_out_of_stock":null,"is_preorder":false,"is_preorderable":null,"is_promotional":null,"is_replenishable":false,"is_search_suppressed":null,"is_searchable":true,"is_shaded":null,"is_sized":null,"is_sold_out":null,"is_under_weight_hazmat":false,"is_vto_enabled":null,"life_of_product":"Basic Reorder","material_code":"6MNY626000","media":{"large":[{"alt":"イーブン ベター メークアップ 15","height":1200,"position":1,"src":"/media/export/cms/products/1200x1500/cl_sku_6MNY62_1200x1500_0.png","type":"image","width":1500}],"medium":[{"alt":"イーブン ベター メークアップ 15","height":600,"position":3,"src":"/media/export/cms/products/600x750/cl_sku_6MNY62_600x750_0.png","type":"image","width":750}],"model":[{"alt":"イーブン ベター メークアップ 15","height":null,"position":2,"src":"/media/export/cms/model/F2.jpg","type":"image","width":null}],"poster":null,"small":[{"alt":"イーブン ベター メークアップ 15","height":1200,"position":4,"src":"/media/export/cms/products/1200x1500/cl_sku_6MNY62_1200x1500_0.png","type":"image","width":1500}],"smoosh":[{"alt":"イーブン ベター メークアップ 15","height":1200,"position":0,"src":"/media/export/cms/products/1200x1500/swatches_v3/06_ns_ng.png","type":"image","width":1500}],"xl":null},"out_of_stock_threshold":null,"perlgem":{"SKU_BASE_ID":43346},"preorder_date":null,"prices":[{"currency":"JPY","exclude_tax":{"original_price":4800,"original_price_formatted":"¥4,800","price":4800,"price_formatted":"¥4,800","price_per_unit":null,"price_per_unit_formatted":""},"include_tax":{"original_price":5280,"original_price_formatted":"¥5,280","price":5280,"price_formatted":"¥5,280","price_per_unit":null,"price_per_unit_formatted":""},"is_discounted":false}],"purchase_limit":null,"replenishment":{"message":null},"reviews":{"average_rating":null,"number_of_questions":null,"number_of_reviews":null},"set_components":null,"shade_groups":null,"shades":[{"description":"","hex_val":"#E0B193","image":{"height":null,"src":"","width":null},"name":"62 ローズ ベージュ","smoosh_design":{"group_id":null,"name":"06::none::none"}}],"sizes":[{"key":1,"value":"30mL"}],"skin":{"tone":null,"type":[{"key":"dry-skintype","value":"dry_skintype"},{"key":"combination-skintype","value":"combination_skintype"}],"type_description":null},"sku_badge":null,"sku_badge_image":null,"sku_display_order":1,"sku_id":"6MNY62","sku_promo_messaging":null,"sku_type":"SE","sku_url":null,"tags":{"total":6,"items":[{"id":"1659","key":"ボディサンケア","value":"ボディ＆サンケア"},{"id":"1599","key":"ファンデーション","value":"ファンデーション"},{"id":"17726","key":"base-makeup","value":"Base Makeup"},{"id":"1693","key":"シミソバカス","value":"シミ・ソバカス"},{"id":"16907","key":"even-better-makeup","value":"Even Better Makeup"},{"id":"2028","key":"メーク","value":"メーク"}]},"texture":null,"undertone":null,"unit_of_measure":null,"unit_size":null,"unit_size_formatted":null,"upc":"020714541743","vto":{"is_color_experience":null,"is_foundation_experience":true}},{"color_family":null,"coverage_options":null,"cross_sell":{"categories":[{"position":0,"sku_id":"KL3P01"},{"position":1,"sku_id":" KL3P04"},{"position":2,"sku_id":" KL3P14"}]},"display_status":7,"finish":null,"finish_options":null,"fragrances":[{"family":null,"key":null,"value":null}],"iln_listing":"水・メチルトリメチコン・メトキシケイヒ酸エチルヘキシル・フェニルトリメチコン・ジメチコン・トリオクタノイン・ＢＧ・酸化亜鉛・酵母エキス・トリメチルシロキシケイ酸・ラウリルＰＥＧ－９ポリジメチルシロキシエチルジメチコン・ＰＥＧ－１０ジメチコン・グリセリン・安息香酸アルキル（Ｃ１２－１５）・ミリストイルサルコシンＮａ・（ジメチコン／（ＰＥＧ－１０／１５））クロスポリマー・塩化Ｎａ・アセチルグルコサミン・酢酸トコフェロール・カプリリルメチコン・メチコン・ポリリシノレイン酸ポリグリセリル－６・アストロカリウムムルムル脂・ジステアルジモニウムヘクトライト・ジメチコンクロスポリマー－３・テトラヘキシルデカン酸アスコルビル・リン酸アスコルビルＭｇ・レシチン・トリイソステアリン酸イソプロピルチタン・グレープフルーツ果皮エキス・ＥＤＴＡ－２Ｎａ・ラウレス－７・ＤＰＧ・クエン酸Ｎａ・ヨーロッパシラカバ樹皮エキス・トコフェロール・サッカロミセス溶解質エキス・フェノキシエタノール・ポリアミノプロピルビグアニド　＋／－　酸化チタン・酸化鉄・水酸化Ａｌ・オキシ塩化ビスマス・マイカ<JILN005559>","iln_version_number":"JILN005559","inventory_status":"Active","is_active":true,"is_coming_soon":null,"is_default_sku":false,"is_discountable":true,"is_displayable":null,"is_engravable":null,"is_fragrance":null,"is_giftable":null,"is_giftwrap":false,"is_inactive":null,"is_multi_shaded":null,"is_out_of_stock":null,"is_preorder":false,"is_preorderable":null,"is_promotional":null,"is_replenishable":false,"is_search_suppressed":null,"is_searchable":true,"is_shaded":null,"is_sized":null,"is_sold_out":null,"is_under_weight_hazmat":false,"is_vto_enabled":null,"life_of_product":"Basic Reorder","material_code":"6MNY636000","media":{"large":[{"alt":"イーブン ベター メークアップ 15","height":1200,"position":1,"src":"/media/export/cms/products/1200x1500/cl_sku_6MNY63_1200x1500_0.png","type":"image","width":1500}],"medium":[{"alt":"イーブン ベター メークアップ 15","height":600,"position":3,"src":"/media/export/cms/products/600x750/cl_sku_6MNY63_600x750_0.png","type":"image","width":750}],"model":[{"alt":"イーブン ベター メークアップ 15","height":null,"position":2,"src":"/media/export/cms/model/F3.jpg","type":"image","width":null}],"poster":null,"small":[{"alt":"イーブン ベター メークアップ 15","height":1200,"position":4,"src":"/media/export/cms/products/1200x1500/cl_sku_6MNY63_1200x1500_0.png","type":"image","width":1500}],"smoosh":[{"alt":"イーブン ベター メークアップ 15","height":1200,"position":0,"src":"/media/export/cms/products/1200x1500/swatches_v3/06_ns_ng.png","type":"image","width":1500}],"xl":null},"out_of_stock_threshold":null,"perlgem":{"SKU_BASE_ID":43347},"preorder_date":null,"prices":[{"currency":"JPY","exclude_tax":{"original_price":4800,"original_price_formatted":"¥4,800","price":4800,"price_formatted":"¥4,800","price_per_unit":null,"price_per_unit_formatted":""},"include_tax":{"original_price":5280,"original_price_formatted":"¥5,280","price":5280,"price_formatted":"¥5,280","price_per_unit":null,"price_per_unit_formatted":""},"is_discounted":false}],"purchase_limit":null,"replenishment":{"message":null},"reviews":{"average_rating":null,"number_of_questions":null,"number_of_reviews":null},"set_components":null,"shade_groups":null,"shades":[{"description":"","hex_val":"#EDBC9C","image":{"height":null,"src":"","width":null},"name":"63 フレッシュ ベージュ","smoosh_design":{"group_id":null,"name":"06::none::none"}}],"sizes":[{"key":1,"value":"30mL"}],"skin":{"tone":null,"type":[{"key":"dry-skintype","value":"dry_skintype"},{"key":"combination-skintype","value":"combination_skintype"}],"type_description":null},"sku_badge":null,"sku_badge_image":null,"sku_display_order":2,"sku_id":"6MNY63","sku_promo_messaging":null,"sku_type":"SE","sku_url":null,"tags":{"total":6,"items":[{"id":"1659","key":"ボディサンケア","value":"ボディ＆サンケア"},{"id":"1599","key":"ファンデーション","value":"ファンデーション"},{"id":"17726","key":"base-makeup","value":"Base Makeup"},{"id":"1693","key":"シミソバカス","value":"シミ・ソバカス"},{"id":"16907","key":"even-better-makeup","value":"Even Better Makeup"},{"id":"2028","key":"メーク","value":"メーク"}]},"texture":null,"undertone":null,"unit_of_measure":null,"unit_size":null,"unit_size_formatted":null,"upc":"020714541750","vto":{"is_color_experience":null,"is_foundation_experience":true}},{"color_family":null,"coverage_options":null,"cross_sell":{"categories":[{"position":0,"sku_id":"KL3P04"},{"position":1,"sku_id":" KL3P07"},{"position":2,"sku_id":" KL3P14"}]},"display_status":7,"finish":null,"finish_options":null,"fragrances":[{"family":null,"key":null,"value":null}],"iln_listing":"水・メチルトリメチコン・メトキシケイヒ酸エチルヘキシル・フェニルトリメチコン・ジメチコン・トリオクタノイン・ＢＧ・酸化亜鉛・酵母エキス・トリメチルシロキシケイ酸・ラウリルＰＥＧ－９ポリジメチルシロキシエチルジメチコン・ＰＥＧ－１０ジメチコン・グリセリン・安息香酸アルキル（Ｃ１２－１５）・ミリストイルサルコシンＮａ・（ジメチコン／（ＰＥＧ－１０／１５））クロスポリマー・塩化Ｎａ・アセチルグルコサミン・酢酸トコフェロール・カプリリルメチコン・メチコン・ポリリシノレイン酸ポリグリセリル－６・アストロカリウムムルムル脂・ジステアルジモニウムヘクトライト・ジメチコンクロスポリマー－３・テトラヘキシルデカン酸アスコルビル・リン酸アスコルビルＭｇ・レシチン・トリイソステアリン酸イソプロピルチタン・グレープフルーツ果皮エキス・ＥＤＴＡ－２Ｎａ・ラウレス－７・ＤＰＧ・クエン酸Ｎａ・ヨーロッパシラカバ樹皮エキス・トコフェロール・サッカロミセス溶解質エキス・フェノキシエタノール・ポリアミノプロピルビグアニド　＋／－　酸化チタン・酸化鉄・水酸化Ａｌ・オキシ塩化ビスマス・マイカ<JILN005559>","iln_version_number":"JILN005559","inventory_status":"Active","is_active":true,"is_coming_soon":null,"is_default_sku":false,"is_discountable":true,"is_displayable":null,"is_engravable":null,"is_fragrance":null,"is_giftable":null,"is_giftwrap":false,"is_inactive":null,"is_multi_shaded":null,"is_out_of_stock":null,"is_preorder":false,"is_preorderable":null,"is_promotional":null,"is_replenishable":false,"is_search_suppressed":null,"is_searchable":true,"is_shaded":null,"is_sized":null,"is_sold_out":null,"is_under_weight_hazmat":false,"is_vto_enabled":null,"life_of_product":"Basic Reorder","material_code":"6MNY646000","media":{"large":[{"alt":"イーブン ベター メークアップ 15","height":1200,"position":1,"src":"/media/export/cms/products/1200x1500/cl_sku_6MNY64_1200x1500_0.png","type":"image","width":1500}],"medium":[{"alt":"イーブン ベター メークアップ 15","height":600,"position":3,"src":"/media/export/cms/products/600x750/cl_sku_6MNY64_600x750_0.png","type":"image","width":750}],"model":[{"alt":"イーブン ベター メークアップ 15","height":null,"position":2,"src":"/media/export/cms/model/M1.jpg","type":"image","width":null}],"poster":null,"small":[{"alt":"イーブン ベター メークアップ 15","height":1200,"position":4,"src":"/media/export/cms/products/1200x1500/cl_sku_6MNY64_1200x1500_0.png","type":"image","width":1500}],"smoosh":[{"alt":"イーブン ベター メークアップ 15","height":1200,"position":0,"src":"/media/export/cms/products/1200x1500/swatches_v3/06_ns_ng.png","type":"image","width":1500}],"xl":null},"out_of_stock_threshold":null,"perlgem":{"SKU_BASE_ID":43348},"preorder_date":null,"prices":[{"currency":"JPY","exclude_tax":{"original_price":4800,"original_price_formatted":"¥4,800","price":4800,"price_formatted":"¥4,800","price_per_unit":null,"price_per_unit_formatted":""},"include_tax":{"original_price":5280,"original_price_formatted":"¥5,280","price":5280,"price_formatted":"¥5,280","price_per_unit":null,"price_per_unit_formatted":""},"is_discounted":false}],"purchase_limit":null,"replenishment":{"message":null},"reviews":{"average_rating":null,"number_of_questions":null,"number_of_reviews":null},"set_components":null,"shade_groups":null,"shades":[{"description":"","hex_val":"#EAB999","image":{"height":null,"src":"","width":null},"name":"64 クリーム ベージュ（標準色）","smoosh_design":{"group_id":null,"name":"06::none::none"}}],"sizes":[{"key":1,"value":"30mL"}],"skin":{"tone":null,"type":[{"key":"dry-skintype","value":"dry_skintype"},{"key":"combination-skintype","value":"combination_skintype"}],"type_description":null},"sku_badge":null,"sku_badge_image":null,"sku_display_order":3,"sku_id":"6MNY64","sku_promo_messaging":null,"sku_type":"SE","sku_url":null,"tags":{"total":6,"items":[{"id":"1659","key":"ボディサンケア","value":"ボディ＆サンケア"},{"id":"1599","key":"ファンデーション","value":"ファンデーション"},{"id":"17726","key":"base-makeup","value":"Base Makeup"},{"id":"1693","key":"シミソバカス","value":"シミ・ソバカス"},{"id":"16907","key":"even-better-makeup","value":"Even Better Makeup"},{"id":"2028","key":"メーク","value":"メーク"}]},"texture":null,"undertone":null,"unit_of_measure":null,"unit_size":null,"unit_size_formatted":null,"upc":"020714541767","vto":{"is_color_experience":null,"is_foundation_experience":true}},{"color_family":null,"coverage_options":null,"cross_sell":{"categories":[{"position":0,"sku_id":"KL3P04"},{"position":1,"sku_id":" KL3P13"},{"position":2,"sku_id":" KL3P18"}]},"display_status":7,"finish":null,"finish_options":null,"fragrances":[{"family":null,"key":null,"value":null}],"iln_listing":"水・メチルトリメチコン・メトキシケイヒ酸エチルヘキシル・フェニルトリメチコン・ジメチコン・トリオクタノイン・ＢＧ・酸化亜鉛・酵母エキス・トリメチルシロキシケイ酸・ラウリルＰＥＧ－９ポリジメチルシロキシエチルジメチコン・ＰＥＧ－１０ジメチコン・グリセリン・安息香酸アルキル（Ｃ１２－１５）・ミリストイルサルコシンＮａ・（ジメチコン／（ＰＥＧ－１０／１５））クロスポリマー・塩化Ｎａ・アセチルグルコサミン・酢酸トコフェロール・カプリリルメチコン・メチコン・ポリリシノレイン酸ポリグリセリル－６・アストロカリウムムルムル脂・ジステアルジモニウムヘクトライト・ジメチコンクロスポリマー－３・テトラヘキシルデカン酸アスコルビル・リン酸アスコルビルＭｇ・レシチン・トリイソステアリン酸イソプロピルチタン・グレープフルーツ果皮エキス・ＥＤＴＡ－２Ｎａ・ラウレス－７・ＤＰＧ・クエン酸Ｎａ・ヨーロッパシラカバ樹皮エキス・トコフェロール・サッカロミセス溶解質エキス・フェノキシエタノール・ポリアミノプロピルビグアニド　＋／－　酸化チタン・酸化鉄・水酸化Ａｌ・オキシ塩化ビスマス・マイカ<JILN005559>","iln_version_number":"JILN005559","inventory_status":"Active","is_active":true,"is_coming_soon":null,"is_default_sku":false,"is_discountable":true,"is_displayable":null,"is_engravable":null,"is_fragrance":null,"is_giftable":null,"is_giftwrap":false,"is_inactive":null,"is_multi_shaded":null,"is_out_of_stock":null,"is_preorder":false,"is_preorderable":null,"is_promotional":null,"is_replenishable":false,"is_search_suppressed":null,"is_searchable":true,"is_shaded":null,"is_sized":null,"is_sold_out":null,"is_under_weight_hazmat":false,"is_vto_enabled":null,"life_of_product":"Basic Reorder","material_code":"6MNY656000","media":{"large":[{"alt":"イーブン ベター メークアップ 15","height":1200,"position":1,"src":"/media/export/cms/products/1200x1500/cl_sku_6MNY65_1200x1500_0.png","type":"image","width":1500}],"medium":[{"alt":"イーブン ベター メークアップ 15","height":600,"position":3,"src":"/media/export/cms/products/600x750/cl_sku_6MNY65_600x750_0.png","type":"image","width":750}],"model":[{"alt":"イーブン ベター メークアップ 15","height":null,"position":2,"src":"/media/export/cms/model/M2.jpg","type":"image","width":null}],"poster":null,"small":[{"alt":"イーブン ベター メークアップ 15","height":1200,"position":4,"src":"/media/export/cms/products/1200x1500/cl_sku_6MNY65_1200x1500_0.png","type":"image","width":1500}],"smoosh":[{"alt":"イーブン ベター メークアップ 15","height":1200,"position":0,"src":"/media/export/cms/products/1200x1500/swatches_v3/06_ns_ng.png","type":"image","width":1500}],"xl":null},"out_of_stock_threshold":null,"perlgem":{"SKU_BASE_ID":43349},"preorder_date":null,"prices":[{"currency":"JPY","exclude_tax":{"original_price":4800,"original_price_formatted":"¥4,800","price":4800,"price_formatted":"¥4,800","price_per_unit":null,"price_per_unit_formatted":""},"include_tax":{"original_price":5280,"original_price_formatted":"¥5,280","price":5280,"price_formatted":"¥5,280","price_per_unit":null,"price_per_unit_formatted":""},"is_discounted":false}],"purchase_limit":null,"replenishment":{"message":null},"reviews":{"average_rating":null,"number_of_questions":null,"number_of_reviews":null},"set_components":null,"shade_groups":null,"shades":[{"description":"","hex_val":"#E8B484","image":{"height":null,"src":"","width":null},"name":"65 ニュートラル","smoosh_design":{"group_id":null,"name":"06::none::none"}}],"sizes":[{"key":1,"value":"30mL"}],"skin":{"tone":null,"type":[{"key":"dry-skintype","value":"dry_skintype"},{"key":"combination-skintype","value":"combination_skintype"}],"type_description":null},"sku_badge":null,"sku_badge_image":null,"sku_display_order":4,"sku_id":"6MNY65","sku_promo_messaging":null,"sku_type":"SE","sku_url":null,"tags":{"total":6,"items":[{"id":"1659","key":"ボディサンケア","value":"ボディ＆サンケア"},{"id":"1599","key":"ファンデーション","value":"ファンデーション"},{"id":"17726","key":"base-makeup","value":"Base Makeup"},{"id":"1693","key":"シミソバカス","value":"シミ・ソバカス"},{"id":"16907","key":"even-better-makeup","value":"Even Better Makeup"},{"id":"2028","key":"メーク","value":"メーク"}]},"texture":null,"undertone":null,"unit_of_measure":null,"unit_size":null,"unit_size_formatted":null,"upc":"020714541774","vto":{"is_color_experience":null,"is_foundation_experience":true}},{"color_family":null,"coverage_options":null,"cross_sell":null,"display_status":7,"finish":null,"finish_options":null,"fragrances":[{"family":null,"key":null,"value":null}],"iln_listing":"水・メチルトリメチコン・メトキシケイヒ酸エチルヘキシル・フェニルトリメチコン・ジメチコン・トリオクタノイン・ＢＧ・酸化亜鉛・酵母エキス・トリメチルシロキシケイ酸・ラウリルＰＥＧ－９ポリジメチルシロキシエチルジメチコン・ＰＥＧ－１０ジメチコン・グリセリン・安息香酸アルキル（Ｃ１２－１５）・ミリストイルサルコシンＮａ・（ジメチコン／（ＰＥＧ－１０／１５））クロスポリマー・塩化Ｎａ・アセチルグルコサミン・酢酸トコフェロール・カプリリルメチコン・メチコン・ポリリシノレイン酸ポリグリセリル－６・アストロカリウムムルムル脂・ジステアルジモニウムヘクトライト・ジメチコンクロスポリマー－３・テトラヘキシルデカン酸アスコルビル・リン酸アスコルビルＭｇ・レシチン・トリイソステアリン酸イソプロピルチタン・グレープフルーツ果皮エキス・ＥＤＴＡ－２Ｎａ・ラウレス－７・ＤＰＧ・クエン酸Ｎａ・ヨーロッパシラカバ樹皮エキス・トコフェロール・サッカロミセス溶解質エキス・フェノキシエタノール・ポリアミノプロピルビグアニド　＋／－　酸化チタン・酸化鉄・水酸化Ａｌ・オキシ塩化ビスマス・マイカ<JILN005559>","iln_version_number":"JILN005559","inventory_status":"Active","is_active":true,"is_coming_soon":null,"is_default_sku":false,"is_discountable":true,"is_displayable":null,"is_engravable":null,"is_fragrance":null,"is_giftable":null,"is_giftwrap":false,"is_inactive":null,"is_multi_shaded":null,"is_out_of_stock":null,"is_preorder":false,"is_preorderable":null,"is_promotional":null,"is_replenishable":false,"is_search_suppressed":null,"is_searchable":true,"is_shaded":null,"is_sized":null,"is_sold_out":null,"is_under_weight_hazmat":false,"is_vto_enabled":null,"life_of_product":"Basic Reorder","material_code":"6MNY660001","media":{"large":[{"alt":"イーブン ベター メークアップ 15","height":1200,"position":1,"src":"/media/export/cms/products/1200x1500/cl_sku_6MNY66_1200x1500_0.png","type":"image","width":1500}],"medium":[{"alt":"イーブン ベター メークアップ 15","height":600,"position":3,"src":"/media/export/cms/products/600x750/cl_sku_6MNY66_600x750_0.png","type":"image","width":750}],"model":[{"alt":"イーブン ベター メークアップ 15","height":null,"position":2,"src":"/media/export/cms/model/M2,D1.jpg","type":"image","width":null}],"poster":null,"small":[{"alt":"イーブン ベター メークアップ 15","height":1200,"position":4,"src":"/media/export/cms/products/1200x1500/cl_sku_6MNY66_1200x1500_0.png","type":"image","width":1500}],"smoosh":[{"alt":"イーブン ベター メークアップ 15","height":1200,"position":0,"src":"/media/export/cms/products/1200x1500/swatches_v3/06_ns_ng.png","type":"image","width":1500}],"xl":null},"out_of_stock_threshold":null,"perlgem":{"SKU_BASE_ID":44370},"preorder_date":null,"prices":[{"currency":"JPY","exclude_tax":{"original_price":4800,"original_price_formatted":"¥4,800","price":4800,"price_formatted":"¥4,800","price_per_unit":null,"price_per_unit_formatted":""},"include_tax":{"original_price":5280,"original_price_formatted":"¥5,280","price":5280,"price_formatted":"¥5,280","price_per_unit":null,"price_per_unit_formatted":""},"is_discounted":false}],"purchase_limit":null,"replenishment":{"message":null},"reviews":{"average_rating":null,"number_of_questions":null,"number_of_reviews":null},"set_components":null,"shade_groups":null,"shades":[{"description":"","hex_val":"#F0B876","image":{"height":null,"src":"","width":null},"name":"66 トゥルー ベージュ","smoosh_design":{"group_id":null,"name":"06::none::none"}}],"sizes":[{"key":1,"value":"30mL"}],"skin":{"tone":null,"type":[{"key":"dry-skintype","value":"dry_skintype"},{"key":"combination-skintype","value":"combination_skintype"}],"type_description":null},"sku_badge":null,"sku_badge_image":null,"sku_display_order":5,"sku_id":"6MNY66","sku_promo_messaging":null,"sku_type":"SE","sku_url":null,"tags":{"total":6,"items":[{"id":"1659","key":"ボディサンケア","value":"ボディ＆サンケア"},{"id":"1599","key":"ファンデーション","value":"ファンデーション"},{"id":"17726","key":"base-makeup","value":"Base Makeup"},{"id":"1693","key":"シミソバカス","value":"シミ・ソバカス"},{"id":"16907","key":"even-better-makeup","value":"Even Better Makeup"},{"id":"2028","key":"メーク","value":"メーク"}]},"texture":null,"undertone":null,"unit_of_measure":null,"unit_size":null,"unit_size_formatted":null,"upc":"020714541781","vto":{"is_color_experience":null,"is_foundation_experience":true}}]},"sub_display_name":"イーブン ベター メークアップ 15","sub_header":null,"tags":{"total":13,"items":[{"id":"27174","key":"day7flashsale","parent_tag_id":"1590","product_display_order":0,"value":"Day7FlashSale"},{"id":"9428","key":"top10","parent_tag_id":"9420","product_display_order":0,"value":"top10"},{"id":"1659","key":"ボディサンケア","parent_tag_id":null,"product_display_order":0,"value":"ボディ＆サンケア"},{"id":"1599","key":"ファンデーション","parent_tag_id":"1592","product_display_order":42,"value":"ファンデーション"},{"id":"17726","key":"base-makeup","parent_tag_id":"1592","product_display_order":3,"value":"Base Makeup"},{"id":"1693","key":"シミソバカス","parent_tag_id":"1667","product_display_order":10,"value":"シミ・ソバカス"},{"id":"25565","key":"justarrivednew","parent_tag_id":null,"product_display_order":1,"value":"justarrivednew"},{"id":"19288","key":"スペシャルセール","parent_tag_id":"1590","product_display_order":0,"value":"スペシャルセール"},{"id":"16907","key":"even-better-makeup","parent_tag_id":"1592","product_display_order":1,"value":"Even Better Makeup"},{"id":"27172","key":"day5flashsale","parent_tag_id":"1590","product_display_order":56,"value":"Day5FlashSale"},{"id":"27171","key":"day4flashsale","parent_tag_id":"1590","product_display_order":0,"value":"Day4FlashSale"},{"id":"2028","key":"メーク","parent_tag_id":"2021","product_display_order":0,"value":"メーク"},{"id":"1575","key":"ベストセラー","parent_tag_id":null,"product_display_order":45,"value":"ベストセラー"}]},"usage":[{"content":"少量を顔の中心から外側に向かってなじませます。カバーしたい部分には、必要に応じて重ね塗りをしてください。お好みのクリニークのクレンジングでオフしてください。","label":"PRODUCT USAGE","type":"product_usage"},{"content":null,"label":"HOW DOES IT WORK","type":"how_does_it_work"},{"content":"スキンタイプ2用(乾燥～混合肌)、スキンタイプ3用(混合～脂性肌)","label":"WHO IT IS FOR","type":"who_it_is_for"},{"content":null,"label":"GREAT TO KNOW","type":"great_to_know"},{"content":"潤いとなめらかさを肌に与えます。クリームタイプなので自然な仕上がりに。<br>全10色。<br>つけた瞬間から色ムラをしっかりカバーし、明るく、均一な肌色に整えるファンデーション。 SPF15で紫外線から肌を守ります。本来の肌色に一体化するようになじむピグメント配合で、シミをカバーしながら明るい肌へ。汗や湿気への耐性にも優れています。<br><small>※24時間化粧もち。化粧もち（薄れ）データ取得済み(当社調べ/効果には個人差があります)。</small>","label":"WHAT_IT_DOES","type":"what_it_does"},{"content":"塗るたびにすばやく明るい肌へと導く、皮膚科学者が開発したファンデーション。","label":"WHAT_IT_IS","type":"what_it_is"}],"objectID":"5276"},{"benefit":{"statement":null,"benefits":null},"brand":null,"collection":null,"coverage":null,"cross_sell":[{"sku_id":"65EM01","sort_key":1},{"sku_id":"67FE01","sort_key":2},{"sku_id":"65EM01","sort_key":3}],"default_category":{"id":"1625","key":"スキンケア"},"description":"目元の肌は乾燥によるくすみやキメの乱れなどのエイジングサインが最初に現れやすい箇所です。気になる目元にうるおいを与え若々しい印象へと導く、保湿成分を含んだトリートメントです。うるおいに満ちた明るい肌へ。敏感な目元も考えてつくられています。","display_mode":null,"display_name":"AG アイクリーム","display_status":7,"finish":null,"form":null,"formula_type":null,"fragrance_family":null,"indexable_keywords":null,"is_hazmat":false,"is_product_coming_soon":null,"is_product_displayable":true,"is_product_searchable":true,"is_product_shoppable":true,"is_product_sold_out":null,"is_product_temporarily_out_of_stock":null,"is_search_suppressed":null,"key_ingredient":null,"media":{"large":null,"medium":null,"poster":null,"small":null,"videos":[{"position":null,"poster":{"height":null,"src":null,"width":null},"provider":null,"src":null},{"position":null,"poster":{"height":null,"src":null,"width":null},"provider":null,"src":null},{"position":null,"poster":{"height":null,"src":null,"width":null},"provider":null,"src":null}],"xl":null},"meta":{"description":null,"keywords":null},"parent_category":[{"id":"1625","value":"スキンケア"},{"id":"1609","value":"メンズ"}],"product_badge":null,"product_id":"5308","product_title_tag":null,"product_type":"Other","product_url":"/product/1625/5308/ag/new-skin-supplies-for-men-age-defense-for-eyes","reviews":{"average_rating":null,"number_of_questions":null,"number_of_reviews":null},"shade_groups":null,"short_description":"うるおいに満ちた、明るく若々しい印象の目元に。","skin":null,"skin_goal":null,"skus":{"total":1,"items":[{"color_family":null,"coverage_options":null,"cross_sell":null,"display_status":7,"finish":null,"finish_options":null,"fragrances":[{"family":null,"key":null,"value":null}],"iln_listing":"水・シア脂・ＢＧ・水添ポリイソブテン・フェニルトリメチコン・セテアリルアルコール・セテアリルグルコシド・ミツロウ・ポリブテン・スクロース・グリセリン・ポリアクリル酸メチル・ネオペンタン酸イソステアリル・セチルエステルズ・セスキステアリン酸メチルグルコース・ポリシリコーン－１１・ポリメタクリル酸グリセリル・ステアリン酸ＰＥＧ－１００・ステアリン酸・ホエイタンパク（牛乳）・乳タンパク（牛乳）・酢酸トコフェロール・スクワラン・１，２－ヘキサンジオール・カプリリルグリコール・チャエキス・ツクシメナモミエキス・フィトスフィンゴシン・（アクリル酸／アクリル酸アルキル（Ｃ１０ー３０））コポリマー・ＰＥＧ－８・カフェイン・ＡＭＰ・ＥＤＴＡ－２Ｎａ・ジメチコン・マイカ・酸化チタン・ヒアルロン酸Ｎａ・コレステロール・オオムギエキス・リノール酸・酵母エキス・コムギ胚芽エキス・コレステロール（羊毛）・オレイン酸・リノレン酸・ＤＰＧ・酸化鉄・硫酸Ｋ・バクガ液汁・アセチルカルニチンＨＣｌ・アデノシンリン酸・クレアチン・黄４・ヨーロッパシラカバ樹皮エキス・リン酸アスコルビルＭｇ・パルミトイルオリゴペプチド・セージ葉エキス・コレウスバルバツス根エキス・異性化リノール酸・ゲンチアナエキス・デカルボキシカルノシンＨＣｌ・シメチコン・アスコルビン酸・炭酸グアニジン・リシン・アルギニン・アセチルグルコサミン・グリシン・フェノキシエタノール・デヒドロ酢酸Ｎａ<JILN4691>","iln_version_number":"JILN4691","inventory_status":"Active","is_active":true,"is_coming_soon":null,"is_default_sku":false,"is_discountable":true,"is_displayable":null,"is_engravable":null,"is_fragrance":null,"is_giftable":null,"is_giftwrap":false,"is_inactive":null,"is_multi_shaded":null,"is_out_of_stock":null,"is_preorder":false,"is_preorderable":null,"is_promotional":null,"is_replenishable":false,"is_search_suppressed":null,"is_searchable":true,"is_shaded":null,"is_sized":null,"is_sold_out":null,"is_under_weight_hazmat":false,"is_vto_enabled":null,"life_of_product":"Basic Reorder","material_code":"6TCR010001","media":{"large":[{"alt":"AG アイクリーム","height":1200,"position":0,"src":"/media/export/cms/products/1200x1500/cl_sku_6TCR01_1200x1500_0.png","type":"image","width":1500}],"medium":[{"alt":"AG アイクリーム","height":600,"position":1,"src":"/media/export/cms/products/600x750/cl_sku_6TCR01_600x750_0.png","type":"image","width":750}],"model":null,"poster":null,"small":[{"alt":"AG アイクリーム","height":1200,"position":2,"src":"/media/export/cms/products/1200x1500/cl_sku_6TCR01_1200x1500_0.png","type":"image","width":1500}],"smoosh":null,"xl":null},"out_of_stock_threshold":null,"perlgem":{"SKU_BASE_ID":14292},"preorder_date":null,"prices":[{"currency":"JPY","exclude_tax":{"original_price":4000,"original_price_formatted":"¥4,000","price":4000,"price_formatted":"¥4,000","price_per_unit":null,"price_per_unit_formatted":""},"include_tax":{"original_price":4400,"original_price_formatted":"¥4,400","price":4400,"price_formatted":"¥4,400","price_per_unit":null,"price_per_unit_formatted":""},"is_discounted":false}],"purchase_limit":null,"replenishment":{"message":null},"reviews":{"average_rating":null,"number_of_questions":null,"number_of_reviews":null},"set_components":null,"shade_groups":null,"shades":null,"sizes":[{"key":1,"value":"15mL"}],"skin":{"tone":null,"type":null,"type_description":null},"sku_badge":null,"sku_badge_image":null,"sku_display_order":0,"sku_id":"6TCR01","sku_promo_messaging":null,"sku_type":"SE","sku_url":null,"tags":{"total":10,"items":[{"id":"27174","key":"day7flashsale","value":"Day7FlashSale"},{"id":"12824","key":"grooming","value":"Grooming"},{"id":"1625","key":"スキンケア","value":"スキンケア"},{"id":"1626","key":"moisturize-protect","value":"Moisturize & Protect"},{"id":"27172","key":"day5flashsale","value":"Day5FlashSale"},{"id":"1621","key":"grooming","value":"Grooming"},{"id":"1609","key":"メンズ","value":"メンズ"},{"id":"12943","key":"mens-de-aging","value":"Men's De-Aging"},{"id":"27168","key":"day1flashsale","value":"Day1FlashSale"},{"id":"14605","key":"エイジング","value":"エイジング"}]},"texture":null,"undertone":null,"unit_of_measure":null,"unit_size":null,"unit_size_formatted":null,"upc":"020714382742","vto":{"is_color_experience":null,"is_foundation_experience":null}}]},"sub_display_name":"AG アイクリーム","sub_header":null,"tags":{"total":10,"items":[{"id":"27174","key":"day7flashsale","parent_tag_id":"1590","product_display_order":0,"value":"Day7FlashSale"},{"id":"12824","key":"grooming","parent_tag_id":"1625","product_display_order":0,"value":"Grooming"},{"id":"1625","key":"スキンケア","parent_tag_id":"1609","product_display_order":26,"value":"スキンケア"},{"id":"1626","key":"moisturize-protect","parent_tag_id":"1625","product_display_order":0,"value":"Moisturize & Protect"},{"id":"27172","key":"day5flashsale","parent_tag_id":"1590","product_display_order":175,"value":"Day5FlashSale"},{"id":"1621","key":"grooming","parent_tag_id":"1620","product_display_order":4,"value":"Grooming"},{"id":"1609","key":"メンズ","parent_tag_id":null,"product_display_order":28,"value":"メンズ"},{"id":"12943","key":"mens-de-aging","parent_tag_id":"1625","product_display_order":0,"value":"Men's De-Aging"},{"id":"27168","key":"day1flashsale","parent_tag_id":"1590","product_display_order":0,"value":"Day1FlashSale"},{"id":"14605","key":"エイジング","parent_tag_id":"1609","product_display_order":2,"value":"エイジング"}]},"usage":[{"content":"<UL><LI>朝晩のスキンケアの際にお使いください。</li><li>目元全体に少量をやさしくなじませてください。</LI></UL>","label":"PRODUCT USAGE","type":"product_usage"},{"content":null,"label":"HOW DOES IT WORK","type":"how_does_it_work"},{"content":null,"label":"WHO IT IS FOR","type":"who_it_is_for"},{"content":null,"label":"GREAT TO KNOW","type":"great_to_know"},{"content":null,"label":"WHAT_IT_DOES","type":"what_it_does"},{"content":null,"label":"WHAT_IT_IS","type":"what_it_is"}],"objectID":"5308"},{"benefit":{"statement":null,"benefits":null},"brand":null,"collection":null,"coverage":null,"cross_sell":[{"sku_id":"6K0G01","sort_key":1},{"sku_id":"6KNA01","sort_key":2},{"sku_id":"7WJ801","sort_key":3},{"sku_id":"6KNA01","sort_key":4},{"sku_id":"6KNA01","sort_key":5},{"sku_id":"6LMC01","sort_key":6}],"default_category":{"id":"1668","key":"アクネ"},"description":"＜医薬部外品＞<BR>ニキビを予防するフォーム状の薬用洗顔料。ソフトな泡が毛穴のつまりを防いでアクネ菌を殺菌。デリケートなニキビ肌を優しく洗い上げます。<BR>オール スキンタイプ","display_mode":null,"display_name":"アクネ フォーム クレンジング(医薬部外品）","display_status":7,"finish":null,"form":null,"formula_type":null,"fragrance_family":null,"indexable_keywords":[{"value":"acne"},{"value":"アクネ"},{"value":"ニキビ"},{"value":"にきび"},{"value":"トリートメント"},{"value":"スキンケア"},{"value":"skincare"},{"value":"skin care"},{"value":"フォーム"},{"value":"洗顔ソープ"},{"value":"ソープ"},{"value":"薬用"}],"is_hazmat":false,"is_product_coming_soon":null,"is_product_displayable":true,"is_product_searchable":true,"is_product_shoppable":true,"is_product_sold_out":null,"is_product_temporarily_out_of_stock":null,"is_search_suppressed":null,"key_ingredient":null,"media":{"large":[{"alt":"アクネ フォーム クレンジング(医薬部外品）","height":1200,"position":0,"src":"/media/export/cms/products/1200x1500/cl_prod_5375_1200x1500_0.png","type":"image","width":1500}],"medium":null,"poster":null,"small":[{"alt":"アクネ フォーム クレンジング(医薬部外品）","height":1200,"position":1,"src":"/media/export/cms/products/1200x1500/cl_prod_5375_1200x1500_0.png","type":"image","width":1500}],"videos":[{"position":null,"poster":{"height":null,"src":null,"width":null},"provider":"YouTube","src":null},{"position":null,"poster":{"height":null,"src":null,"width":null},"provider":"YouTube","src":null},{"position":null,"poster":{"height":null,"src":null,"width":null},"provider":"YouTube","src":null}],"xl":null},"meta":{"description":null,"keywords":"blemish, retinol, acne, acne soap,antiblemish, anti blemish, anti-blemish"},"parent_category":[{"id":"1668","value":"アクネ"},{"id":"1667","value":"スキンケア"}],"product_badge":null,"product_id":"5375","product_title_tag":null,"product_type":"Sized","product_url":"/product/1668/5375/anti-blemish-solutions","reviews":{"average_rating":null,"number_of_questions":null,"number_of_reviews":null},"shade_groups":null,"short_description":"＜医薬部外品＞<br>ニキビを予防するフォーム状の薬用洗顔料。ソフトな泡が毛穴のつまりを防いでアクネ菌を殺菌。デリケートなニキビ肌を優しく洗い上げます。","skin":null,"skin_goal":null,"skus":{"total":1,"items":[{"color_family":null,"coverage_options":null,"cross_sell":null,"display_status":7,"finish":null,"finish_options":null,"fragrances":[{"family":null,"key":null,"value":null}],"iln_listing":"サリチル酸*、精製水、濃グリセリン、ヤシ油脂肪酸メチルタウリンナトリウム、１，３－ブチレングリコール、白糖、常水、ポリ（オキシエチレン・オキシプロピレン）メチルポリシロキサン共重合体、ポリオキシエチレンポリオキシプロピレンデシルテトラデシルエーテル、海藻エキス（４）、ヤシ油脂肪酸、無水クエン酸、Ｌ－アルギニン、無水リン酸一水素ナトリウム、無水カフェイン、水酸化ナトリウム、ゲンチアナエキス、Ｎ－アセチルグルコサミン、塩化ジメチルジアリルアンモニウム・アクリルアミド共重合体液、プロピレングリコール、塩化ジアルキル（１２～１８）ジメチルアンモニウム液、海藻エキス（１）、ヒアルロン酸ナトリウム（２）、水酸化カリウム、エデト酸塩、トコフェロール、クロルキシレノール、フェノキシエタノール、パラベン<QDILN0074>　*は有効成分　無印はその他の成分","iln_version_number":null,"inventory_status":"Active","is_active":true,"is_coming_soon":null,"is_default_sku":true,"is_discountable":true,"is_displayable":null,"is_engravable":null,"is_fragrance":null,"is_giftable":null,"is_giftwrap":false,"is_inactive":null,"is_multi_shaded":null,"is_out_of_stock":null,"is_preorder":false,"is_preorderable":null,"is_promotional":null,"is_replenishable":false,"is_search_suppressed":null,"is_searchable":true,"is_shaded":null,"is_sized":null,"is_sold_out":null,"is_under_weight_hazmat":false,"is_vto_enabled":null,"life_of_product":"Basic Reorder","material_code":"6KN9010001","media":{"large":[{"alt":"アクネ フォーム クレンジング(医薬部外品）","height":1200,"position":0,"src":"/media/export/cms/products/1200x1500/cl_sku_6KN901_1200x1500_0.png","type":"image","width":1500}],"medium":[{"alt":"アクネ フォーム クレンジング(医薬部外品）","height":600,"position":1,"src":"/media/export/cms/products/600x750/cl_sku_6KN901_600x750_0.png","type":"image","width":750},{"alt":"アクネ フォーム クレンジング(医薬部外品）","height":600,"position":2,"src":"/media/export/cms/products/600x750/cl_sku_6KN901_600x750_1.png","type":"image","width":750}],"model":null,"poster":null,"small":[{"alt":"アクネ フォーム クレンジング(医薬部外品）","height":1200,"position":3,"src":"/media/export/cms/products/1200x1500/cl_sku_6KN901_1200x1500_0.png","type":"image","width":1500}],"smoosh":null,"xl":null},"out_of_stock_threshold":null,"perlgem":{"SKU_BASE_ID":13868},"preorder_date":null,"prices":[{"currency":"JPY","exclude_tax":{"original_price":3200,"original_price_formatted":"¥3,200","price":3200,"price_formatted":"¥3,200","price_per_unit":null,"price_per_unit_formatted":""},"include_tax":{"original_price":3520,"original_price_formatted":"¥3,520","price":3520,"price_formatted":"¥3,520","price_per_unit":null,"price_per_unit_formatted":""},"is_discounted":false}],"purchase_limit":null,"replenishment":{"message":"Recommended Auto-Ship cycle: 8 weeks  Learn more >"},"reviews":{"average_rating":null,"number_of_questions":null,"number_of_reviews":null},"set_components":null,"shade_groups":null,"shades":null,"sizes":[{"key":1,"value":"125mL"}],"skin":{"tone":null,"type":[{"key":"dry-skintype","value":"dry_skintype"},{"key":"combination-skintype","value":"combination_skintype"},{"key":"oily-skintype","value":"oily_skintype"},{"key":"normal-skintype","value":"normal_skintype"}],"type_description":null},"sku_badge":null,"sku_badge_image":null,"sku_display_order":0,"sku_id":"6KN901","sku_promo_messaging":null,"sku_type":"SE","sku_url":null,"tags":{"total":16,"items":[{"id":"25565","key":"justarrivednew","value":"justarrivednew"},{"id":"16741","key":"blackheads","value":"Blackheads"},{"id":"27174","key":"day7flashsale","value":"Day7FlashSale"},{"id":"13051","key":"スキンケア-ベストセラー","value":"スキンケア ベストセラー"},{"id":"14598","key":"アクネ","value":"アクネ"},{"id":"1673","key":"クレンジング洗顔","value":"クレンジング・洗顔"},{"id":"27173","key":"day6flashsale","value":"Day6FlashSale"},{"id":"14603","key":"アクネ","value":"アクネ"},{"id":"1979","key":"acne-solutions","value":"Acne Solutions"},{"id":"12517","key":"oil-free","value":"Oil-Free"},{"id":"9422","key":"socialmediafavs","value":"socialmediafavs"},{"id":"1670","key":"デイリーケア","value":"デイリーケア"},{"id":"1575","key":"ベストセラー","value":"ベストセラー"},{"id":"1668","key":"アクネ","value":"アクネ"},{"id":"27172","key":"day5flashsale","value":"Day5FlashSale"},{"id":"14602","key":"オイルコントロール","value":"オイルコントロール"}]},"texture":null,"undertone":null,"unit_of_measure":null,"unit_size":null,"unit_size_formatted":null,"upc":"020714291822","vto":{"is_color_experience":null,"is_foundation_experience":null}}]},"sub_display_name":"アクネ フォーム クレンジング(医薬部外品）","sub_header":null,"tags":{"total":16,"items":[{"id":"25565","key":"justarrivednew","parent_tag_id":null,"product_display_order":0,"value":"justarrivednew"},{"id":"16741","key":"blackheads","parent_tag_id":"1667","product_display_order":14,"value":"Blackheads"},{"id":"27174","key":"day7flashsale","parent_tag_id":"1590","product_display_order":0,"value":"Day7FlashSale"},{"id":"13051","key":"スキンケア-ベストセラー","parent_tag_id":"1667","product_display_order":45,"value":"スキンケア ベストセラー"},{"id":"14598","key":"アクネ","parent_tag_id":"1570","product_display_order":0,"value":"アクネ"},{"id":"1673","key":"クレンジング洗顔","parent_tag_id":"1667","product_display_order":6,"value":"クレンジング・洗顔"},{"id":"27173","key":"day6flashsale","parent_tag_id":"1590","product_display_order":0,"value":"Day6FlashSale"},{"id":"14603","key":"アクネ","parent_tag_id":"1609","product_display_order":0,"value":"アクネ"},{"id":"1979","key":"acne-solutions","parent_tag_id":"1668","product_display_order":1,"value":"Acne Solutions"},{"id":"12517","key":"oil-free","parent_tag_id":"1667","product_display_order":25,"value":"Oil-Free"},{"id":"9422","key":"socialmediafavs","parent_tag_id":"9420","product_display_order":0,"value":"socialmediafavs"},{"id":"1670","key":"デイリーケア","parent_tag_id":"1668","product_display_order":0,"value":"デイリーケア"},{"id":"1575","key":"ベストセラー","parent_tag_id":null,"product_display_order":71,"value":"ベストセラー"},{"id":"1668","key":"アクネ","parent_tag_id":"1667","product_display_order":8,"value":"アクネ"},{"id":"27172","key":"day5flashsale","parent_tag_id":"1590","product_display_order":109,"value":"Day5FlashSale"},{"id":"14602","key":"オイルコントロール","parent_tag_id":"1609","product_display_order":0,"value":"オイルコントロール"}]},"usage":[{"content":"朝と夜1日2回、ぬるま湯で顔をぬらし、適量（2～3プッシュ）を手に取ります。目の中に入らないよう注意しながら、顔全体を泡で優しくつつみこむように洗い、よくすすいでください。その後、タオルで軽く押さえるように拭いてください。目に入った場合は、すぐに充分洗い流してください。すすいでも目に違和感が残る場合は眼科医へご相談ください。","label":"PRODUCT USAGE","type":"product_usage"},{"content":null,"label":"HOW DOES IT WORK","type":"how_does_it_work"},{"content":"すべてのスキンタイプ","label":"WHO IT IS FOR","type":"who_it_is_for"},{"content":null,"label":"GREAT TO KNOW","type":"great_to_know"},{"content":"ソフトな泡が毛穴のつまりを防いでアクネ菌を殺菌。デリケートなニキビ肌を優しく洗い上げます。","label":"WHAT_IT_DOES","type":"what_it_does"},{"content":"＜医薬部外品＞<br>ニキビを予防するフォーム状の薬用洗顔料","label":"WHAT_IT_IS","type":"what_it_is"}],"objectID":"5375"},{"benefit":{"statement":null,"benefits":null},"brand":null,"collection":null,"coverage":null,"cross_sell":[{"sku_id":"6CY401","sort_key":1},{"sku_id":"749K04","sort_key":2},{"sku_id":"6G0C10","sort_key":3},{"sku_id":"63N210","sort_key":4},{"sku_id":"6AJX01","sort_key":5},{"sku_id":"6LX501","sort_key":6}],"default_category":{"id":"1673","key":"クレンジング洗顔"},"description":"ウォータープルーフ タイプや持ちのよいポイント メークも、すばやく、優しく落とします。<BR>オール スキンタイプ","display_mode":null,"display_name":"テイク ザ デイ オフ","display_status":7,"finish":null,"form":null,"formula_type":null,"fragrance_family":null,"indexable_keywords":[{"value":"トリートメント"},{"value":"スキンケア"},{"value":"skincare"},{"value":"メーク落し"},{"value":"メイク落し"},{"value":"クレンザー"},{"value":"メークアップリムーバー"},{"value":"メイクアップリムーバー"},{"value":"クレンジングフォーム"}],"is_hazmat":true,"is_product_coming_soon":null,"is_product_displayable":true,"is_product_searchable":true,"is_product_shoppable":true,"is_product_sold_out":null,"is_product_temporarily_out_of_stock":null,"is_search_suppressed":null,"key_ingredient":null,"media":{"large":[{"alt":"テイク ザ デイ オフ","height":1200,"position":0,"src":"/media/export/cms/products/1200x1500/cl_prod_5380_1200x1500_0.png","type":"image","width":1500},{"alt":"テイク ザ デイ オフ","height":1200,"position":1,"src":"/media/export/cms/products/1200x1500/cl_prod_5380_1200x1500_1.png","type":"image","width":1500}],"medium":null,"poster":null,"small":[{"alt":"テイク ザ デイ オフ","height":1200,"position":2,"src":"/media/export/cms/products/1200x1500/cl_prod_5380_1200x1500_0.png","type":"image","width":1500},{"alt":"テイク ザ デイ オフ","height":1200,"position":3,"src":"/media/export/cms/products/1200x1500/cl_prod_5380_1200x1500_1.png","type":"image","width":1500}],"videos":[{"position":null,"poster":{"height":null,"src":null,"width":null},"provider":"YouTube","src":null},{"position":null,"poster":{"height":null,"src":null,"width":null},"provider":"YouTube","src":null},{"position":null,"poster":{"height":null,"src":null,"width":null},"provider":"YouTube","src":null}],"xl":null},"meta":{"description":null,"keywords":"cleanser,makeup remover"},"parent_category":[{"id":"1673","value":"クレンジング・洗顔"},{"id":"1667","value":"スキンケア"}],"product_badge":null,"product_id":"5380","product_title_tag":null,"product_type":"Sized","product_url":"/product/1673/5380/-/take-the-day-offtm-makeup-remover-for-lids-lashes-lips","reviews":{"average_rating":null,"number_of_questions":null,"number_of_reviews":null},"shade_groups":null,"short_description":"ウォータープルーフ タイプや持ちのよいポイント メークも、すばやく、優しく落とします。","skin":null,"skin_goal":null,"skus":{"total":1,"items":[{"color_family":null,"coverage_options":null,"cross_sell":null,"display_status":7,"finish":null,"finish_options":null,"fragrances":[{"family":null,"key":null,"value":null}],"iln_listing":"水・イソヘキサデカン・ジメチコン・シクロメチコン・トリシロキサン・ヘキシレングリコール・塩化Ｎａ・ラウリルメチルグルセス－１０ヒドロキシプロピルジモニウムクロリド・ジラウリン酸ＰＥＧ－４・フェノキシエタノール・リン酸Ｋ・ＥＤＴＡ－２Ｋ・リン酸２Ｋ<JILN2621>","iln_version_number":"JILN2621","inventory_status":"Active","is_active":true,"is_coming_soon":null,"is_default_sku":true,"is_discountable":true,"is_displayable":null,"is_engravable":null,"is_fragrance":null,"is_giftable":null,"is_giftwrap":false,"is_inactive":null,"is_multi_shaded":null,"is_out_of_stock":null,"is_preorder":false,"is_preorderable":null,"is_promotional":null,"is_replenishable":false,"is_search_suppressed":null,"is_searchable":true,"is_shaded":null,"is_sized":null,"is_sold_out":null,"is_under_weight_hazmat":null,"is_vto_enabled":null,"life_of_product":"Basic Reorder","material_code":"60MK010001","media":{"large":[{"alt":"テイク ザ デイ オフ","height":1200,"position":0,"src":"/media/export/cms/products/1200x1500/cl_sku_60MK01_1200x1500_0.png","type":"image","width":1500}],"medium":[{"alt":"テイク ザ デイ オフ","height":600,"position":1,"src":"/media/export/cms/products/600x750/cl_sku_60MK01_600x750_0.png","type":"image","width":750},{"alt":"テイク ザ デイ オフ","height":600,"position":2,"src":"/media/export/cms/products/600x750/cl_sku_60MK01_600x750_1.png","type":"image","width":750}],"model":null,"poster":null,"small":[{"alt":"テイク ザ デイ オフ","height":1200,"position":3,"src":"/media/export/cms/products/1200x1500/cl_sku_60MK01_1200x1500_0.png","type":"image","width":1500}],"smoosh":null,"xl":null},"out_of_stock_threshold":null,"perlgem":{"SKU_BASE_ID":11443},"preorder_date":null,"prices":[{"currency":"JPY","exclude_tax":{"original_price":3000,"original_price_formatted":"¥3,000","price":3000,"price_formatted":"¥3,000","price_per_unit":null,"price_per_unit_formatted":""},"include_tax":{"original_price":3300,"original_price_formatted":"¥3,300","price":3300,"price_formatted":"¥3,300","price_per_unit":null,"price_per_unit_formatted":""},"is_discounted":false}],"purchase_limit":null,"replenishment":{"message":"Recommended Auto-Ship cycle: 8 weeks  Learn more >"},"reviews":{"average_rating":null,"number_of_questions":null,"number_of_reviews":null},"set_components":null,"shade_groups":null,"shades":null,"sizes":[{"key":1,"value":"125mL"}],"skin":{"tone":null,"type":[{"key":"dry-skintype","value":"dry_skintype"},{"key":"combination-skintype","value":"combination_skintype"},{"key":"oily-skintype","value":"oily_skintype"},{"key":"normal-skintype","value":"normal_skintype"}],"type_description":null},"sku_badge":null,"sku_badge_image":null,"sku_display_order":0,"sku_id":"60MK01","sku_promo_messaging":null,"sku_type":"SE","sku_url":null,"tags":{"total":12,"items":[{"id":"20011","key":"クレンジング","value":"クレンジング"},{"id":"1604","key":"リップライナー","value":"リップライナー"},{"id":"27174","key":"day7flashsale","value":"Day7FlashSale"},{"id":"1575","key":"ベストセラー","value":"ベストセラー"},{"id":"1606","key":"マスカラ","value":"マスカラ"},{"id":"1673","key":"クレンジング洗顔","value":"クレンジング・洗顔"},{"id":"16422","key":"セットギフト","value":"セット＆ギフト"},{"id":"11731","key":"nail-enamel","value":"nail enamel"},{"id":"2752","key":"top-rated-skincare","value":"top rated skincare"},{"id":"27173","key":"day6flashsale","value":"Day6FlashSale"},{"id":"28804","key":"クレンジング","value":"クレンジング"},{"id":"27172","key":"day5flashsale","value":"Day5FlashSale"}]},"texture":null,"undertone":null,"unit_of_measure":null,"unit_size":null,"unit_size_formatted":null,"upc":"020714146559","vto":{"is_color_experience":null,"is_foundation_experience":null}}]},"sub_display_name":"テイク ザ デイ オフ","sub_header":null,"tags":{"total":12,"items":[{"id":"20011","key":"クレンジング","parent_tag_id":"1667","product_display_order":4,"value":"クレンジング"},{"id":"1604","key":"リップライナー","parent_tag_id":"1592","product_display_order":3,"value":"リップライナー"},{"id":"27174","key":"day7flashsale","parent_tag_id":"1590","product_display_order":0,"value":"Day7FlashSale"},{"id":"1575","key":"ベストセラー","parent_tag_id":null,"product_display_order":57,"value":"ベストセラー"},{"id":"1606","key":"マスカラ","parent_tag_id":"1592","product_display_order":23,"value":"マスカラ"},{"id":"1673","key":"クレンジング洗顔","parent_tag_id":"1667","product_display_order":8,"value":"クレンジング・洗顔"},{"id":"16422","key":"セットギフト","parent_tag_id":"1585","product_display_order":228,"value":"セット＆ギフト"},{"id":"11731","key":"nail-enamel","parent_tag_id":"1592","product_display_order":0,"value":"nail enamel"},{"id":"2752","key":"top-rated-skincare","parent_tag_id":"1667","product_display_order":0,"value":"top rated skincare"},{"id":"27173","key":"day6flashsale","parent_tag_id":"1590","product_display_order":0,"value":"Day6FlashSale"},{"id":"28804","key":"クレンジング","parent_tag_id":"1667","product_display_order":5,"value":"クレンジング"},{"id":"27172","key":"day5flashsale","parent_tag_id":"1590","product_display_order":36,"value":"Day5FlashSale"}]},"usage":[{"content":"2層が十分混ざり、白くにごるまでよく振ってからご使用ください。コットンにたっぷり含ませ、メークを優しく拭き取り、その後、水で洗い流します。<br>※子供の誤飲防止キャップを採用しております。開けるときはキャップを下に押しながら矢印の方向にまわします。閉めるときは、普通にまわし、最後までしっかりと閉めて下さい。","label":"PRODUCT USAGE","type":"product_usage"},{"content":null,"label":"HOW DOES IT WORK","type":"how_does_it_work"},{"content":"すべてのスキンタイプ","label":"WHO IT IS FOR","type":"who_it_is_for"},{"content":null,"label":"GREAT TO KNOW","type":"great_to_know"},{"content":"ウォータープルーフ タイプや持ちのよいポイント メークも、すばやく、優しく落とします。","label":"WHAT_IT_DOES","type":"what_it_does"},{"content":"目もとや口もとのメイク専用のポイントリムーバー","label":"WHAT_IT_IS","type":"what_it_is"}],"objectID":"5380"},{"benefit":{"statement":null,"benefits":null},"brand":null,"collection":null,"coverage":null,"cross_sell":[{"sku_id":null,"sort_key":1},{"sku_id":"Z21901","sort_key":2},{"sku_id":"67FE01","sort_key":3},{"sku_id":null,"sort_key":4},{"sku_id":"7ELF01","sort_key":5}],"default_category":{"id":"1625","key":"スキンケア"},"description":"<P>古い角質や過剰な皮脂、毛穴の黒ずみを細かな粒子でスピーディに取り除くスクラブ洗顔料。くすみのない、ツルツルの肌に洗い上げます。また、埋もれたヒゲを立たせ、スムーズな深剃りをサポートします。</P><P>※製品パッケージは画像と異なる場合がございます。</P>","display_mode":null,"display_name":"フェース スクラブ","display_status":7,"finish":null,"form":null,"formula_type":null,"fragrance_family":null,"indexable_keywords":[{"value":"メンズ製品"},{"value":"メンズ"},{"value":"skincare"},{"value":"スクラブ"},{"value":"スペシャルケア"},{"value":"メンズコスメ"}],"is_hazmat":false,"is_product_coming_soon":null,"is_product_displayable":true,"is_product_searchable":true,"is_product_shoppable":true,"is_product_sold_out":null,"is_product_temporarily_out_of_stock":null,"is_search_suppressed":null,"key_ingredient":null,"media":{"large":null,"medium":null,"poster":null,"small":null,"videos":[{"position":null,"poster":{"height":null,"src":null,"width":null},"provider":"YouTube","src":null},{"position":null,"poster":{"height":null,"src":null,"width":null},"provider":"YouTube","src":null},{"position":null,"poster":{"height":null,"src":null,"width":null},"provider":"YouTube","src":null}],"xl":null},"meta":{"description":"【クリニーク公式】古い角質や過剰な皮脂、毛穴の黒ずみを細かな粒子でスピーディに取り除くスクラブ洗顔料。くすみのない、ツルツルの肌に洗い上げます。また、埋もれたヒゲを立たせ、スムーズな深剃りをサポートします。","keywords":"exfoliating, exfoliator"},"parent_category":[{"id":"1625","value":"スキンケア"},{"id":"1609","value":"メンズ"}],"product_badge":null,"product_id":"5414","product_title_tag":null,"product_type":"Sized","product_url":"/product/1625/5414/face-scrub","reviews":{"average_rating":null,"number_of_questions":null,"number_of_reviews":null},"shade_groups":null,"short_description":"古い角質や過剰な皮脂、毛穴の黒ずみを細かな粒子でスピーディに取り除くスクラブ洗顔料。","skin":null,"skin_goal":null,"skus":{"total":1,"items":[{"color_family":null,"coverage_options":null,"cross_sell":null,"display_status":7,"finish":null,"finish_options":null,"fragrances":[{"family":null,"key":null,"value":null}],"iln_listing":"水・ステアリン酸グリセリル（ＳＥ）・ヘキシレングリコール・ポリエチレン・ココアンホジ酢酸２Ｎａ・スルホコハク酸ＰＥＧ－２オレアミド２Ｎａ・ケイ酸（Ａｌ／Ｍｇ）・メントール・カラメル・メチルパラベン・サリチル酸・ＢＧ・プロピルパラベン<JILN328>","iln_version_number":"JILN328","inventory_status":"Active","is_active":true,"is_coming_soon":null,"is_default_sku":false,"is_discountable":true,"is_displayable":null,"is_engravable":null,"is_fragrance":null,"is_giftable":null,"is_giftwrap":false,"is_inactive":null,"is_multi_shaded":null,"is_out_of_stock":null,"is_preorder":false,"is_preorderable":null,"is_promotional":null,"is_replenishable":false,"is_search_suppressed":null,"is_searchable":true,"is_shaded":null,"is_sized":null,"is_sold_out":null,"is_under_weight_hazmat":false,"is_vto_enabled":null,"life_of_product":"Basic Reorder","material_code":"67F9010001","media":{"large":[{"alt":"フェース スクラブ","height":1200,"position":0,"src":"/media/export/cms/products/1200x1500/cl_sku_67F901_1200x1500_0.png","type":"image","width":1500}],"medium":[{"alt":"フェース スクラブ","height":600,"position":1,"src":"/media/export/cms/products/600x750/cl_sku_67F901_600x750_0.png","type":"image","width":750}],"model":null,"poster":null,"small":[{"alt":"フェース スクラブ","height":1200,"position":2,"src":"/media/export/cms/products/1200x1500/cl_sku_67F901_1200x1500_0.png","type":"image","width":1500}],"smoosh":null,"xl":null},"out_of_stock_threshold":null,"perlgem":{"SKU_BASE_ID":12501},"preorder_date":null,"prices":[{"currency":"JPY","exclude_tax":{"original_price":2500,"original_price_formatted":"¥2,500","price":2500,"price_formatted":"¥2,500","price_per_unit":null,"price_per_unit_formatted":""},"include_tax":{"original_price":2750,"original_price_formatted":"¥2,750","price":2750,"price_formatted":"¥2,750","price_per_unit":null,"price_per_unit_formatted":""},"is_discounted":false}],"purchase_limit":null,"replenishment":{"message":"Recommended Auto-Ship cycle: 12 weeks  Learn more >"},"reviews":{"average_rating":null,"number_of_questions":null,"number_of_reviews":null},"set_components":null,"shade_groups":null,"shades":null,"sizes":[{"key":1,"value":"100mL"}],"skin":{"tone":null,"type":null,"type_description":null},"sku_badge":null,"sku_badge_image":null,"sku_display_order":0,"sku_id":"67F901","sku_promo_messaging":null,"sku_type":"SE","sku_url":null,"tags":{"total":13,"items":[{"id":"1623","key":"シェービング","value":"シェービング"},{"id":"1609","key":"メンズ","value":"メンズ"},{"id":"1619","key":"セットギフト","value":"セット＆ギフト"},{"id":"1610","key":"メンズ３ステップ","value":"メンズ３ステップ"},{"id":"1625","key":"スキンケア","value":"スキンケア"},{"id":"1624","key":"洗顔シェービング","value":"洗顔・シェービング"},{"id":"13561","key":"holiday-2014","value":"Holiday 2014"},{"id":"12824","key":"grooming","value":"Grooming"},{"id":"1682","key":"ふき取り化粧水化粧水","value":"ふき取り化粧水・化粧水"},{"id":"13565","key":"mens","value":"Men's"},{"id":"12950","key":"mens-bestsellers","value":"Men's Bestsellers"},{"id":"1612","key":"除く","value":"除く"},{"id":"9424","key":"discovery-box","value":"Discovery Box"}]},"texture":null,"undertone":null,"unit_of_measure":null,"unit_size":null,"unit_size_formatted":null,"upc":"020714125608","vto":{"is_color_experience":null,"is_foundation_experience":null}}]},"sub_display_name":"フェース スクラブ","sub_header":null,"tags":{"total":13,"items":[{"id":"1623","key":"シェービング","parent_tag_id":"1609","product_display_order":3,"value":"シェービング"},{"id":"1609","key":"メンズ","parent_tag_id":null,"product_display_order":38,"value":"メンズ"},{"id":"1619","key":"セットギフト","parent_tag_id":"1618","product_display_order":32,"value":"セット＆ギフト"},{"id":"1610","key":"メンズ３ステップ","parent_tag_id":"1609","product_display_order":0,"value":"メンズ３ステップ"},{"id":"1625","key":"スキンケア","parent_tag_id":"1609","product_display_order":17,"value":"スキンケア"},{"id":"1624","key":"洗顔シェービング","parent_tag_id":"1623","product_display_order":8,"value":"洗顔・シェービング"},{"id":"13561","key":"holiday-2014","parent_tag_id":null,"product_display_order":0,"value":"Holiday 2014"},{"id":"12824","key":"grooming","parent_tag_id":"1625","product_display_order":0,"value":"Grooming"},{"id":"1682","key":"ふき取り化粧水化粧水","parent_tag_id":"1667","product_display_order":9,"value":"ふき取り化粧水・化粧水"},{"id":"13565","key":"mens","parent_tag_id":"13561","product_display_order":0,"value":"Men's"},{"id":"12950","key":"mens-bestsellers","parent_tag_id":"1609","product_display_order":0,"value":"Men's Bestsellers"},{"id":"1612","key":"除く","parent_tag_id":"1610","product_display_order":0,"value":"除く"},{"id":"9424","key":"discovery-box","parent_tag_id":"9420","product_display_order":0,"value":"Discovery Box"}]},"usage":[{"content":"ソープ洗顔前に。顔を濡らし、目のまわりと唇を避け、適量を顔に取り、指先で小さな円を描くように軽くのばします。その後、洗い流してください。","label":"PRODUCT USAGE","type":"product_usage"},{"content":null,"label":"HOW DOES IT WORK","type":"how_does_it_work"},{"content":"すべてのスキンタイプ","label":"WHO IT IS FOR","type":"who_it_is_for"},{"content":null,"label":"GREAT TO KNOW","type":"great_to_know"},{"content":null,"label":"WHAT_IT_DOES","type":"what_it_does"},{"content":null,"label":"WHAT_IT_IS","type":"what_it_is"}],"objectID":"5414"},{"benefit":{"statement":null,"benefits":null},"brand":null,"collection":[{"key":"moisture-surge-collection","value":"moisture_surge_collection"}],"coverage":null,"cross_sell":[{"sku_id":"6LKG01","sort_key":1},{"sku_id":"6LKH01","sort_key":2},{"sku_id":"7WCP01","sort_key":3},{"sku_id":"7AY401","sort_key":4},{"sku_id":"7F1C01","sort_key":5},{"sku_id":"71PN01","sort_key":6}],"default_category":{"id":"1687","key":"乾燥"},"description":"オイルフリーの爽やかなフェース スプレーが、きめ細かいミストで肌に潤いを与えます。","display_mode":null,"display_name":"モイスチャー サージ <br>フェース スプレー","display_status":7,"finish":null,"form":[{"key":"watery-form","value":"watery_form"},{"key":"spray-form","value":"spray_form"}],"formula_type":null,"fragrance_family":null,"indexable_keywords":[{"value":"トリートメント"},{"value":"スキンケア"},{"value":"skincare"},{"value":"skin care"},{"value":"潤いケア"},{"value":"モイスチャライザー"},{"value":"保湿"},{"value":"保湿ケア"},{"value":"保湿スプレー"},{"value":"フェーススプレー；乾燥"}],"is_hazmat":false,"is_product_coming_soon":null,"is_product_displayable":true,"is_product_searchable":true,"is_product_shoppable":true,"is_product_sold_out":null,"is_product_temporarily_out_of_stock":null,"is_search_suppressed":null,"key_ingredient":null,"media":{"large":null,"medium":null,"poster":null,"small":null,"videos":[{"position":null,"poster":{"height":null,"src":null,"width":null},"provider":"YouTube","src":null},{"position":null,"poster":{"height":null,"src":null,"width":null},"provider":"YouTube","src":null},{"position":null,"poster":{"height":null,"src":null,"width":null},"provider":"YouTube","src":null}],"xl":null},"meta":{"description":null,"keywords":"mask, moisturizer, extra thirsty skin relief"},"parent_category":[{"id":"1687","value":"乾燥"},{"id":"1667","value":"スキンケア"}],"product_badge":null,"product_id":"5449","product_title_tag":null,"product_type":"Other","product_url":"/product/1687/5449/-/moisture-surge-face-spray","reviews":{"average_rating":null,"number_of_questions":null,"number_of_reviews":null},"shade_groups":null,"short_description":"オイルフリーで、いつでも爽やかな潤いを与えてくれます。 <br>オール スキンタイプ","skin":{"concern":[{"key":"dry-concern","value":"dry_concern"}]},"skin_goal":null,"skus":{"total":1,"items":[{"color_family":null,"coverage_options":null,"cross_sell":null,"display_status":7,"finish":null,"finish_options":null,"fragrances":[{"family":null,"key":null,"value":null}],"iln_listing":"水・ＤＰＧ・ＢＧ・グリセリン・スクロース・トレハロース・フェノキシエタノール・クロルフェネシン・メチルパラベン・カフェイン・ソルビトール・ＥＤＴＡ－２Ｎａ・酢酸トコフェロール・酵母エキス・ツボクサエキス・サッカロミセス溶解質エキス・ローマカミツレ花エキス・アロエベラ葉水<JILN2292>","iln_version_number":"JILN2292","inventory_status":"Active","is_active":true,"is_coming_soon":null,"is_default_sku":false,"is_discountable":true,"is_displayable":null,"is_engravable":null,"is_fragrance":null,"is_giftable":null,"is_giftwrap":false,"is_inactive":null,"is_multi_shaded":null,"is_out_of_stock":null,"is_preorder":false,"is_preorderable":null,"is_promotional":null,"is_replenishable":false,"is_search_suppressed":null,"is_searchable":true,"is_shaded":null,"is_sized":null,"is_sold_out":null,"is_under_weight_hazmat":false,"is_vto_enabled":null,"life_of_product":"Basic Reorder","material_code":"68NT010001","media":{"large":[{"alt":"モイスチャー サージ <br>フェース スプレー","height":1200,"position":0,"src":"/media/export/cms/products/1200x1500/cl_sku_68NT01_1200x1500_0.png","type":"image","width":1500}],"medium":[{"alt":"モイスチャー サージ <br>フェース スプレー","height":600,"position":1,"src":"/media/export/cms/products/600x750/cl_sku_68NT01_600x750_0.png","type":"image","width":750}],"model":null,"poster":null,"small":[{"alt":"モイスチャー サージ <br>フェース スプレー","height":1200,"position":2,"src":"/media/export/cms/products/1200x1500/cl_sku_68NT01_1200x1500_0.png","type":"image","width":1500}],"smoosh":null,"xl":null},"out_of_stock_threshold":null,"perlgem":{"SKU_BASE_ID":12628},"preorder_date":null,"prices":[{"currency":"JPY","exclude_tax":{"original_price":4200,"original_price_formatted":"¥4,200","price":4200,"price_formatted":"¥4,200","price_per_unit":null,"price_per_unit_formatted":""},"include_tax":{"original_price":4620,"original_price_formatted":"¥4,620","price":4620,"price_formatted":"¥4,620","price_per_unit":null,"price_per_unit_formatted":""},"is_discounted":false}],"purchase_limit":null,"replenishment":{"message":"Recommended Auto-Ship cycle: 12 weeks  Learn more >"},"reviews":{"average_rating":null,"number_of_questions":null,"number_of_reviews":null},"set_components":null,"shade_groups":null,"shades":null,"sizes":[{"key":1,"value":"125mL"}],"skin":{"tone":null,"type":[{"key":"very-dry-skintype","value":"very_dry_skintype"},{"key":"dry-skintype","value":"dry_skintype"},{"key":"combination-skintype","value":"combination_skintype"},{"key":"oily-skintype","value":"oily_skintype"},{"key":"normal-skintype","value":"normal_skintype"}],"type_description":null},"sku_badge":null,"sku_badge_image":null,"sku_display_order":0,"sku_id":"68NT01","sku_promo_messaging":null,"sku_type":"SE","sku_url":null,"tags":{"total":12,"items":[{"id":"27168","key":"day1flashsale","value":"Day1FlashSale"},{"id":"13561","key":"holiday-2014","value":"Holiday 2014"},{"id":"13563","key":"skin-care","value":"Skin Care"},{"id":"14706","key":"スペシャルケア","value":"スペシャルケア"},{"id":"1687","key":"乾燥","value":"乾燥"},{"id":"27172","key":"day5flashsale","value":"Day5FlashSale"},{"id":"27174","key":"day7flashsale","value":"Day7FlashSale"},{"id":"13304","key":"スペシャルケア","value":"スペシャルケア"},{"id":"1689","key":"乾燥","value":"乾燥"},{"id":"16422","key":"セットギフト","value":"セット＆ギフト"},{"id":"25565","key":"justarrivednew","value":"justarrivednew"},{"id":"11731","key":"nail-enamel","value":"nail enamel"}]},"texture":null,"undertone":null,"unit_of_measure":null,"unit_size":null,"unit_size_formatted":null,"upc":"020714195786","vto":{"is_color_experience":null,"is_foundation_experience":null}}]},"sub_display_name":"モイスチャー サージ <br>フェース スプレー","sub_header":null,"tags":{"total":12,"items":[{"id":"27168","key":"day1flashsale","parent_tag_id":"1590","product_display_order":0,"value":"Day1FlashSale"},{"id":"13561","key":"holiday-2014","parent_tag_id":null,"product_display_order":0,"value":"Holiday 2014"},{"id":"13563","key":"skin-care","parent_tag_id":"13561","product_display_order":0,"value":"Skin Care"},{"id":"14706","key":"スペシャルケア","parent_tag_id":"1667","product_display_order":25,"value":"スペシャルケア"},{"id":"1687","key":"乾燥","parent_tag_id":"1667","product_display_order":10,"value":"乾燥"},{"id":"27172","key":"day5flashsale","parent_tag_id":"1590","product_display_order":51,"value":"Day5FlashSale"},{"id":"27174","key":"day7flashsale","parent_tag_id":"1590","product_display_order":0,"value":"Day7FlashSale"},{"id":"13304","key":"スペシャルケア","parent_tag_id":"1667","product_display_order":37,"value":"スペシャルケア"},{"id":"1689","key":"乾燥","parent_tag_id":"1667","product_display_order":0,"value":"乾燥"},{"id":"16422","key":"セットギフト","parent_tag_id":"1585","product_display_order":240,"value":"セット＆ギフト"},{"id":"25565","key":"justarrivednew","parent_tag_id":null,"product_display_order":16,"value":"justarrivednew"},{"id":"11731","key":"nail-enamel","parent_tag_id":"1592","product_display_order":0,"value":"nail enamel"}]},"usage":[{"content":"<ul><li>目を閉じ、顔から25cm - 30cm離してスプレーします。</li><li>いつもの潤いケアにプラスして、メイク下地としても、メイクの上からも、肌が渇いたと感じた時にお使いください。</li><li>目に入らないようご注意ください。</li></ul>","label":"PRODUCT USAGE","type":"product_usage"},{"content":null,"label":"HOW DOES IT WORK","type":"how_does_it_work"},{"content":null,"label":"WHO IT IS FOR","type":"who_it_is_for"},{"content":null,"label":"GREAT TO KNOW","type":"great_to_know"},{"content":"アロエベラ葉水などのモイスチャー成分を配合したクリニークのマストハブアイテム。オイルフリーのフェース スプレーがすばやく肌に潤いを与え、柔らかく整え、肌をしっとりと落ち着かせます。持ち運びに便利なサイズで、いつでも爽やかな潤いのスプレーをお楽しみいただけます。オイルフリー。敏感な目元も考えてつくられています。","label":"WHAT_IT_DOES","type":"what_it_does"},{"content":null,"label":"WHAT_IT_IS","type":"what_it_is"}],"objectID":"5449"},{"benefit":{"statement":null,"benefits":null},"brand":null,"collection":null,"coverage":null,"cross_sell":null,"default_category":{"id":"1619","key":"セットギフト"},"description":null,"display_mode":null,"display_name":"Clinique for Men™ Custom-Fit Daily Age Repair Set","display_status":1,"finish":null,"form":null,"formula_type":null,"fragrance_family":null,"indexable_keywords":null,"is_hazmat":false,"is_product_coming_soon":null,"is_product_displayable":true,"is_product_searchable":true,"is_product_shoppable":false,"is_product_sold_out":null,"is_product_temporarily_out_of_stock":null,"is_search_suppressed":null,"key_ingredient":null,"media":{"large":null,"medium":null,"poster":null,"small":null,"videos":[{"position":null,"poster":{"height":null,"src":null,"width":null},"provider":null,"src":null},{"position":null,"poster":{"height":null,"src":null,"width":null},"provider":null,"src":null},{"position":null,"poster":{"height":null,"src":null,"width":null},"provider":null,"src":null}],"xl":null},"meta":{"description":null,"keywords":null},"parent_category":[{"id":"1619","value":"セット＆ギフト"},{"id":"1618","value":"メンズセット＆ギフト"},{"id":"1609","value":"メンズ"}],"product_badge":null,"product_id":"54710","product_title_tag":null,"product_type":"Other","product_url":"/product/1619/54710/clinique-for-mentm-custom-fit-daily-age-repair-set/clinique-for-mentm-custom-fit-daily-age-repair-set","reviews":{"average_rating":null,"number_of_questions":null,"number_of_reviews":null},"shade_groups":null,"short_description":null,"skin":null,"skin_goal":null,"skus":{"total":1,"items":[{"color_family":null,"coverage_options":null,"cross_sell":null,"display_status":1,"finish":null,"finish_options":null,"fragrances":[{"family":null,"key":null,"value":null}],"iln_listing":null,"iln_version_number":null,"inventory_status":"Sold Out","is_active":null,"is_coming_soon":null,"is_default_sku":false,"is_discountable":true,"is_displayable":null,"is_engravable":null,"is_fragrance":null,"is_giftable":null,"is_giftwrap":false,"is_inactive":null,"is_multi_shaded":null,"is_out_of_stock":null,"is_preorder":false,"is_preorderable":null,"is_promotional":null,"is_replenishable":false,"is_search_suppressed":null,"is_searchable":true,"is_shaded":null,"is_sized":null,"is_sold_out":true,"is_under_weight_hazmat":false,"is_vto_enabled":null,"life_of_product":"Limited life","material_code":"K8N1010001","media":{"large":[{"alt":"Clinique for Men™ Custom-Fit Daily Age Repair Set","height":1200,"position":0,"src":"/media/export/cms/products/1200x1500/cl_sku_K8N101_1200x1500_0.png","type":"image","width":1500}],"medium":[{"alt":"Clinique for Men™ Custom-Fit Daily Age Repair Set","height":600,"position":1,"src":"/media/export/cms/products/600x750/cl_sku_K8N101_600x750_0.png","type":"image","width":750}],"model":null,"poster":null,"small":[{"alt":"Clinique for Men™ Custom-Fit Daily Age Repair Set","height":1200,"position":2,"src":"/media/export/cms/products/1200x1500/cl_sku_K8N101_1200x1500_0.png","type":"image","width":1500}],"smoosh":null,"xl":null},"out_of_stock_threshold":null,"perlgem":{"SKU_BASE_ID":88276},"preorder_date":null,"prices":[{"currency":"JPY","exclude_tax":{"original_price":40,"original_price_formatted":"¥40","price":40,"price_formatted":"¥40","price_per_unit":null,"price_per_unit_formatted":""},"include_tax":{"original_price":44,"original_price_formatted":"¥44","price":44,"price_formatted":"¥44","price_per_unit":null,"price_per_unit_formatted":""},"is_discounted":false}],"purchase_limit":null,"replenishment":{"message":null},"reviews":{"average_rating":null,"number_of_questions":null,"number_of_reviews":null},"set_components":null,"shade_groups":null,"shades":null,"sizes":[{"key":1,"value":null}],"skin":{"tone":null,"type":null,"type_description":null},"sku_badge":null,"sku_badge_image":null,"sku_display_order":0,"sku_id":"K8N101","sku_promo_messaging":null,"sku_type":"SE","sku_url":null,"tags":{"total":4,"items":[{"id":"1609","key":"メンズ","value":"メンズ"},{"id":"12950","key":"mens-bestsellers","value":"Men's Bestsellers"},{"id":"1619","key":"セットギフト","value":"セット＆ギフト"},{"id":"12943","key":"mens-de-aging","value":"Men's De-Aging"}]},"texture":null,"undertone":null,"unit_of_measure":null,"unit_size":null,"unit_size_formatted":null,"upc":"020714933135","vto":{"is_color_experience":null,"is_foundation_experience":null}}]},"sub_display_name":null,"sub_header":null,"tags":{"total":4,"items":[{"id":"1609","key":"メンズ","parent_tag_id":null,"product_display_order":5,"value":"メンズ"},{"id":"12950","key":"mens-bestsellers","parent_tag_id":"1609","product_display_order":0,"value":"Men's Bestsellers"},{"id":"1619","key":"セットギフト","parent_tag_id":"1618","product_display_order":26,"value":"セット＆ギフト"},{"id":"12943","key":"mens-de-aging","parent_tag_id":"1625","product_display_order":0,"value":"Men's De-Aging"}]},"usage":[{"content":null,"label":"PRODUCT USAGE","type":"product_usage"},{"content":null,"label":"HOW DOES IT WORK","type":"how_does_it_work"},{"content":null,"label":"WHO IT IS FOR","type":"who_it_is_for"},{"content":null,"label":"GREAT TO KNOW","type":"great_to_know"},{"content":null,"label":"WHAT_IT_DOES","type":"what_it_does"},{"content":null,"label":"WHAT_IT_IS","type":"what_it_is"}],"objectID":"54710"},{"benefit":{"statement":null,"benefits":null},"brand":null,"collection":null,"coverage":null,"cross_sell":[{"sku_id":"6LX501","sort_key":1},{"sku_id":"7NYF01","sort_key":2},{"sku_id":"7PL208","sort_key":3},{"sku_id":"6AJX01","sort_key":4},{"sku_id":"6CY401","sort_key":5},{"sku_id":"6F3701","sort_key":6}],"default_category":{"id":"1603","key":"リップグロス"},"description":"ナチュラルなツヤのある保湿グロス。ほんのり色づき、ツヤやかな仕上がり。高い保湿効果で乾燥や荒れた唇をケアし、なめらかな状態へ導きます。","display_mode":null,"display_name":"スーパーバーム<br>モイスチャライジング グロス ","display_status":7,"finish":null,"form":null,"formula_type":null,"fragrance_family":null,"indexable_keywords":[{"value":"カラー"},{"value":"メークアップ"},{"value":"メイクアップ"},{"value":"グロス"},{"value":"リップグロス"},{"value":"リップケア"},{"value":"リップクリーム"},{"value":"リップバーム"},{"value":"保湿"},{"value":"殿堂入り"},{"value":"口コミ"}],"is_hazmat":false,"is_product_coming_soon":null,"is_product_displayable":true,"is_product_searchable":true,"is_product_shoppable":true,"is_product_sold_out":null,"is_product_temporarily_out_of_stock":null,"is_search_suppressed":null,"key_ingredient":null,"media":{"large":null,"medium":null,"poster":null,"small":null,"videos":[{"position":null,"poster":{"height":null,"src":null,"width":null},"provider":null,"src":null},{"position":null,"poster":{"height":null,"src":null,"width":null},"provider":null,"src":null},{"position":null,"poster":{"height":null,"src":null,"width":null},"provider":null,"src":null}],"xl":null},"meta":{"description":null,"keywords":"lip,lipgloss,super balm,lip gloss,保湿,カラー,メークアップ,メイクアップ,グロス,リップグロス,リップケア,リップクリーム,リップバーム,殿堂入り,口コミ"},"parent_category":[{"id":"1603","value":"リップグロス"},{"id":"1592","value":"メーク"}],"product_badge":null,"product_id":"5499","product_title_tag":null,"product_type":"Shaded","product_url":"/product/1603/5499/superbalm-moisturizing-gloss","reviews":{"average_rating":null,"number_of_questions":null,"number_of_reviews":null},"shade_groups":null,"short_description":"ナチュラルなツヤのある保湿グロス。","skin":null,"skin_goal":null,"skus":{"total":2,"items":[{"color_family":[{"key":"violet-color","value":"violet_color"}],"coverage_options":null,"cross_sell":null,"display_status":7,"finish":[{"key":"shine-finish","value":"shine_finish"}],"finish_options":[{"key":"shine-finish","value":"shine_finish"}],"fragrances":[{"family":null,"key":null,"value":null}],"iln_listing":"ポリデセン・ポリブテン・ワセリン・ビスジグリセリルポリアシルアジペート－２・オクチルドデカノール・マイクロクリスタリンワックス・酢酸トコフェロール・トリイソステアリン酸ポリグリセリル－２・アロエベラ葉エキス・水添野菜油・コレステロール・コレステロール（羊毛）・スクワラン・リノール酸・カプリリルグリコール・セージ葉エキス・テトラヘキシルデカン酸アスコルビル・パルミチン酸レチノール・グリチルレチン酸ステアリル・シラカバ樹皮エキス・オレイン酸・オオムギエキス・リノレン酸・ヘキシレングリコール・硫酸Ｋ・コムギ胚芽油・ピーナッツ油・フェノキシエタノール　＋／－　酸化チタン・マイカ・酸化鉄・黄４・硫酸Ｂａ・赤２０２・赤２２７・赤２０１・赤１０４（１）・青１・黄５<JILN3811>","iln_version_number":"JILN3811","inventory_status":"Active","is_active":true,"is_coming_soon":null,"is_default_sku":false,"is_discountable":true,"is_displayable":null,"is_engravable":null,"is_fragrance":null,"is_giftable":null,"is_giftwrap":false,"is_inactive":null,"is_multi_shaded":null,"is_out_of_stock":null,"is_preorder":false,"is_preorderable":null,"is_promotional":null,"is_replenishable":false,"is_search_suppressed":null,"is_searchable":true,"is_shaded":null,"is_sized":null,"is_sold_out":null,"is_under_weight_hazmat":false,"is_vto_enabled":null,"life_of_product":"Basic Reorder","material_code":"6M23100001","media":{"large":[{"alt":"スーパーバーム<br>モイスチャライジング グロス ","height":1200,"position":1,"src":"/media/export/cms/products/1200x1500/cl_sku_6M2310_1200x1500_0.png","type":"image","width":1500}],"medium":[{"alt":"スーパーバーム<br>モイスチャライジング グロス ","height":600,"position":2,"src":"/media/export/cms/products/600x750/cl_sku_6M2310_600x750_0.png","type":"image","width":750}],"model":null,"poster":null,"small":[{"alt":"スーパーバーム<br>モイスチャライジング グロス ","height":1200,"position":3,"src":"/media/export/cms/products/1200x1500/cl_sku_6M2310_1200x1500_0.png","type":"image","width":1500}],"smoosh":[{"alt":"スーパーバーム<br>モイスチャライジング グロス ","height":1200,"position":0,"src":"/media/export/cms/products/1200x1500/swatches_v3/08_ns_mg.png","type":"image","width":1500}],"xl":null},"out_of_stock_threshold":null,"perlgem":{"SKU_BASE_ID":14060},"preorder_date":null,"prices":[{"currency":"JPY","exclude_tax":{"original_price":2400,"original_price_formatted":"¥2,400","price":2400,"price_formatted":"¥2,400","price_per_unit":null,"price_per_unit_formatted":""},"include_tax":{"original_price":2640,"original_price_formatted":"¥2,640","price":2640,"price_formatted":"¥2,640","price_per_unit":null,"price_per_unit_formatted":""},"is_discounted":false}],"purchase_limit":null,"replenishment":{"message":"Never run low on your favourites. Sign up for Auto-Ship. Learn more >"},"reviews":{"average_rating":null,"number_of_questions":null,"number_of_reviews":null},"set_components":null,"shade_groups":null,"shades":[{"description":"ピンクグレープフループのような淡いピンク","hex_val":"#ff99b3","image":{"height":null,"src":"","width":null},"name":"10 グレープフルーツ","smoosh_design":{"group_id":null,"name":"08::none::medium"}}],"sizes":[{"key":1,"value":"13g"}],"skin":{"tone":null,"type":null,"type_description":null},"sku_badge":null,"sku_badge_image":null,"sku_display_order":0,"sku_id":"6M2310","sku_promo_messaging":null,"sku_type":"SE","sku_url":null,"tags":{"total":7,"items":[{"id":"18067","key":"価格別2200円","value":"価格別2200円"},{"id":"18453","key":"plus1","value":"Plus1"},{"id":"16916","key":"gift-ideas-for-events","value":"Gift Ideas for Events"},{"id":"27171","key":"day4flashsale","value":"Day4FlashSale"},{"id":"27172","key":"day5flashsale","value":"Day5FlashSale"},{"id":"1603","key":"リップグロス","value":"リップグロス"},{"id":"22833","key":"3500円税抜以下のおすすめ製品","value":"3500円(税抜)以下のおすすめ製品"}]},"texture":null,"undertone":null,"unit_of_measure":null,"unit_size":null,"unit_size_formatted":null,"upc":"020714312480","vto":{"is_color_experience":null,"is_foundation_experience":null}},{"color_family":[{"key":"pink-color","value":"pink_color"}],"coverage_options":null,"cross_sell":null,"display_status":7,"finish":[{"key":"shine-finish","value":"shine_finish"}],"finish_options":[{"key":"shine-finish","value":"shine_finish"}],"fragrances":[{"family":null,"key":null,"value":null}],"iln_listing":"ポリデセン・ポリブテン・ワセリン・ビスジグリセリルポリアシルアジペート－２・オクチルドデカノール・マイクロクリスタリンワックス・酢酸トコフェロール・トリイソステアリン酸ポリグリセリル－２・アロエベラ葉エキス・水添野菜油・コレステロール・コレステロール（羊毛）・スクワラン・リノール酸・カプリリルグリコール・セージ葉エキス・テトラヘキシルデカン酸アスコルビル・パルミチン酸レチノール・グリチルレチン酸ステアリル・シラカバ樹皮エキス・オレイン酸・オオムギエキス・リノレン酸・ヘキシレングリコール・硫酸Ｋ・コムギ胚芽油・ピーナッツ油・フェノキシエタノール　＋／－　酸化チタン・マイカ・酸化鉄・黄４・硫酸Ｂａ・赤２０２・赤２２７・赤２０１・赤１０４（１）・青１・黄５<JILN3811>","iln_version_number":"JILN3811","inventory_status":"Active","is_active":true,"is_coming_soon":null,"is_default_sku":false,"is_discountable":true,"is_displayable":null,"is_engravable":null,"is_fragrance":null,"is_giftable":null,"is_giftwrap":false,"is_inactive":null,"is_multi_shaded":null,"is_out_of_stock":null,"is_preorder":false,"is_preorderable":null,"is_promotional":null,"is_replenishable":false,"is_search_suppressed":null,"is_searchable":true,"is_shaded":null,"is_sized":null,"is_sold_out":null,"is_under_weight_hazmat":false,"is_vto_enabled":null,"life_of_product":"Basic Reorder","material_code":"6M23020001","media":{"large":[{"alt":"スーパーバーム<br>モイスチャライジング グロス ","height":1200,"position":1,"src":"/media/export/cms/products/1200x1500/cl_sku_6M2302_1200x1500_0.png","type":"image","width":1500}],"medium":[{"alt":"スーパーバーム<br>モイスチャライジング グロス ","height":600,"position":2,"src":"/media/export/cms/products/600x750/cl_sku_6M2302_600x750_0.png","type":"image","width":750}],"model":null,"poster":null,"small":[{"alt":"スーパーバーム<br>モイスチャライジング グロス ","height":1200,"position":3,"src":"/media/export/cms/products/1200x1500/cl_sku_6M2302_1200x1500_0.png","type":"image","width":1500}],"smoosh":[{"alt":"スーパーバーム<br>モイスチャライジング グロス ","height":1200,"position":0,"src":"/media/export/cms/products/1200x1500/swatches_v3/08_ns_mg.png","type":"image","width":1500}],"xl":null},"out_of_stock_threshold":null,"perlgem":{"SKU_BASE_ID":14054},"preorder_date":null,"prices":[{"currency":"JPY","exclude_tax":{"original_price":2400,"original_price_formatted":"¥2,400","price":2400,"price_formatted":"¥2,400","price_per_unit":null,"price_per_unit_formatted":""},"include_tax":{"original_price":2640,"original_price_formatted":"¥2,640","price":2640,"price_formatted":"¥2,640","price_per_unit":null,"price_per_unit_formatted":""},"is_discounted":false}],"purchase_limit":null,"replenishment":{"message":null},"reviews":{"average_rating":null,"number_of_questions":null,"number_of_reviews":null},"set_components":null,"shade_groups":null,"shades":[{"description":"ラズベリーのような淡いレッドピンク","hex_val":"#ce3278","image":{"height":null,"src":"","width":null},"name":"02 ラズベリー","smoosh_design":{"group_id":null,"name":"08::none::medium"}}],"sizes":[{"key":1,"value":"13g"}],"skin":{"tone":null,"type":null,"type_description":null},"sku_badge":null,"sku_badge_image":null,"sku_display_order":4,"sku_id":"6M2302","sku_promo_messaging":null,"sku_type":"SE","sku_url":null,"tags":{"total":8,"items":[{"id":"18067","key":"価格別2200円","value":"価格別2200円"},{"id":"18453","key":"plus1","value":"Plus1"},{"id":"16916","key":"gift-ideas-for-events","value":"Gift Ideas for Events"},{"id":"27171","key":"day4flashsale","value":"Day4FlashSale"},{"id":"27172","key":"day5flashsale","value":"Day5FlashSale"},{"id":"27174","key":"day7flashsale","value":"Day7FlashSale"},{"id":"1603","key":"リップグロス","value":"リップグロス"},{"id":"22833","key":"3500円税抜以下のおすすめ製品","value":"3500円(税抜)以下のおすすめ製品"}]},"texture":null,"undertone":null,"unit_of_measure":null,"unit_size":null,"unit_size_formatted":null,"upc":"020714312404","vto":{"is_color_experience":null,"is_foundation_experience":null}}]},"sub_display_name":"スーパーバーム<br>モイスチャライジング グロス ","sub_header":null,"tags":{"total":8,"items":[{"id":"18067","key":"価格別2200円","parent_tag_id":"1000020","product_display_order":2,"value":"価格別2200円"},{"id":"18453","key":"plus1","parent_tag_id":null,"product_display_order":5,"value":"Plus1"},{"id":"16916","key":"gift-ideas-for-events","parent_tag_id":"1000020","product_display_order":21,"value":"Gift Ideas for Events"},{"id":"27171","key":"day4flashsale","parent_tag_id":"1590","product_display_order":62,"value":"Day4FlashSale"},{"id":"27172","key":"day5flashsale","parent_tag_id":"1590","product_display_order":0,"value":"Day5FlashSale"},{"id":"27174","key":"day7flashsale","parent_tag_id":"1590","product_display_order":0,"value":"Day7FlashSale"},{"id":"1603","key":"リップグロス","parent_tag_id":"1592","product_display_order":9,"value":"リップグロス"},{"id":"22833","key":"3500円税抜以下のおすすめ製品","parent_tag_id":"1000020","product_display_order":10,"value":"3500円(税抜)以下のおすすめ製品"}]},"usage":[{"content":"チューブを直接唇にあててつけます。単品でもリップスティックやリップペンシルを組み合わせてもお使いいただけます。","label":"PRODUCT USAGE","type":"product_usage"},{"content":null,"label":"HOW DOES IT WORK","type":"how_does_it_work"},{"content":null,"label":"WHO IT IS FOR","type":"who_it_is_for"},{"content":null,"label":"GREAT TO KNOW","type":"great_to_know"},{"content":null,"label":"WHAT_IT_DOES","type":"what_it_does"},{"content":null,"label":"WHAT_IT_IS","type":"what_it_is"}],"objectID":"5499"},{"benefit":{"statement":null,"benefits":null},"brand":null,"collection":null,"coverage":null,"cross_sell":null,"default_category":{"id":"1603","key":"リップグロス"},"description":"<body bgcolor='White' style='font-family:sans-serif;font-size:10pt;'><body bgcolor='White' style='font-family:sans-serif;font-size:10pt;'>ツヤめくためにうまれてきた。<br><br>うるおい広がる、ポップなウォータリー グロス<br>潤いもツヤも続くから、いつでもぷるんと魅惑的な唇に。<br>カラーはデイリー使いにうれしいヌード系から、<br>トレンド感溢れるビビッド系まで、全20色。<br>仕上がりもクリーミーから、パール感あるニュアンスと、<br>多彩なラインナップが魅力。<br></body></body>","display_mode":null,"display_name":"クリニーク ポップ スプラッシュ","display_status":7,"finish":null,"form":null,"formula_type":null,"fragrance_family":null,"indexable_keywords":null,"is_hazmat":false,"is_product_coming_soon":null,"is_product_displayable":true,"is_product_searchable":true,"is_product_shoppable":true,"is_product_sold_out":null,"is_product_temporarily_out_of_stock":null,"is_search_suppressed":null,"key_ingredient":null,"media":{"large":[{"alt":"クリニーク ポップ スプラッシュ","height":1200,"position":0,"src":"/media/export/cms/products/1200x1500/cl_prod_55010_1200x1500_0.png","type":"image","width":1500},{"alt":"クリニーク ポップ スプラッシュ","height":1200,"position":1,"src":"/media/export/cms/products/1200x1500/cl_prod_55010_1200x1500_1.png","type":"image","width":1500}],"medium":null,"poster":null,"small":[{"alt":"クリニーク ポップ スプラッシュ","height":1200,"position":2,"src":"/media/export/cms/products/1200x1500/cl_prod_55010_1200x1500_0.png","type":"image","width":1500},{"alt":"クリニーク ポップ スプラッシュ","height":1200,"position":3,"src":"/media/export/cms/products/1200x1500/cl_prod_55010_1200x1500_1.png","type":"image","width":1500}],"videos":[{"position":null,"poster":{"height":null,"src":null,"width":null},"provider":null,"src":null},{"position":null,"poster":{"height":null,"src":null,"width":null},"provider":null,"src":null},{"position":null,"poster":{"height":null,"src":null,"width":null},"provider":null,"src":null}],"xl":null},"meta":{"description":null,"keywords":null},"parent_category":[{"id":"1603","value":"リップグロス"},{"id":"1592","value":"メーク"}],"product_badge":null,"product_id":"55010","product_title_tag":null,"product_type":"Shaded","product_url":"/product/1603/55010/clinique-pop-splash-lip-gloss-hydration","reviews":{"average_rating":null,"number_of_questions":null,"number_of_reviews":null},"shade_groups":null,"short_description":"<body bgcolor='White' style='font-family:sans-serif;font-size:10pt;'><body bgcolor='White' style='font-family:sans-serif;font-size:10pt;'>ツヤめくためにうまれてきた。<br><br>うるおい広がる、ポップなウォータリー グロス<br>潤いもツヤも続くから、いつでもぷるんと魅惑的な唇に。<br>カラーはデイリー使いにうれしいヌード系から、<br>トレンド感溢れるビビッド系まで、全20色。<br>仕上がりもクリーミーから、パール感あるニュアンスと、<br>多彩なラインナップが魅力。<br></body></body>","skin":null,"skin_goal":null,"skus":{"total":8,"items":[{"color_family":[{"key":"nude-color","value":"nude_color"}],"coverage_options":null,"cross_sell":null,"display_status":7,"finish":[{"key":"shine-finish","value":"shine_finish"}],"finish_options":[{"key":"shine-finish","value":"shine_finish"}],"fragrances":[{"family":null,"key":null,"value":null}],"iln_listing":"水添ポリイソブテン・ポリブテン・テトライソステアリン酸ペンタエリスリチル・（エチレン／プロピレン／スチレン）コポリマー・安息香酸アルキル（Ｃ１２－１５）・パルミチン酸エチルヘキシル・酢酸トコフェロール・（ブチレン／エチレン／スチレン）コポリマー・（メタクリル酸ラウリル／ジメタクリル酸エチレングリコール）コポリマー・コレステロール・ステアリン酸グリセリル・ジメチルシリル化シリカ・パルミチン酸・オレイン酸・ＢＧ・コレステロール（羊毛）・カプリリルグリコール・グリセリン・水・ヒアルロン酸Ｎａ・スイカ果実エキス・ヘキシレングリコール・硫酸Ｋ・ヒラマメ果実エキス・リンゴエキス・乳酸Ｎａ・ＰＣＡ－Ｎａ・フェノキシエタノール・安息香酸Ｎａ・ソルビン酸Ｋ　＋／－　マイカ・酸化チタン・酸化鉄・赤２２７・ホウケイ酸（Ｃａ／Ｎａ）・硫酸Ｂａ・黄４・赤２０２・赤１０４（１）・黄５・青１・赤２０１・ホウケイ酸（Ｃａ／Ａｌ）・酸化スズ・カルミン・シリカ<JILN8488>","iln_version_number":"JILN8488","inventory_status":"Active","is_active":true,"is_coming_soon":null,"is_default_sku":false,"is_discountable":true,"is_displayable":null,"is_engravable":null,"is_fragrance":null,"is_giftable":null,"is_giftwrap":false,"is_inactive":null,"is_multi_shaded":null,"is_out_of_stock":null,"is_preorder":false,"is_preorderable":null,"is_promotional":null,"is_replenishable":false,"is_search_suppressed":null,"is_searchable":true,"is_shaded":null,"is_sized":null,"is_sold_out":null,"is_under_weight_hazmat":false,"is_vto_enabled":null,"life_of_product":"Basic Reorder","material_code":"K260030000","media":{"large":[{"alt":"クリニーク ポップ スプラッシュ","height":1200,"position":1,"src":"/media/export/cms/products/1200x1500/cl_sku_K26003_1200x1500_0.png","type":"image","width":1500}],"medium":[{"alt":"クリニーク ポップ スプラッシュ","height":600,"position":2,"src":"/media/export/cms/products/600x750/cl_sku_K26003_600x750_0.png","type":"image","width":750}],"model":null,"poster":null,"small":[{"alt":"クリニーク ポップ スプラッシュ","height":1200,"position":3,"src":"/media/export/cms/products/1200x1500/cl_sku_K26003_1200x1500_0.png","type":"image","width":1500}],"smoosh":[{"alt":"クリニーク ポップ スプラッシュ","height":1200,"position":0,"src":"/media/export/cms/products/1200x1500/swatches_v3/08_ns_mg.png","type":"image","width":1500}],"xl":null},"out_of_stock_threshold":null,"perlgem":{"SKU_BASE_ID":88629},"preorder_date":null,"prices":[{"currency":"JPY","exclude_tax":{"original_price":3200,"original_price_formatted":"¥3,200","price":3200,"price_formatted":"¥3,200","price_per_unit":null,"price_per_unit_formatted":""},"include_tax":{"original_price":3520,"original_price_formatted":"¥3,520","price":3520,"price_formatted":"¥3,520","price_per_unit":null,"price_per_unit_formatted":""},"is_discounted":false}],"purchase_limit":null,"replenishment":{"message":null},"reviews":{"average_rating":null,"number_of_questions":null,"number_of_reviews":null},"set_components":null,"shade_groups":null,"shades":[{"description":"ほのかにパールを感じる温かみあるブラウン","hex_val":"#B65453","image":{"height":null,"src":"","width":null},"name":"03 ソルベ ポップ","smoosh_design":{"group_id":null,"name":"08::none::medium"}}],"sizes":[{"key":1,"value":"3g"}],"skin":{"tone":null,"type":null,"type_description":null},"sku_badge":null,"sku_badge_image":null,"sku_display_order":2,"sku_id":"K26003","sku_promo_messaging":null,"sku_type":"SE","sku_url":null,"tags":{"total":4,"items":[{"id":"4323","key":"just-arrived","value":"Just Arrived"},{"id":"1603","key":"リップグロス","value":"リップグロス"},{"id":"1592","key":"メーク","value":"メーク"},{"id":"19570","key":"おすすめ製品","value":"おすすめ製品"}]},"texture":null,"undertone":null,"unit_of_measure":null,"unit_size":null,"unit_size_formatted":null,"upc":"020714876623","vto":{"is_color_experience":null,"is_foundation_experience":null}},{"color_family":[{"key":"nude-color","value":"nude_color"}],"coverage_options":null,"cross_sell":null,"display_status":7,"finish":[{"key":"shine-finish","value":"shine_finish"}],"finish_options":[{"key":"shine-finish","value":"shine_finish"}],"fragrances":[{"family":null,"key":null,"value":null}],"iln_listing":"水添ポリイソブテン・ポリブテン・テトライソステアリン酸ペンタエリスリチル・（エチレン／プロピレン／スチレン）コポリマー・安息香酸アルキル（Ｃ１２－１５）・パルミチン酸エチルヘキシル・酢酸トコフェロール・（ブチレン／エチレン／スチレン）コポリマー・（メタクリル酸ラウリル／ジメタクリル酸エチレングリコール）コポリマー・コレステロール・ステアリン酸グリセリル・ジメチルシリル化シリカ・パルミチン酸・オレイン酸・ＢＧ・コレステロール（羊毛）・カプリリルグリコール・グリセリン・水・ヒアルロン酸Ｎａ・スイカ果実エキス・ヘキシレングリコール・硫酸Ｋ・ヒラマメ果実エキス・リンゴエキス・乳酸Ｎａ・ＰＣＡ－Ｎａ・フェノキシエタノール・安息香酸Ｎａ・ソルビン酸Ｋ　＋／－　マイカ・酸化チタン・酸化鉄・赤２２７・ホウケイ酸（Ｃａ／Ｎａ）・硫酸Ｂａ・黄４・赤２０２・赤１０４（１）・黄５・青１・赤２０１・ホウケイ酸（Ｃａ／Ａｌ）・酸化スズ・カルミン・シリカ<JILN8488>","iln_version_number":"JILN8488","inventory_status":"Active","is_active":true,"is_coming_soon":null,"is_default_sku":false,"is_discountable":true,"is_displayable":null,"is_engravable":null,"is_fragrance":null,"is_giftable":null,"is_giftwrap":false,"is_inactive":null,"is_multi_shaded":null,"is_out_of_stock":null,"is_preorder":false,"is_preorderable":null,"is_promotional":null,"is_replenishable":false,"is_search_suppressed":null,"is_searchable":true,"is_shaded":null,"is_sized":null,"is_sold_out":null,"is_under_weight_hazmat":false,"is_vto_enabled":null,"life_of_product":"Basic Reorder","material_code":"K260060000","media":{"large":[{"alt":"クリニーク ポップ スプラッシュ","height":1200,"position":1,"src":"/media/export/cms/products/1200x1500/cl_sku_K26006_1200x1500_0.png","type":"image","width":1500}],"medium":[{"alt":"クリニーク ポップ スプラッシュ","height":600,"position":2,"src":"/media/export/cms/products/600x750/cl_sku_K26006_600x750_0.png","type":"image","width":750}],"model":null,"poster":null,"small":[{"alt":"クリニーク ポップ スプラッシュ","height":1200,"position":3,"src":"/media/export/cms/products/1200x1500/cl_sku_K26006_1200x1500_0.png","type":"image","width":1500}],"smoosh":[{"alt":"クリニーク ポップ スプラッシュ","height":1200,"position":0,"src":"/media/export/cms/products/1200x1500/swatches_v3/08_ns_mg.png","type":"image","width":1500}],"xl":null},"out_of_stock_threshold":null,"perlgem":{"SKU_BASE_ID":88631},"preorder_date":null,"prices":[{"currency":"JPY","exclude_tax":{"original_price":3200,"original_price_formatted":"¥3,200","price":3200,"price_formatted":"¥3,200","price_per_unit":null,"price_per_unit_formatted":""},"include_tax":{"original_price":3520,"original_price_formatted":"¥3,520","price":3520,"price_formatted":"¥3,520","price_per_unit":null,"price_per_unit_formatted":""},"is_discounted":false}],"purchase_limit":null,"replenishment":{"message":null},"reviews":{"average_rating":null,"number_of_questions":null,"number_of_reviews":null},"set_components":null,"shade_groups":null,"shades":[{"description":"肌色に馴染んでかすかに色づくヌード ブラウン","hex_val":"#B35C6D","image":{"height":null,"src":"","width":null},"name":"06 アドア ユー","smoosh_design":{"group_id":null,"name":"08::none::medium"}}],"sizes":[{"key":1,"value":"3g"}],"skin":{"tone":null,"type":null,"type_description":null},"sku_badge":null,"sku_badge_image":null,"sku_display_order":5,"sku_id":"K26006","sku_promo_messaging":null,"sku_type":"SE","sku_url":null,"tags":{"total":4,"items":[{"id":"4323","key":"just-arrived","value":"Just Arrived"},{"id":"1603","key":"リップグロス","value":"リップグロス"},{"id":"1592","key":"メーク","value":"メーク"},{"id":"19570","key":"おすすめ製品","value":"おすすめ製品"}]},"texture":null,"undertone":null,"unit_of_measure":null,"unit_size":null,"unit_size_formatted":null,"upc":"020714876654","vto":{"is_color_experience":null,"is_foundation_experience":null}},{"color_family":[{"key":"pink-color","value":"pink_color"}],"coverage_options":null,"cross_sell":null,"display_status":7,"finish":[{"key":"shine-finish","value":"shine_finish"}],"finish_options":[{"key":"shine-finish","value":"shine_finish"}],"fragrances":[{"family":null,"key":null,"value":null}],"iln_listing":"水添ポリイソブテン・ポリブテン・テトライソステアリン酸ペンタエリスリチル・（エチレン／プロピレン／スチレン）コポリマー・安息香酸アルキル（Ｃ１２－１５）・パルミチン酸エチルヘキシル・酢酸トコフェロール・（ブチレン／エチレン／スチレン）コポリマー・（メタクリル酸ラウリル／ジメタクリル酸エチレングリコール）コポリマー・コレステロール・ステアリン酸グリセリル・ジメチルシリル化シリカ・パルミチン酸・オレイン酸・ＢＧ・コレステロール（羊毛）・カプリリルグリコール・グリセリン・水・ヒアルロン酸Ｎａ・スイカ果実エキス・ヘキシレングリコール・硫酸Ｋ・ヒラマメ果実エキス・リンゴエキス・乳酸Ｎａ・ＰＣＡ－Ｎａ・フェノキシエタノール・安息香酸Ｎａ・ソルビン酸Ｋ　＋／－　マイカ・酸化チタン・酸化鉄・赤２２７・ホウケイ酸（Ｃａ／Ｎａ）・硫酸Ｂａ・黄４・赤２０２・赤１０４（１）・黄５・青１・赤２０１・ホウケイ酸（Ｃａ／Ａｌ）・酸化スズ・カルミン・シリカ<JILN8488>","iln_version_number":"JILN8488","inventory_status":"Active","is_active":true,"is_coming_soon":null,"is_default_sku":false,"is_discountable":true,"is_displayable":null,"is_engravable":null,"is_fragrance":null,"is_giftable":null,"is_giftwrap":false,"is_inactive":null,"is_multi_shaded":null,"is_out_of_stock":null,"is_preorder":false,"is_preorderable":null,"is_promotional":null,"is_replenishable":false,"is_search_suppressed":null,"is_searchable":true,"is_shaded":null,"is_sized":null,"is_sold_out":null,"is_under_weight_hazmat":false,"is_vto_enabled":null,"life_of_product":"Basic Reorder","material_code":"K260080000","media":{"large":[{"alt":"クリニーク ポップ スプラッシュ","height":1200,"position":1,"src":"/media/export/cms/products/1200x1500/cl_sku_K26008_1200x1500_0.png","type":"image","width":1500}],"medium":[{"alt":"クリニーク ポップ スプラッシュ","height":600,"position":2,"src":"/media/export/cms/products/600x750/cl_sku_K26008_600x750_0.png","type":"image","width":750}],"model":null,"poster":null,"small":[{"alt":"クリニーク ポップ スプラッシュ","height":1200,"position":3,"src":"/media/export/cms/products/1200x1500/cl_sku_K26008_1200x1500_0.png","type":"image","width":1500}],"smoosh":[{"alt":"クリニーク ポップ スプラッシュ","height":1200,"position":0,"src":"/media/export/cms/products/1200x1500/swatches_v3/08_ns_mg.png","type":"image","width":1500}],"xl":null},"out_of_stock_threshold":null,"perlgem":{"SKU_BASE_ID":88633},"preorder_date":null,"prices":[{"currency":"JPY","exclude_tax":{"original_price":3200,"original_price_formatted":"¥3,200","price":3200,"price_formatted":"¥3,200","price_per_unit":null,"price_per_unit_formatted":""},"include_tax":{"original_price":3520,"original_price_formatted":"¥3,520","price":3520,"price_formatted":"¥3,520","price_per_unit":null,"price_per_unit_formatted":""},"is_discounted":false}],"purchase_limit":null,"replenishment":{"message":null},"reviews":{"average_rating":null,"number_of_questions":null,"number_of_reviews":null},"set_components":null,"shade_groups":null,"shades":[{"description":"やさしさ溢れるピンクベージュ","hex_val":"#B0555F","image":{"height":null,"src":"","width":null},"name":"08 テンダーハート","smoosh_design":{"group_id":null,"name":"08::none::medium"}}],"sizes":[{"key":1,"value":"3g"}],"skin":{"tone":null,"type":null,"type_description":null},"sku_badge":null,"sku_badge_image":null,"sku_display_order":7,"sku_id":"K26008","sku_promo_messaging":null,"sku_type":"SE","sku_url":null,"tags":{"total":5,"items":[{"id":"4323","key":"just-arrived","value":"Just Arrived"},{"id":"1603","key":"リップグロス","value":"リップグロス"},{"id":"1592","key":"メーク","value":"メーク"},{"id":"19570","key":"おすすめ製品","value":"おすすめ製品"},{"id":"13770","key":"gwp","value":"GWP"}]},"texture":null,"undertone":null,"unit_of_measure":null,"unit_size":null,"unit_size_formatted":null,"upc":"020714876678","vto":{"is_color_experience":null,"is_foundation_experience":null}},{"color_family":[{"key":"pink-color","value":"pink_color"}],"coverage_options":null,"cross_sell":null,"display_status":7,"finish":[{"key":"shine-finish","value":"shine_finish"}],"finish_options":[{"key":"shine-finish","value":"shine_finish"}],"fragrances":[{"family":null,"key":null,"value":null}],"iln_listing":"水添ポリイソブテン・ポリブテン・テトライソステアリン酸ペンタエリスリチル・（エチレン／プロピレン／スチレン）コポリマー・安息香酸アルキル（Ｃ１２－１５）・パルミチン酸エチルヘキシル・酢酸トコフェロール・（ブチレン／エチレン／スチレン）コポリマー・（メタクリル酸ラウリル／ジメタクリル酸エチレングリコール）コポリマー・コレステロール・ステアリン酸グリセリル・ジメチルシリル化シリカ・パルミチン酸・オレイン酸・ＢＧ・コレステロール（羊毛）・カプリリルグリコール・グリセリン・水・ヒアルロン酸Ｎａ・スイカ果実エキス・ヘキシレングリコール・硫酸Ｋ・ヒラマメ果実エキス・リンゴエキス・乳酸Ｎａ・ＰＣＡ－Ｎａ・フェノキシエタノール・安息香酸Ｎａ・ソルビン酸Ｋ　＋／－　マイカ・酸化チタン・酸化鉄・赤２２７・ホウケイ酸（Ｃａ／Ｎａ）・硫酸Ｂａ・黄４・赤２０２・赤１０４（１）・黄５・青１・赤２０１・ホウケイ酸（Ｃａ／Ａｌ）・酸化スズ・カルミン・シリカ<JILN8488>","iln_version_number":"JILN8488","inventory_status":"Active","is_active":true,"is_coming_soon":null,"is_default_sku":true,"is_discountable":true,"is_displayable":null,"is_engravable":null,"is_fragrance":null,"is_giftable":null,"is_giftwrap":false,"is_inactive":null,"is_multi_shaded":null,"is_out_of_stock":null,"is_preorder":false,"is_preorderable":null,"is_promotional":null,"is_replenishable":false,"is_search_suppressed":null,"is_searchable":true,"is_shaded":null,"is_sized":null,"is_sold_out":null,"is_under_weight_hazmat":false,"is_vto_enabled":null,"life_of_product":"Basic Reorder","material_code":"K260110000","media":{"large":[{"alt":"クリニーク ポップ スプラッシュ","height":1200,"position":1,"src":"/media/export/cms/products/1200x1500/cl_sku_K26011_1200x1500_0.png","type":"image","width":1500}],"medium":[{"alt":"クリニーク ポップ スプラッシュ","height":600,"position":2,"src":"/media/export/cms/products/600x750/cl_sku_K26011_600x750_0.png","type":"image","width":750},{"alt":"クリニーク ポップ スプラッシュ","height":600,"position":3,"src":"/media/export/cms/products/600x750/cl_sku_K26011_600x750_1.png","type":"image","width":750}],"model":null,"poster":null,"small":[{"alt":"クリニーク ポップ スプラッシュ","height":1200,"position":4,"src":"/media/export/cms/products/1200x1500/cl_sku_K26011_1200x1500_0.png","type":"image","width":1500}],"smoosh":[{"alt":"クリニーク ポップ スプラッシュ","height":1200,"position":0,"src":"/media/export/cms/products/1200x1500/swatches_v3/08_ns_mg.png","type":"image","width":1500}],"xl":null},"out_of_stock_threshold":null,"perlgem":{"SKU_BASE_ID":88635},"preorder_date":null,"prices":[{"currency":"JPY","exclude_tax":{"original_price":3200,"original_price_formatted":"¥3,200","price":3200,"price_formatted":"¥3,200","price_per_unit":null,"price_per_unit_formatted":""},"include_tax":{"original_price":3520,"original_price_formatted":"¥3,520","price":3520,"price_formatted":"¥3,520","price_per_unit":null,"price_per_unit_formatted":""},"is_discounted":false}],"purchase_limit":null,"replenishment":{"message":null},"reviews":{"average_rating":null,"number_of_questions":null,"number_of_reviews":null},"set_components":null,"shade_groups":null,"shades":[{"description":"淡くライトなミルキーピンク","hex_val":"#F9B4A9","image":{"height":null,"src":"","width":null},"name":"11 エアー キッス","smoosh_design":{"group_id":null,"name":"08::none::medium"}}],"sizes":[{"key":1,"value":"3g"}],"skin":{"tone":null,"type":null,"type_description":null},"sku_badge":null,"sku_badge_image":null,"sku_display_order":10,"sku_id":"K26011","sku_promo_messaging":null,"sku_type":"SE","sku_url":null,"tags":{"total":4,"items":[{"id":"4323","key":"just-arrived","value":"Just Arrived"},{"id":"1603","key":"リップグロス","value":"リップグロス"},{"id":"1592","key":"メーク","value":"メーク"},{"id":"19570","key":"おすすめ製品","value":"おすすめ製品"}]},"texture":null,"undertone":null,"unit_of_measure":null,"unit_size":null,"unit_size_formatted":null,"upc":"020714917920","vto":{"is_color_experience":null,"is_foundation_experience":null}},{"color_family":[{"key":"red-color","value":"red_color"}],"coverage_options":null,"cross_sell":null,"display_status":7,"finish":[{"key":"shine-finish","value":"shine_finish"}],"finish_options":[{"key":"shine-finish","value":"shine_finish"}],"fragrances":[{"family":null,"key":null,"value":null}],"iln_listing":"水添ポリイソブテン・ポリブテン・テトライソステアリン酸ペンタエリスリチル・（エチレン／プロピレン／スチレン）コポリマー・安息香酸アルキル（Ｃ１２－１５）・パルミチン酸エチルヘキシル・酢酸トコフェロール・（ブチレン／エチレン／スチレン）コポリマー・（メタクリル酸ラウリル／ジメタクリル酸エチレングリコール）コポリマー・コレステロール・ステアリン酸グリセリル・ジメチルシリル化シリカ・パルミチン酸・オレイン酸・ＢＧ・コレステロール（羊毛）・カプリリルグリコール・グリセリン・水・ヒアルロン酸Ｎａ・スイカ果実エキス・ヘキシレングリコール・硫酸Ｋ・ヒラマメ果実エキス・リンゴエキス・乳酸Ｎａ・ＰＣＡ－Ｎａ・フェノキシエタノール・安息香酸Ｎａ・ソルビン酸Ｋ　＋／－　マイカ・酸化チタン・酸化鉄・赤２２７・ホウケイ酸（Ｃａ／Ｎａ）・硫酸Ｂａ・黄４・赤２０２・赤１０４（１）・黄５・青１・赤２０１・ホウケイ酸（Ｃａ／Ａｌ）・酸化スズ・カルミン・シリカ<JILN8488>","iln_version_number":"JILN8488","inventory_status":"Active","is_active":true,"is_coming_soon":null,"is_default_sku":false,"is_discountable":true,"is_displayable":null,"is_engravable":null,"is_fragrance":null,"is_giftable":null,"is_giftwrap":false,"is_inactive":null,"is_multi_shaded":null,"is_out_of_stock":null,"is_preorder":false,"is_preorderable":null,"is_promotional":null,"is_replenishable":false,"is_search_suppressed":null,"is_searchable":true,"is_shaded":null,"is_sized":null,"is_sold_out":null,"is_under_weight_hazmat":false,"is_vto_enabled":null,"life_of_product":"Basic Reorder","material_code":"K260120000","media":{"large":[{"alt":"クリニーク ポップ スプラッシュ","height":1200,"position":1,"src":"/media/export/cms/products/1200x1500/cl_sku_K26012_1200x1500_0.png","type":"image","width":1500}],"medium":[{"alt":"クリニーク ポップ スプラッシュ","height":600,"position":2,"src":"/media/export/cms/products/600x750/cl_sku_K26012_600x750_0.png","type":"image","width":750}],"model":null,"poster":null,"small":[{"alt":"クリニーク ポップ スプラッシュ","height":1200,"position":3,"src":"/media/export/cms/products/1200x1500/cl_sku_K26012_1200x1500_0.png","type":"image","width":1500}],"smoosh":[{"alt":"クリニーク ポップ スプラッシュ","height":1200,"position":0,"src":"/media/export/cms/products/1200x1500/swatches_v3/08_ns_mg.png","type":"image","width":1500}],"xl":null},"out_of_stock_threshold":null,"perlgem":{"SKU_BASE_ID":88636},"preorder_date":null,"prices":[{"currency":"JPY","exclude_tax":{"original_price":3200,"original_price_formatted":"¥3,200","price":3200,"price_formatted":"¥3,200","price_per_unit":null,"price_per_unit_formatted":""},"include_tax":{"original_price":3520,"original_price_formatted":"¥3,520","price":3520,"price_formatted":"¥3,520","price_per_unit":null,"price_per_unit_formatted":""},"is_discounted":false}],"purchase_limit":null,"replenishment":{"message":null},"reviews":{"average_rating":null,"number_of_questions":null,"number_of_reviews":null},"set_components":null,"shade_groups":null,"shades":[{"description":"みずみずしく透明感あるコーラルピンク","hex_val":"#E74062","image":{"height":null,"src":"","width":null},"name":"12 ローズウォーター ポップ","smoosh_design":{"group_id":null,"name":"08::none::medium"}}],"sizes":[{"key":1,"value":"3g"}],"skin":{"tone":null,"type":null,"type_description":null},"sku_badge":null,"sku_badge_image":null,"sku_display_order":11,"sku_id":"K26012","sku_promo_messaging":null,"sku_type":"SE","sku_url":null,"tags":{"total":4,"items":[{"id":"4323","key":"just-arrived","value":"Just Arrived"},{"id":"1603","key":"リップグロス","value":"リップグロス"},{"id":"1592","key":"メーク","value":"メーク"},{"id":"19570","key":"おすすめ製品","value":"おすすめ製品"}]},"texture":null,"undertone":null,"unit_of_measure":null,"unit_size":null,"unit_size_formatted":null,"upc":"020714917937","vto":{"is_color_experience":null,"is_foundation_experience":null}},{"color_family":[{"key":"red-color","value":"red_color"}],"coverage_options":null,"cross_sell":null,"display_status":7,"finish":[{"key":"shine-finish","value":"shine_finish"}],"finish_options":[{"key":"shine-finish","value":"shine_finish"}],"fragrances":[{"family":null,"key":null,"value":null}],"iln_listing":"水添ポリイソブテン・ポリブテン・テトライソステアリン酸ペンタエリスリチル・（エチレン／プロピレン／スチレン）コポリマー・安息香酸アルキル（Ｃ１２－１５）・パルミチン酸エチルヘキシル・酢酸トコフェロール・（ブチレン／エチレン／スチレン）コポリマー・（メタクリル酸ラウリル／ジメタクリル酸エチレングリコール）コポリマー・コレステロール・ステアリン酸グリセリル・ジメチルシリル化シリカ・パルミチン酸・オレイン酸・ＢＧ・コレステロール（羊毛）・カプリリルグリコール・グリセリン・水・ヒアルロン酸Ｎａ・スイカ果実エキス・ヘキシレングリコール・硫酸Ｋ・ヒラマメ果実エキス・リンゴエキス・乳酸Ｎａ・ＰＣＡ－Ｎａ・フェノキシエタノール・安息香酸Ｎａ・ソルビン酸Ｋ　＋／－　マイカ・酸化チタン・酸化鉄・赤２２７・ホウケイ酸（Ｃａ／Ｎａ）・硫酸Ｂａ・黄４・赤２０２・赤１０４（１）・黄５・青１・赤２０１・ホウケイ酸（Ｃａ／Ａｌ）・酸化スズ・カルミン・シリカ<JILN8488>","iln_version_number":"JILN8488","inventory_status":"Active","is_active":true,"is_coming_soon":null,"is_default_sku":false,"is_discountable":true,"is_displayable":null,"is_engravable":null,"is_fragrance":null,"is_giftable":null,"is_giftwrap":false,"is_inactive":null,"is_multi_shaded":null,"is_out_of_stock":null,"is_preorder":false,"is_preorderable":null,"is_promotional":null,"is_replenishable":false,"is_search_suppressed":null,"is_searchable":true,"is_shaded":null,"is_sized":null,"is_sold_out":null,"is_under_weight_hazmat":false,"is_vto_enabled":null,"life_of_product":"Basic Reorder","material_code":"K260130000","media":{"large":[{"alt":"クリニーク ポップ スプラッシュ","height":1200,"position":1,"src":"/media/export/cms/products/1200x1500/cl_sku_K26013_1200x1500_0.png","type":"image","width":1500}],"medium":[{"alt":"クリニーク ポップ スプラッシュ","height":600,"position":2,"src":"/media/export/cms/products/600x750/cl_sku_K26013_600x750_0.png","type":"image","width":750}],"model":null,"poster":null,"small":[{"alt":"クリニーク ポップ スプラッシュ","height":1200,"position":3,"src":"/media/export/cms/products/1200x1500/cl_sku_K26013_1200x1500_0.png","type":"image","width":1500}],"smoosh":[{"alt":"クリニーク ポップ スプラッシュ","height":1200,"position":0,"src":"/media/export/cms/products/1200x1500/swatches_v3/08_ns_mg.png","type":"image","width":1500}],"xl":null},"out_of_stock_threshold":null,"perlgem":{"SKU_BASE_ID":88637},"preorder_date":null,"prices":[{"currency":"JPY","exclude_tax":{"original_price":3200,"original_price_formatted":"¥3,200","price":3200,"price_formatted":"¥3,200","price_per_unit":null,"price_per_unit_formatted":""},"include_tax":{"original_price":3520,"original_price_formatted":"¥3,520","price":3520,"price_formatted":"¥3,520","price_per_unit":null,"price_per_unit_formatted":""},"is_discounted":false}],"purchase_limit":null,"replenishment":{"message":null},"reviews":{"average_rating":null,"number_of_questions":null,"number_of_reviews":null},"set_components":null,"shade_groups":null,"shades":[{"description":"キュート&モードが1つで叶うクリアレッド","hex_val":"#D12341","image":{"height":null,"src":"","width":null},"name":"13 ジューシー アップル","smoosh_design":{"group_id":null,"name":"08::none::medium"}}],"sizes":[{"key":1,"value":"3g"}],"skin":{"tone":null,"type":null,"type_description":null},"sku_badge":null,"sku_badge_image":null,"sku_display_order":12,"sku_id":"K26013","sku_promo_messaging":null,"sku_type":"SE","sku_url":null,"tags":{"total":4,"items":[{"id":"4323","key":"just-arrived","value":"Just Arrived"},{"id":"1603","key":"リップグロス","value":"リップグロス"},{"id":"1592","key":"メーク","value":"メーク"},{"id":"19570","key":"おすすめ製品","value":"おすすめ製品"}]},"texture":null,"undertone":null,"unit_of_measure":null,"unit_size":null,"unit_size_formatted":null,"upc":"020714917944","vto":{"is_color_experience":null,"is_foundation_experience":null}},{"color_family":[{"key":"red-color","value":"red_color"}],"coverage_options":null,"cross_sell":null,"display_status":7,"finish":[{"key":"shine-finish","value":"shine_finish"}],"finish_options":[{"key":"shine-finish","value":"shine_finish"}],"fragrances":[{"family":null,"key":null,"value":null}],"iln_listing":"水添ポリイソブテン・ポリブテン・テトライソステアリン酸ペンタエリスリチル・（エチレン／プロピレン／スチレン）コポリマー・安息香酸アルキル（Ｃ１２－１５）・パルミチン酸エチルヘキシル・酢酸トコフェロール・（ブチレン／エチレン／スチレン）コポリマー・（メタクリル酸ラウリル／ジメタクリル酸エチレングリコール）コポリマー・コレステロール・ステアリン酸グリセリル・ジメチルシリル化シリカ・パルミチン酸・オレイン酸・ＢＧ・コレステロール（羊毛）・カプリリルグリコール・グリセリン・水・ヒアルロン酸Ｎａ・スイカ果実エキス・ヘキシレングリコール・硫酸Ｋ・ヒラマメ果実エキス・リンゴエキス・乳酸Ｎａ・ＰＣＡ－Ｎａ・フェノキシエタノール・安息香酸Ｎａ・ソルビン酸Ｋ　＋／－　マイカ・酸化チタン・酸化鉄・赤２２７・ホウケイ酸（Ｃａ／Ｎａ）・硫酸Ｂａ・黄４・赤２０２・赤１０４（１）・黄５・青１・赤２０１・ホウケイ酸（Ｃａ／Ａｌ）・酸化スズ・カルミン・シリカ<JILN8488>","iln_version_number":"JILN8488","inventory_status":"Active","is_active":true,"is_coming_soon":null,"is_default_sku":false,"is_discountable":true,"is_displayable":null,"is_engravable":null,"is_fragrance":null,"is_giftable":null,"is_giftwrap":false,"is_inactive":null,"is_multi_shaded":null,"is_out_of_stock":null,"is_preorder":false,"is_preorderable":null,"is_promotional":null,"is_replenishable":false,"is_search_suppressed":null,"is_searchable":true,"is_shaded":null,"is_sized":null,"is_sold_out":null,"is_under_weight_hazmat":false,"is_vto_enabled":null,"life_of_product":"Basic Reorder","material_code":"K260140000","media":{"large":[{"alt":"クリニーク ポップ スプラッシュ","height":1200,"position":1,"src":"/media/export/cms/products/1200x1500/cl_sku_K26014_1200x1500_0.png","type":"image","width":1500}],"medium":[{"alt":"クリニーク ポップ スプラッシュ","height":600,"position":2,"src":"/media/export/cms/products/600x750/cl_sku_K26014_600x750_0.png","type":"image","width":750}],"model":null,"poster":null,"small":[{"alt":"クリニーク ポップ スプラッシュ","height":1200,"position":3,"src":"/media/export/cms/products/1200x1500/cl_sku_K26014_1200x1500_0.png","type":"image","width":1500}],"smoosh":[{"alt":"クリニーク ポップ スプラッシュ","height":1200,"position":0,"src":"/media/export/cms/products/1200x1500/swatches_v3/08_ns_mg.png","type":"image","width":1500}],"xl":null},"out_of_stock_threshold":null,"perlgem":{"SKU_BASE_ID":88638},"preorder_date":null,"prices":[{"currency":"JPY","exclude_tax":{"original_price":3200,"original_price_formatted":"¥3,200","price":3200,"price_formatted":"¥3,200","price_per_unit":null,"price_per_unit_formatted":""},"include_tax":{"original_price":3520,"original_price_formatted":"¥3,520","price":3520,"price_formatted":"¥3,520","price_per_unit":null,"price_per_unit_formatted":""},"is_discounted":false}],"purchase_limit":null,"replenishment":{"message":null},"reviews":{"average_rating":null,"number_of_questions":null,"number_of_reviews":null},"set_components":null,"shade_groups":null,"shades":[{"description":"華やかに色づくフルーティー レッド","hex_val":"#79213D","image":{"height":null,"src":"","width":null},"name":"14 フルーティー ポップ","smoosh_design":{"group_id":null,"name":"08::none::medium"}}],"sizes":[{"key":1,"value":"3g"}],"skin":{"tone":null,"type":null,"type_description":null},"sku_badge":null,"sku_badge_image":null,"sku_display_order":13,"sku_id":"K26014","sku_promo_messaging":null,"sku_type":"SE","sku_url":null,"tags":{"total":4,"items":[{"id":"4323","key":"just-arrived","value":"Just Arrived"},{"id":"1603","key":"リップグロス","value":"リップグロス"},{"id":"1592","key":"メーク","value":"メーク"},{"id":"19570","key":"おすすめ製品","value":"おすすめ製品"}]},"texture":null,"undertone":null,"unit_of_measure":null,"unit_size":null,"unit_size_formatted":null,"upc":"020714917951","vto":{"is_color_experience":null,"is_foundation_experience":null}},{"color_family":[{"key":"violet-color","value":"violet_color"}],"coverage_options":null,"cross_sell":null,"display_status":7,"finish":[{"key":"shine-finish","value":"shine_finish"}],"finish_options":[{"key":"shine-finish","value":"shine_finish"}],"fragrances":[{"family":null,"key":null,"value":null}],"iln_listing":"水添ポリイソブテン・ポリブテン・テトライソステアリン酸ペンタエリスリチル・（エチレン／プロピレン／スチレン）コポリマー・安息香酸アルキル（Ｃ１２－１５）・パルミチン酸エチルヘキシル・酢酸トコフェロール・（ブチレン／エチレン／スチレン）コポリマー・（メタクリル酸ラウリル／ジメタクリル酸エチレングリコール）コポリマー・コレステロール・ステアリン酸グリセリル・ジメチルシリル化シリカ・パルミチン酸・オレイン酸・ＢＧ・コレステロール（羊毛）・カプリリルグリコール・グリセリン・水・ヒアルロン酸Ｎａ・スイカ果実エキス・ヘキシレングリコール・硫酸Ｋ・ヒラマメ果実エキス・リンゴエキス・乳酸Ｎａ・ＰＣＡ－Ｎａ・フェノキシエタノール・安息香酸Ｎａ・ソルビン酸Ｋ　＋／－　マイカ・酸化チタン・酸化鉄・赤２２７・ホウケイ酸（Ｃａ／Ｎａ）・硫酸Ｂａ・黄４・赤２０２・赤１０４（１）・黄５・青１・赤２０１・ホウケイ酸（Ｃａ／Ａｌ）・酸化スズ・カルミン・シリカ<JILN8488>","iln_version_number":"JILN8488","inventory_status":"Active","is_active":true,"is_coming_soon":null,"is_default_sku":false,"is_discountable":true,"is_displayable":null,"is_engravable":null,"is_fragrance":null,"is_giftable":null,"is_giftwrap":false,"is_inactive":null,"is_multi_shaded":null,"is_out_of_stock":null,"is_preorder":false,"is_preorderable":null,"is_promotional":null,"is_replenishable":false,"is_search_suppressed":null,"is_searchable":true,"is_shaded":null,"is_sized":null,"is_sold_out":null,"is_under_weight_hazmat":false,"is_vto_enabled":null,"life_of_product":"Basic Reorder","material_code":"K260180000","media":{"large":[{"alt":"クリニーク ポップ スプラッシュ","height":1200,"position":1,"src":"/media/export/cms/products/1200x1500/cl_sku_K26018_1200x1500_0.png","type":"image","width":1500}],"medium":[{"alt":"クリニーク ポップ スプラッシュ","height":600,"position":2,"src":"/media/export/cms/products/600x750/cl_sku_K26018_600x750_0.png","type":"image","width":750}],"model":null,"poster":null,"small":[{"alt":"クリニーク ポップ スプラッシュ","height":1200,"position":3,"src":"/media/export/cms/products/1200x1500/cl_sku_K26018_1200x1500_0.png","type":"image","width":1500}],"smoosh":[{"alt":"クリニーク ポップ スプラッシュ","height":1200,"position":0,"src":"/media/export/cms/products/1200x1500/swatches_v3/08_ns_mg.png","type":"image","width":1500}],"xl":null},"out_of_stock_threshold":null,"perlgem":{"SKU_BASE_ID":88643},"preorder_date":null,"prices":[{"currency":"JPY","exclude_tax":{"original_price":3200,"original_price_formatted":"¥3,200","price":3200,"price_formatted":"¥3,200","price_per_unit":null,"price_per_unit_formatted":""},"include_tax":{"original_price":3520,"original_price_formatted":"¥3,520","price":3520,"price_formatted":"¥3,520","price_per_unit":null,"price_per_unit_formatted":""},"is_discounted":false}],"purchase_limit":null,"replenishment":{"message":null},"reviews":{"average_rating":null,"number_of_questions":null,"number_of_reviews":null},"set_components":null,"shade_groups":null,"shades":[{"description":"魅惑的な口もとを演出する大人ワインレッド","hex_val":"#842542","image":{"height":null,"src":"","width":null},"name":"18 ピノ ポップ","smoosh_design":{"group_id":null,"name":"08::none::medium"}}],"sizes":[{"key":1,"value":"3g"}],"skin":{"tone":null,"type":null,"type_description":null},"sku_badge":null,"sku_badge_image":null,"sku_display_order":17,"sku_id":"K26018","sku_promo_messaging":null,"sku_type":"SE","sku_url":null,"tags":{"total":4,"items":[{"id":"4323","key":"just-arrived","value":"Just Arrived"},{"id":"1603","key":"リップグロス","value":"リップグロス"},{"id":"1592","key":"メーク","value":"メーク"},{"id":"19570","key":"おすすめ製品","value":"おすすめ製品"}]},"texture":null,"undertone":null,"unit_of_measure":null,"unit_size":null,"unit_size_formatted":null,"upc":"020714917999","vto":{"is_color_experience":null,"is_foundation_experience":null}}]},"sub_display_name":"クリニーク ポップ スプラッシュ","sub_header":null,"tags":{"total":5,"items":[{"id":"4323","key":"just-arrived","parent_tag_id":null,"product_display_order":0,"value":"Just Arrived"},{"id":"1603","key":"リップグロス","parent_tag_id":"1592","product_display_order":0,"value":"リップグロス"},{"id":"1592","key":"メーク","parent_tag_id":null,"product_display_order":65,"value":"メーク"},{"id":"19570","key":"おすすめ製品","parent_tag_id":"1000020","product_display_order":83,"value":"おすすめ製品"},{"id":"13770","key":"gwp","parent_tag_id":null,"product_display_order":0,"value":"GWP"}]},"usage":[{"content":null,"label":"PRODUCT USAGE","type":"product_usage"},{"content":null,"label":"HOW DOES IT WORK","type":"how_does_it_work"},{"content":null,"label":"WHO IT IS FOR","type":"who_it_is_for"},{"content":null,"label":"GREAT TO KNOW","type":"great_to_know"},{"content":null,"label":"WHAT_IT_DOES","type":"what_it_does"},{"content":null,"label":"WHAT_IT_IS","type":"what_it_is"}],"objectID":"55010"},{"benefit":{"statement":null,"benefits":null},"brand":null,"collection":null,"coverage":null,"cross_sell":[{"sku_id":"Z21901","sort_key":1},{"sku_id":"Z4KH01","sort_key":2},{"sku_id":"67F901","sort_key":3},{"sku_id":"Z4RN01","sort_key":4},{"sku_id":null,"sort_key":5},{"sku_id":"ZN9K01","sort_key":6}],"default_category":{"id":"1619","key":"セットギフト"},"description":"<b>What It Is</b><br>A trio of daily face products for men with drier skins, in sizes perfect for home and away.<br><br><b>What It Does</b><br>This set of customized formulas keeps skin feeling smooth and comfortable anytime, anywhere. Non-drying Charcoal Face Wash draws out pore-clogging dirt and excess oil, while the luxurious Cream Shave provides a rich buffer against razor drag and nicks. A full-size Moisturizing Lotion absorbs quickly, delivering weightless all-day hydration plus skin-strengthening ingredients. Simple solutions for healthy-looking, revitalized skin—now at a great value.<br><br><b>Great To Know</b><br>Allergy Tested. 100% Fragrance Free.<br><br><b>Set Includes:</b><br>- Clinique For Men™ Charcoal Face Wash, 1.7 fl. oz. / 50 ml<br>- Clinique For Men™ Cream Shave, 2 fl. oz. / 60 ml<br>- Clinique For Men™ Moisturizing Lotion, 3.4 fl. oz. / 100 ml","display_mode":null,"display_name":"Clinique For Men™ Daily Hydration Set","display_status":1,"finish":null,"form":null,"formula_type":null,"fragrance_family":null,"indexable_keywords":null,"is_hazmat":false,"is_product_coming_soon":null,"is_product_displayable":true,"is_product_searchable":true,"is_product_shoppable":false,"is_product_sold_out":null,"is_product_temporarily_out_of_stock":null,"is_search_suppressed":null,"key_ingredient":null,"media":{"large":null,"medium":null,"poster":null,"small":null,"videos":[{"position":null,"poster":{"height":null,"src":null,"width":null},"provider":null,"src":null},{"position":null,"poster":{"height":null,"src":null,"width":null},"provider":null,"src":null},{"position":null,"poster":{"height":null,"src":null,"width":null},"provider":null,"src":null}],"xl":null},"meta":{"description":null,"keywords":"cfm, men"},"parent_category":[{"id":"1619","value":"セット＆ギフト"},{"id":"1618","value":"メンズセット＆ギフト"},{"id":"1609","value":"メンズ"}],"product_badge":null,"product_id":"55013","product_title_tag":null,"product_type":"Other","product_url":"/product/1619/55013/clinique-for-mentm-daily-hydration-set/clinique-for-mentm-daily-hydration-set","reviews":{"average_rating":null,"number_of_questions":null,"number_of_reviews":null},"shade_groups":null,"short_description":"A trio of daily face products for men with drier skins, in sizes perfect for home and away.","skin":null,"skin_goal":null,"skus":{"total":1,"items":[{"color_family":null,"coverage_options":null,"cross_sell":null,"display_status":1,"finish":null,"finish_options":null,"fragrances":[{"family":null,"key":null,"value":null}],"iln_listing":null,"iln_version_number":null,"inventory_status":"Sold Out","is_active":null,"is_coming_soon":null,"is_default_sku":false,"is_discountable":true,"is_displayable":null,"is_engravable":null,"is_fragrance":null,"is_giftable":null,"is_giftwrap":false,"is_inactive":null,"is_multi_shaded":null,"is_out_of_stock":null,"is_preorder":false,"is_preorderable":null,"is_promotional":null,"is_replenishable":false,"is_search_suppressed":null,"is_searchable":true,"is_shaded":null,"is_sized":null,"is_sold_out":true,"is_under_weight_hazmat":false,"is_vto_enabled":null,"life_of_product":"Limited life","material_code":"K8MY010000","media":{"large":[{"alt":"Clinique For Men™ Daily Hydration Set","height":1200,"position":0,"src":"/media/export/cms/products/1200x1500/cl_sku_K8MY01_1200x1500_0.png","type":"image","width":1500}],"medium":[{"alt":"Clinique For Men™ Daily Hydration Set","height":600,"position":1,"src":"/media/export/cms/products/600x750/cl_sku_K8MY01_600x750_0.png","type":"image","width":750}],"model":null,"poster":null,"small":[{"alt":"Clinique For Men™ Daily Hydration Set","height":1200,"position":2,"src":"/media/export/cms/products/1200x1500/cl_sku_K8MY01_1200x1500_0.png","type":"image","width":1500}],"smoosh":null,"xl":null},"out_of_stock_threshold":null,"perlgem":{"SKU_BASE_ID":88657},"preorder_date":null,"prices":[{"currency":"JPY","exclude_tax":{"original_price":27,"original_price_formatted":"¥27","price":27,"price_formatted":"¥27","price_per_unit":null,"price_per_unit_formatted":""},"include_tax":{"original_price":29,"original_price_formatted":"¥29","price":29,"price_formatted":"¥29","price_per_unit":null,"price_per_unit_formatted":""},"is_discounted":false}],"purchase_limit":null,"replenishment":{"message":null},"reviews":{"average_rating":null,"number_of_questions":null,"number_of_reviews":null},"set_components":null,"shade_groups":null,"shades":null,"sizes":[{"key":1,"value":null}],"skin":{"tone":null,"type":null,"type_description":null},"sku_badge":null,"sku_badge_image":null,"sku_display_order":0,"sku_id":"K8MY01","sku_promo_messaging":null,"sku_type":"SE","sku_url":null,"tags":{"total":1,"items":[{"id":"1619","key":"セットギフト","value":"セット＆ギフト"}]},"texture":null,"undertone":null,"unit_of_measure":null,"unit_size":null,"unit_size_formatted":null,"upc":"020714933111","vto":{"is_color_experience":null,"is_foundation_experience":null}}]},"sub_display_name":null,"sub_header":null,"tags":{"total":1,"items":[{"id":"1619","key":"セットギフト","parent_tag_id":"1618","product_display_order":18,"value":"セット＆ギフト"}]},"usage":[{"content":null,"label":"PRODUCT USAGE","type":"product_usage"},{"content":null,"label":"HOW DOES IT WORK","type":"how_does_it_work"},{"content":null,"label":"WHO IT IS FOR","type":"who_it_is_for"},{"content":null,"label":"GREAT TO KNOW","type":"great_to_know"},{"content":null,"label":"WHAT_IT_DOES","type":"what_it_does"},{"content":null,"label":"WHAT_IT_IS","type":"what_it_is"}],"objectID":"55013"},{"benefit":{"statement":null,"benefits":null},"brand":null,"collection":null,"coverage":null,"cross_sell":[{"sku_id":"Z4KJ01","sort_key":1},{"sku_id":"Z21801","sort_key":2},{"sku_id":null,"sort_key":3},{"sku_id":"65EN01","sort_key":4},{"sku_id":"6FWR01","sort_key":5}],"default_category":{"id":"1619","key":"セットギフト"},"description":"<b>What It Is</b><br>A trio of daily face products for men with oiler skins, in sizes perfect for home and away.<br><br><b>What It Does</b><br>This set of customized formulas keeps skin clear and shine-free anytime, anywhere. Oil Control Face Wash thoroughly cleanses and removes excess oil, while the luxurious Cream Shave provides a rich buffer against razor drag and nicks. A full-size Mattifying Moisturizer delivers lightweight, oil-free hydration and skin-strengthening ingredients, plus helps skin stay matte all day. Simple solutions for healthy, balanced skin—now at a great value.<br><br><b>Great To Know</b><br>Allergy Tested. 100% Fragrance Free.<br><br><b>Set Includes:</b><br>- Clinique For Men™ Oil Control Face Wash, 1.7 fl. oz. / 50 ml<br>- Clinique For Men™ Cream Shave, 2 fl. oz. / 60 ml<br>- Clinique For Men™ Oil Control Mattifying Moisturizer, 3.4 fl. oz. / 100 ml","display_mode":null,"display_name":"Clinique For Men™ Daily Oil Control Set","display_status":1,"finish":null,"form":null,"formula_type":null,"fragrance_family":null,"indexable_keywords":null,"is_hazmat":false,"is_product_coming_soon":null,"is_product_displayable":true,"is_product_searchable":true,"is_product_shoppable":false,"is_product_sold_out":null,"is_product_temporarily_out_of_stock":null,"is_search_suppressed":null,"key_ingredient":null,"media":{"large":null,"medium":null,"poster":null,"small":null,"videos":[{"position":null,"poster":{"height":null,"src":null,"width":null},"provider":null,"src":null},{"position":null,"poster":{"height":null,"src":null,"width":null},"provider":null,"src":null},{"position":null,"poster":{"height":null,"src":null,"width":null},"provider":null,"src":null}],"xl":null},"meta":{"description":null,"keywords":"cfm, men"},"parent_category":[{"id":"1619","value":"セット＆ギフト"},{"id":"1618","value":"メンズセット＆ギフト"},{"id":"1609","value":"メンズ"}],"product_badge":null,"product_id":"55027","product_title_tag":null,"product_type":"Other","product_url":"/product/1619/55027/clinique-for-mentm-daily-oil-control-set/clinique-for-mentm-daily-oil-control-set","reviews":{"average_rating":null,"number_of_questions":null,"number_of_reviews":null},"shade_groups":null,"short_description":"A trio of daily face products for men with oiler skins, in sizes perfect for home and away.","skin":null,"skin_goal":null,"skus":{"total":1,"items":[{"color_family":null,"coverage_options":null,"cross_sell":null,"display_status":1,"finish":null,"finish_options":null,"fragrances":[{"family":null,"key":null,"value":null}],"iln_listing":null,"iln_version_number":null,"inventory_status":"Sold Out","is_active":null,"is_coming_soon":null,"is_default_sku":false,"is_discountable":true,"is_displayable":null,"is_engravable":null,"is_fragrance":null,"is_giftable":null,"is_giftwrap":false,"is_inactive":null,"is_multi_shaded":null,"is_out_of_stock":null,"is_preorder":false,"is_preorderable":null,"is_promotional":null,"is_replenishable":false,"is_search_suppressed":null,"is_searchable":true,"is_shaded":null,"is_sized":null,"is_sold_out":true,"is_under_weight_hazmat":false,"is_vto_enabled":null,"life_of_product":"Limited life","material_code":"K8N0010000","media":{"large":[{"alt":"Clinique For Men™ Daily Oil Control Set","height":1200,"position":0,"src":"/media/export/cms/products/1200x1500/cl_sku_K8N001_1200x1500_0.png","type":"image","width":1500}],"medium":[{"alt":"Clinique For Men™ Daily Oil Control Set","height":600,"position":1,"src":"/media/export/cms/products/600x750/cl_sku_K8N001_600x750_0.png","type":"image","width":750}],"model":null,"poster":null,"small":[{"alt":"Clinique For Men™ Daily Oil Control Set","height":1200,"position":2,"src":"/media/export/cms/products/1200x1500/cl_sku_K8N001_1200x1500_0.png","type":"image","width":1500}],"smoosh":null,"xl":null},"out_of_stock_threshold":null,"perlgem":{"SKU_BASE_ID":88670},"preorder_date":null,"prices":[{"currency":"JPY","exclude_tax":{"original_price":37,"original_price_formatted":"¥37","price":37,"price_formatted":"¥37","price_per_unit":null,"price_per_unit_formatted":""},"include_tax":{"original_price":40,"original_price_formatted":"¥40","price":40,"price_formatted":"¥40","price_per_unit":null,"price_per_unit_formatted":""},"is_discounted":false}],"purchase_limit":null,"replenishment":{"message":null},"reviews":{"average_rating":null,"number_of_questions":null,"number_of_reviews":null},"set_components":null,"shade_groups":null,"shades":null,"sizes":[{"key":1,"value":null}],"skin":{"tone":null,"type":null,"type_description":null},"sku_badge":null,"sku_badge_image":null,"sku_display_order":0,"sku_id":"K8N001","sku_promo_messaging":null,"sku_type":"SE","sku_url":null,"tags":{"total":1,"items":[{"id":"1619","key":"セットギフト","value":"セット＆ギフト"}]},"texture":null,"undertone":null,"unit_of_measure":null,"unit_size":null,"unit_size_formatted":null,"upc":"020714933128","vto":{"is_color_experience":null,"is_foundation_experience":null}}]},"sub_display_name":null,"sub_header":null,"tags":{"total":1,"items":[{"id":"1619","key":"セットギフト","parent_tag_id":"1618","product_display_order":21,"value":"セット＆ギフト"}]},"usage":[{"content":null,"label":"PRODUCT USAGE","type":"product_usage"},{"content":null,"label":"HOW DOES IT WORK","type":"how_does_it_work"},{"content":null,"label":"WHO IT IS FOR","type":"who_it_is_for"},{"content":null,"label":"GREAT TO KNOW","type":"great_to_know"},{"content":null,"label":"WHAT_IT_DOES","type":"what_it_does"},{"content":null,"label":"WHAT_IT_IS","type":"what_it_is"}],"objectID":"55027"},{"benefit":{"statement":null,"benefits":null},"brand":null,"collection":null,"coverage":null,"cross_sell":[{"sku_id":"6F4A01","sort_key":1},{"sku_id":"6F3701","sort_key":2},{"sku_id":"645J01","sort_key":3},{"sku_id":"6CY401","sort_key":4},{"sku_id":"6AJX01","sort_key":5},{"sku_id":"63N2FC","sort_key":6}],"default_category":{"id":"1595","key":"アイブロー"},"description":"<P>自然な印象の眉に仕上がる、パウダー タイプのアイブロー。</P>","display_mode":null,"display_name":"ブロー シェイパー","display_status":7,"finish":null,"form":null,"formula_type":null,"fragrance_family":null,"indexable_keywords":[{"value":"color"},{"value":"カラー"},{"value":"メークアップ"},{"value":"メイクアップ"},{"value":"眉墨"},{"value":"アイブロウ"},{"value":"アイブロー"},{"value":"eyebrow"},{"value":"eyebrows"},{"value":"eye brow"},{"value":"makeup make up"}],"is_hazmat":false,"is_product_coming_soon":null,"is_product_displayable":true,"is_product_searchable":true,"is_product_shoppable":true,"is_product_sold_out":null,"is_product_temporarily_out_of_stock":null,"is_search_suppressed":null,"key_ingredient":null,"media":{"large":null,"medium":null,"poster":null,"small":null,"videos":[{"position":null,"poster":{"height":null,"src":null,"width":null},"provider":null,"src":null},{"position":null,"poster":{"height":null,"src":null,"width":null},"provider":null,"src":null},{"position":null,"poster":{"height":null,"src":null,"width":null},"provider":null,"src":null}],"xl":null},"meta":{"description":null,"keywords":"eyebrow"},"parent_category":[{"id":"1595","value":"アイブロー"},{"id":"1592","value":"メーク"}],"product_badge":null,"product_id":"5634","product_title_tag":null,"product_type":"Shaded","product_url":"/product/1595/5634/brow-shaper","reviews":{"average_rating":null,"number_of_questions":null,"number_of_reviews":null},"shade_groups":null,"short_description":"<P>自然な印象の眉に仕上がる、パウダータイプのアイブロー。</P>","skin":null,"skin_goal":null,"skus":{"total":2,"items":[{"color_family":null,"coverage_options":null,"cross_sell":null,"display_status":7,"finish":null,"finish_options":null,"fragrances":[{"family":null,"key":null,"value":null}],"iln_listing":"タルク・セスキオレイン酸ソルビタン・ステアリン酸亜鉛・プロピオン酸アラキル・フェノキシエタノール・メチルパラベン・ソルビン酸Ｋ・プロピルパラベン・トコフェロール・ブチルパラベン・デヒドロ酢酸Ｎａ　＋／－　酸化鉄・酸化チタン・オキシ塩化ビスマス・グンジョウ<JILN2407>","iln_version_number":"JILN2407","inventory_status":"Active","is_active":true,"is_coming_soon":null,"is_default_sku":false,"is_discountable":true,"is_displayable":null,"is_engravable":null,"is_fragrance":null,"is_giftable":null,"is_giftwrap":false,"is_inactive":null,"is_multi_shaded":null,"is_out_of_stock":null,"is_preorder":false,"is_preorderable":null,"is_promotional":null,"is_replenishable":false,"is_search_suppressed":null,"is_searchable":true,"is_shaded":null,"is_sized":null,"is_sold_out":null,"is_under_weight_hazmat":false,"is_vto_enabled":null,"life_of_product":"Basic Reorder","material_code":"6346010001","media":{"large":[{"alt":"ブロー シェイパー","height":1200,"position":1,"src":"/media/export/cms/products/1200x1500/cl_sku_634601_1200x1500_0.png","type":"image","width":1500}],"medium":[{"alt":"ブロー シェイパー","height":600,"position":2,"src":"/media/export/cms/products/600x750/cl_sku_634601_600x750_0.png","type":"image","width":750}],"model":null,"poster":null,"small":[{"alt":"ブロー シェイパー","height":1200,"position":3,"src":"/media/export/cms/products/1200x1500/cl_sku_634601_1200x1500_0.png","type":"image","width":1500}],"smoosh":[{"alt":"ブロー シェイパー","height":1200,"position":0,"src":"/media/export/cms/products/1200x1500/swatches_v3/02_ns_ng.png","type":"image","width":1500}],"xl":null},"out_of_stock_threshold":null,"perlgem":{"SKU_BASE_ID":11894},"preorder_date":null,"prices":[{"currency":"JPY","exclude_tax":{"original_price":4000,"original_price_formatted":"¥4,000","price":4000,"price_formatted":"¥4,000","price_per_unit":null,"price_per_unit_formatted":""},"include_tax":{"original_price":4400,"original_price_formatted":"¥4,400","price":4400,"price_formatted":"¥4,400","price_per_unit":null,"price_per_unit_formatted":""},"is_discounted":false}],"purchase_limit":null,"replenishment":{"message":"Never run low on your favourites. Sign up for Auto-Ship. Learn more >"},"reviews":{"average_rating":null,"number_of_questions":null,"number_of_reviews":null},"set_components":null,"shade_groups":null,"shades":[{"description":"深みのある ブラウン","hex_val":"#7b5e48","image":{"height":null,"src":"","width":null},"name":"01 シェイビング トープ","smoosh_design":{"group_id":null,"name":"02::none::none"}}],"sizes":[{"key":1,"value":null}],"skin":{"tone":null,"type":null,"type_description":null},"sku_badge":null,"sku_badge_image":null,"sku_display_order":0,"sku_id":"634601","sku_promo_messaging":null,"sku_type":"SE","sku_url":null,"tags":{"total":3,"items":[{"id":"1595","key":"アイブロー","value":"アイブロー"},{"id":"27172","key":"day5flashsale","value":"Day5FlashSale"},{"id":"27171","key":"day4flashsale","value":"Day4FlashSale"}]},"texture":null,"undertone":null,"unit_of_measure":null,"unit_size":null,"unit_size_formatted":null,"upc":"020714000929","vto":{"is_color_experience":null,"is_foundation_experience":null}},{"color_family":null,"coverage_options":null,"cross_sell":null,"display_status":7,"finish":null,"finish_options":null,"fragrances":[{"family":null,"key":null,"value":null}],"iln_listing":"タルク・セスキオレイン酸ソルビタン・ステアリン酸亜鉛・プロピオン酸アラキル・フェノキシエタノール・メチルパラベン・ソルビン酸Ｋ・プロピルパラベン・トコフェロール・ブチルパラベン・デヒドロ酢酸Ｎａ　＋／－　酸化鉄・酸化チタン・オキシ塩化ビスマス・グンジョウ<JILN2407>","iln_version_number":"JILN2407","inventory_status":"Active","is_active":true,"is_coming_soon":null,"is_default_sku":false,"is_discountable":true,"is_displayable":null,"is_engravable":null,"is_fragrance":null,"is_giftable":null,"is_giftwrap":false,"is_inactive":null,"is_multi_shaded":null,"is_out_of_stock":null,"is_preorder":false,"is_preorderable":null,"is_promotional":null,"is_replenishable":false,"is_search_suppressed":null,"is_searchable":true,"is_shaded":null,"is_sized":null,"is_sold_out":null,"is_under_weight_hazmat":false,"is_vto_enabled":null,"life_of_product":"Basic Reorder","material_code":"6346050001","media":{"large":[{"alt":"ブロー シェイパー","height":1200,"position":1,"src":"/media/export/cms/products/1200x1500/cl_sku_634605_1200x1500_0.png","type":"image","width":1500}],"medium":[{"alt":"ブロー シェイパー","height":600,"position":2,"src":"/media/export/cms/products/600x750/cl_sku_634605_600x750_0.png","type":"image","width":750}],"model":null,"poster":null,"small":[{"alt":"ブロー シェイパー","height":1200,"position":3,"src":"/media/export/cms/products/1200x1500/cl_sku_634605_1200x1500_0.png","type":"image","width":1500}],"smoosh":[{"alt":"ブロー シェイパー","height":1200,"position":0,"src":"/media/export/cms/products/1200x1500/swatches_v3/02_ns_ng.png","type":"image","width":1500}],"xl":null},"out_of_stock_threshold":null,"perlgem":{"SKU_BASE_ID":11896},"preorder_date":null,"prices":[{"currency":"JPY","exclude_tax":{"original_price":4000,"original_price_formatted":"¥4,000","price":4000,"price_formatted":"¥4,000","price_per_unit":null,"price_per_unit_formatted":""},"include_tax":{"original_price":4400,"original_price_formatted":"¥4,400","price":4400,"price_formatted":"¥4,400","price_per_unit":null,"price_per_unit_formatted":""},"is_discounted":false}],"purchase_limit":null,"replenishment":{"message":"Never run low on your favourites. Sign up for Auto-Ship. Learn more >"},"reviews":{"average_rating":null,"number_of_questions":null,"number_of_reviews":null},"set_components":null,"shade_groups":null,"shades":[{"description":"グレーがかったダークブラウン","hex_val":"#896a5f","image":{"height":null,"src":"","width":null},"name":"05 チャコール","smoosh_design":{"group_id":null,"name":"02::none::none"}}],"sizes":[{"key":1,"value":null}],"skin":{"tone":null,"type":null,"type_description":null},"sku_badge":null,"sku_badge_image":null,"sku_display_order":0,"sku_id":"634605","sku_promo_messaging":null,"sku_type":"SE","sku_url":null,"tags":{"total":4,"items":[{"id":"1595","key":"アイブロー","value":"アイブロー"},{"id":"27172","key":"day5flashsale","value":"Day5FlashSale"},{"id":"27171","key":"day4flashsale","value":"Day4FlashSale"},{"id":"27174","key":"day7flashsale","value":"Day7FlashSale"}]},"texture":null,"undertone":null,"unit_of_measure":null,"unit_size":null,"unit_size_formatted":null,"upc":"020714002022","vto":{"is_color_experience":null,"is_foundation_experience":null}}]},"sub_display_name":"ブロー シェイパー","sub_header":null,"tags":{"total":4,"items":[{"id":"1595","key":"アイブロー","parent_tag_id":"1592","product_display_order":2,"value":"アイブロー"},{"id":"27172","key":"day5flashsale","parent_tag_id":"1590","product_display_order":0,"value":"Day5FlashSale"},{"id":"27171","key":"day4flashsale","parent_tag_id":"1590","product_display_order":58,"value":"Day4FlashSale"},{"id":"27174","key":"day7flashsale","parent_tag_id":"1590","product_display_order":0,"value":"Day7FlashSale"}]},"usage":[{"content":"付属のブラシ、または、アイ　ディファイナー　ブラシにパウダーを取り、眉毛をとかすようにつけます。","label":"PRODUCT USAGE","type":"product_usage"},{"content":null,"label":"HOW DOES IT WORK","type":"how_does_it_work"},{"content":null,"label":"WHO IT IS FOR","type":"who_it_is_for"},{"content":null,"label":"GREAT TO KNOW","type":"great_to_know"},{"content":null,"label":"WHAT_IT_DOES","type":"what_it_does"},{"content":null,"label":"WHAT_IT_IS","type":"what_it_is"}],"objectID":"5634"},{"benefit":{"statement":null,"benefits":null},"brand":null,"collection":null,"coverage":null,"cross_sell":null,"default_category":{"id":"13659","key":"トライアルサイズ"},"description":"Our travel size Pep-Start Pout Perfecting Balm provides instant hydration and lasting moisturization to lips. One smooth, even swipe hydrates and conditions, leaving lips feeling soothed and comfortable. Perfect to wear alone or under lipstick for an extra moisture boost.","display_mode":null,"display_name":"Travel Size - Clinique Pep-Start™ Pout Perfecting Balm","display_status":1,"finish":null,"form":null,"formula_type":null,"fragrance_family":null,"indexable_keywords":null,"is_hazmat":false,"is_product_coming_soon":null,"is_product_displayable":true,"is_product_searchable":true,"is_product_shoppable":false,"is_product_sold_out":null,"is_product_temporarily_out_of_stock":null,"is_search_suppressed":null,"key_ingredient":null,"media":{"large":null,"medium":null,"poster":null,"small":null,"videos":[{"position":null,"poster":{"height":null,"src":null,"width":null},"provider":null,"src":null},{"position":null,"poster":{"height":null,"src":null,"width":null},"provider":null,"src":null},{"position":null,"poster":{"height":null,"src":null,"width":null},"provider":null,"src":null}],"xl":null},"meta":{"description":null,"keywords":null},"parent_category":[{"id":"13659","value":"トライアルサイズ"},{"id":"1667","value":"スキンケア"}],"product_badge":null,"product_id":"56415","product_title_tag":null,"product_type":"Shaded","product_url":"/product/13659/56415/travel-size--clinique-pep-starttm-pout-perfecting-balm/travel-size--clinique-pep-starttm-pout-perfecting-balm","reviews":{"average_rating":null,"number_of_questions":null,"number_of_reviews":null},"shade_groups":null,"short_description":"Pep-Start Pout Perfecting Balm provides instant hydration and lasting moisturization to lips. ","skin":null,"skin_goal":null,"skus":{"total":1,"items":[{"color_family":null,"coverage_options":null,"cross_sell":null,"display_status":1,"finish":null,"finish_options":null,"fragrances":[{"family":null,"key":null,"value":null}],"iln_listing":null,"iln_version_number":null,"inventory_status":"Sold Out","is_active":null,"is_coming_soon":null,"is_default_sku":false,"is_discountable":true,"is_displayable":null,"is_engravable":null,"is_fragrance":null,"is_giftable":null,"is_giftwrap":false,"is_inactive":null,"is_multi_shaded":null,"is_out_of_stock":null,"is_preorder":false,"is_preorderable":null,"is_promotional":null,"is_replenishable":false,"is_search_suppressed":null,"is_searchable":true,"is_shaded":null,"is_sized":null,"is_sold_out":true,"is_under_weight_hazmat":false,"is_vto_enabled":null,"life_of_product":"Limited life","material_code":"K782030000","media":{"large":[{"alt":"Travel Size - Clinique Pep-Start™ Pout Perfecting Balm","height":1200,"position":1,"src":"/media/export/cms/products/1200x1500/cl_sku_K78203_1200x1500_0.png","type":"image","width":1500}],"medium":[{"alt":"Travel Size - Clinique Pep-Start™ Pout Perfecting Balm","height":600,"position":2,"src":"/media/export/cms/products/600x750/cl_sku_K78203_600x750_0.png","type":"image","width":750}],"model":null,"poster":null,"small":[{"alt":"Travel Size - Clinique Pep-Start™ Pout Perfecting Balm","height":1200,"position":3,"src":"/media/export/cms/products/1200x1500/cl_sku_K78203_1200x1500_0.png","type":"image","width":1500}],"smoosh":[{"alt":"Travel Size - Clinique Pep-Start™ Pout Perfecting Balm","height":1200,"position":0,"src":"/media/export/cms/products/1200x1500/swatches_v3/83_ns_ng.png","type":"image","width":1500}],"xl":null},"out_of_stock_threshold":null,"perlgem":{"SKU_BASE_ID":90535},"preorder_date":null,"prices":[{"currency":"JPY","exclude_tax":{"original_price":4.5,"original_price_formatted":"¥4.5","price":4.5,"price_formatted":"¥4.5","price_per_unit":null,"price_per_unit_formatted":""},"include_tax":{"original_price":4,"original_price_formatted":"¥4","price":4,"price_formatted":"¥4","price_per_unit":null,"price_per_unit_formatted":""},"is_discounted":false}],"purchase_limit":null,"replenishment":{"message":null},"reviews":{"average_rating":null,"number_of_questions":null,"number_of_reviews":null},"set_components":null,"shade_groups":null,"shades":[{"description":"","hex_val":"#EC4F80","image":{"height":null,"src":"","width":null},"name":"Guava","smoosh_design":{"group_id":null,"name":"83::none::none"}}],"sizes":[{"key":1,"value":"1.4 g"}],"skin":{"tone":null,"type":null,"type_description":null},"sku_badge":null,"sku_badge_image":null,"sku_display_order":0,"sku_id":"K78203","sku_promo_messaging":null,"sku_type":"SE","sku_url":null,"tags":{"total":1,"items":[{"id":"13659","key":"トライアルサイズ","value":"トライアルサイズ"}]},"texture":null,"undertone":null,"unit_of_measure":null,"unit_size":null,"unit_size_formatted":null,"upc":"020714920067","vto":{"is_color_experience":null,"is_foundation_experience":null}}]},"sub_display_name":null,"sub_header":null,"tags":{"total":1,"items":[{"id":"13659","key":"トライアルサイズ","parent_tag_id":"1667","product_display_order":16,"value":"トライアルサイズ"}]},"usage":[{"content":null,"label":"PRODUCT USAGE","type":"product_usage"},{"content":null,"label":"HOW DOES IT WORK","type":"how_does_it_work"},{"content":null,"label":"WHO IT IS FOR","type":"who_it_is_for"},{"content":null,"label":"GREAT TO KNOW","type":"great_to_know"},{"content":null,"label":"WHAT_IT_DOES","type":"what_it_does"},{"content":null,"label":"WHAT_IT_IS","type":"what_it_is"}],"objectID":"56415"},{"benefit":{"statement":null,"benefits":null},"brand":null,"collection":null,"coverage":null,"cross_sell":[{"sku_id":null,"sort_key":1},{"sku_id":"6NHF01","sort_key":2},{"sku_id":"61MT01","sort_key":3}],"default_category":{"id":"14706","key":"スペシャルケア"},"description":"＜医薬部外品＞<BR>ロールオン タイプで手軽につけられる制汗剤。ワキの下の汗とニオイを長時間抑え、さらっと気持ちよい肌を保ちます。","display_mode":null,"display_name":"アンティ パースパイラント デオドラント ロールオン N","display_status":7,"finish":null,"form":null,"formula_type":null,"fragrance_family":null,"indexable_keywords":null,"is_hazmat":true,"is_product_coming_soon":null,"is_product_displayable":true,"is_product_searchable":true,"is_product_shoppable":true,"is_product_sold_out":null,"is_product_temporarily_out_of_stock":null,"is_search_suppressed":null,"key_ingredient":null,"media":{"large":null,"medium":null,"poster":null,"small":null,"videos":[{"position":null,"poster":{"height":null,"src":null,"width":null},"provider":null,"src":null},{"position":null,"poster":{"height":null,"src":null,"width":null},"provider":null,"src":null},{"position":null,"poster":{"height":null,"src":null,"width":null},"provider":null,"src":null}],"xl":null},"meta":{"description":null,"keywords":null},"parent_category":[{"id":"14706","value":"スペシャルケア"},{"id":"1667","value":"スキンケア"}],"product_badge":null,"product_id":"5678","product_title_tag":null,"product_type":"Other","product_url":"/product/14706/5678/--n/antiperspirant-deodorant-roll-on","reviews":{"average_rating":null,"number_of_questions":null,"number_of_reviews":null},"shade_groups":null,"short_description":"＜医薬部外品＞ワキの下の汗とニオイを長時間防ぐロールオン タイプの制汗剤。<br>2010年＠ｃｏｓｍｅベストコスメ大賞 ボディケア部門 第3位","skin":null,"skin_goal":null,"skus":{"total":1,"items":[{"color_family":null,"coverage_options":null,"cross_sell":null,"display_status":7,"finish":null,"finish_options":null,"fragrances":[{"family":null,"key":null,"value":null}],"iln_listing":"クロルヒドロキシアルミニウム*、精製水、ポリオキシエチレンステアリルエーテル、ポリオキシプロピレンステアリルエーテル、エデト酸塩、塩化ミリスチルジメチルベンジルアンモニウム、塩化ラウリルジメチル（エチルベンジル）アンモニウム液、ジブチルヒドロキシトルエン、パラベン、ソルビン酸<QDILN0024>　*は有効成分　無印はその他の成分","iln_version_number":null,"inventory_status":"Active","is_active":true,"is_coming_soon":null,"is_default_sku":false,"is_discountable":true,"is_displayable":null,"is_engravable":null,"is_fragrance":null,"is_giftable":null,"is_giftwrap":false,"is_inactive":null,"is_multi_shaded":null,"is_out_of_stock":null,"is_preorder":false,"is_preorderable":null,"is_promotional":null,"is_replenishable":false,"is_search_suppressed":null,"is_searchable":true,"is_shaded":null,"is_sized":null,"is_sold_out":null,"is_under_weight_hazmat":null,"is_vto_enabled":null,"life_of_product":"Basic Reorder","material_code":"6642000001","media":{"large":[{"alt":"アンティ パースパイラント デオドラント ロールオン N","height":1200,"position":0,"src":"/media/export/cms/products/1200x1500/cl_sku_664200_1200x1500_0.png","type":"image","width":1500}],"medium":[{"alt":"アンティ パースパイラント デオドラント ロールオン N","height":600,"position":1,"src":"/media/export/cms/products/600x750/cl_sku_664200_600x750_0.png","type":"image","width":750}],"model":null,"poster":null,"small":[{"alt":"アンティ パースパイラント デオドラント ロールオン N","height":1200,"position":2,"src":"/media/export/cms/products/1200x1500/cl_sku_664200_1200x1500_0.png","type":"image","width":1500}],"smoosh":null,"xl":null},"out_of_stock_threshold":null,"perlgem":{"SKU_BASE_ID":14981},"preorder_date":null,"prices":[{"currency":"JPY","exclude_tax":{"original_price":2200,"original_price_formatted":"¥2,200","price":2200,"price_formatted":"¥2,200","price_per_unit":null,"price_per_unit_formatted":""},"include_tax":{"original_price":2420,"original_price_formatted":"¥2,420","price":2420,"price_formatted":"¥2,420","price_per_unit":null,"price_per_unit_formatted":""},"is_discounted":false}],"purchase_limit":null,"replenishment":{"message":null},"reviews":{"average_rating":null,"number_of_questions":null,"number_of_reviews":null},"set_components":null,"shade_groups":null,"shades":[{"description":"","hex_val":"","image":{"height":null,"src":"","width":null},"name":"","smoosh_design":{"group_id":null,"name":""}}],"sizes":[{"key":1,"value":"75ml"}],"skin":{"tone":null,"type":null,"type_description":null},"sku_badge":null,"sku_badge_image":null,"sku_display_order":1,"sku_id":"664200","sku_promo_messaging":null,"sku_type":"SE","sku_url":null,"tags":{"total":7,"items":[{"id":"14706","key":"スペシャルケア","value":"スペシャルケア"},{"id":"18453","key":"plus1","value":"Plus1"},{"id":"1686","key":"ボディケア","value":"ボディケア"},{"id":"1660","key":"ボディケア","value":"ボディケア　"},{"id":"22833","key":"3500円税抜以下のおすすめ製品","value":"3500円(税抜)以下のおすすめ製品"},{"id":"1575","key":"ベストセラー","value":"ベストセラー"},{"id":"13051","key":"スキンケア-ベストセラー","value":"スキンケア ベストセラー"}]},"texture":null,"undertone":null,"unit_of_measure":null,"unit_size":null,"unit_size_formatted":null,"upc":"020714007058","vto":{"is_color_experience":null,"is_foundation_experience":null}}]},"sub_display_name":"アンティ パースパイラント デオドラント ロールオン N","sub_header":null,"tags":{"total":7,"items":[{"id":"14706","key":"スペシャルケア","parent_tag_id":"1667","product_display_order":38,"value":"スペシャルケア"},{"id":"18453","key":"plus1","parent_tag_id":null,"product_display_order":12,"value":"Plus1"},{"id":"1686","key":"ボディケア","parent_tag_id":"1667","product_display_order":10,"value":"ボディケア"},{"id":"1660","key":"ボディケア","parent_tag_id":"1659","product_display_order":9,"value":"ボディケア　"},{"id":"22833","key":"3500円税抜以下のおすすめ製品","parent_tag_id":"1000020","product_display_order":0,"value":"3500円(税抜)以下のおすすめ製品"},{"id":"1575","key":"ベストセラー","parent_tag_id":null,"product_display_order":52,"value":"ベストセラー"},{"id":"13051","key":"スキンケア-ベストセラー","parent_tag_id":"1667","product_display_order":40,"value":"スキンケア ベストセラー"}]},"usage":[{"content":"乾いた清潔な肌に適量使います。衣服はローションが乾いてから着てください。","label":"PRODUCT USAGE","type":"product_usage"},{"content":null,"label":"HOW DOES IT WORK","type":"how_does_it_work"},{"content":null,"label":"WHO IT IS FOR","type":"who_it_is_for"},{"content":null,"label":"GREAT TO KNOW","type":"great_to_know"},{"content":null,"label":"WHAT_IT_DOES","type":"what_it_does"},{"content":null,"label":"WHAT_IT_IS","type":"what_it_is"}],"objectID":"5678"},{"benefit":{"statement":null,"benefits":null},"brand":null,"collection":null,"coverage":null,"cross_sell":[{"sku_id":"6F4501","sort_key":1},{"sku_id":"62A401","sort_key":2},{"sku_id":"6L6W01","sort_key":3},{"sku_id":"6F4601","sort_key":4},{"sku_id":"6F4901","sort_key":5},{"sku_id":"68LE01","sort_key":6}],"default_category":{"id":"1608","key":"メークツール"},"description":"抗菌加工を損なうことなく洗うことができるブラシ専用クレンザー。","display_mode":null,"display_name":"メークアップ ブラシ クレンザー","display_status":7,"finish":null,"form":null,"formula_type":null,"fragrance_family":null,"indexable_keywords":[{"value":"クレンザー"},{"value":"ブラシ専用クレンザー"},{"value":"クリーナー"},{"value":"ブラシ専用クリニーナー"}],"is_hazmat":true,"is_product_coming_soon":null,"is_product_displayable":true,"is_product_searchable":true,"is_product_shoppable":true,"is_product_sold_out":null,"is_product_temporarily_out_of_stock":null,"is_search_suppressed":null,"key_ingredient":null,"media":{"large":null,"medium":null,"poster":null,"small":null,"videos":[{"position":null,"poster":{"height":null,"src":null,"width":null},"provider":null,"src":null},{"position":null,"poster":{"height":null,"src":null,"width":null},"provider":null,"src":null},{"position":null,"poster":{"height":null,"src":null,"width":null},"provider":null,"src":null}],"xl":null},"meta":{"description":null,"keywords":null},"parent_category":[{"id":"1608","value":"メークツール"},{"id":"1592","value":"メーク"}],"product_badge":null,"product_id":"5730","product_title_tag":null,"product_type":"Other","product_url":"/product/1608/5730/makeup-brush-cleanser","reviews":{"average_rating":null,"number_of_questions":null,"number_of_reviews":null},"shade_groups":null,"short_description":"抗菌加工を損なうことなく洗うことができるブラシ専用クレンザー。","skin":null,"skin_goal":null,"skus":{"total":1,"items":[{"color_family":null,"coverage_options":null,"cross_sell":null,"display_status":7,"finish":null,"finish_options":null,"fragrances":[{"family":null,"key":null,"value":null}],"iln_listing":null,"iln_version_number":null,"inventory_status":"Active","is_active":true,"is_coming_soon":null,"is_default_sku":false,"is_discountable":true,"is_displayable":null,"is_engravable":null,"is_fragrance":null,"is_giftable":null,"is_giftwrap":false,"is_inactive":null,"is_multi_shaded":null,"is_out_of_stock":null,"is_preorder":false,"is_preorderable":null,"is_promotional":null,"is_replenishable":false,"is_search_suppressed":null,"is_searchable":true,"is_shaded":null,"is_sized":null,"is_sold_out":null,"is_under_weight_hazmat":null,"is_vto_enabled":null,"life_of_product":"Basic Reorder","material_code":"6F4G010001","media":{"large":[{"alt":"メークアップ ブラシ クレンザー","height":1200,"position":0,"src":"/media/export/cms/products/1200x1500/cl_sku_6F4G01_1200x1500_0.png","type":"image","width":1500}],"medium":[{"alt":"メークアップ ブラシ クレンザー","height":600,"position":1,"src":"/media/export/cms/products/600x750/cl_sku_6F4G01_600x750_0.png","type":"image","width":750}],"model":null,"poster":null,"small":[{"alt":"メークアップ ブラシ クレンザー","height":1200,"position":2,"src":"/media/export/cms/products/1200x1500/cl_sku_6F4G01_1200x1500_0.png","type":"image","width":1500}],"smoosh":null,"xl":null},"out_of_stock_threshold":null,"perlgem":{"SKU_BASE_ID":13299},"preorder_date":null,"prices":[{"currency":"JPY","exclude_tax":{"original_price":2000,"original_price_formatted":"¥2,000","price":2000,"price_formatted":"¥2,000","price_per_unit":null,"price_per_unit_formatted":""},"include_tax":{"original_price":2200,"original_price_formatted":"¥2,200","price":2200,"price_formatted":"¥2,200","price_per_unit":null,"price_per_unit_formatted":""},"is_discounted":false}],"purchase_limit":null,"replenishment":{"message":"Never run low on your favourites. Sign up for Auto-Ship. Learn more >"},"reviews":{"average_rating":null,"number_of_questions":null,"number_of_reviews":null},"set_components":null,"shade_groups":null,"shades":null,"sizes":[{"key":1,"value":null}],"skin":{"tone":null,"type":null,"type_description":null},"sku_badge":null,"sku_badge_image":null,"sku_display_order":0,"sku_id":"6F4G01","sku_promo_messaging":null,"sku_type":"SE","sku_url":null,"tags":{"total":4,"items":[{"id":"27172","key":"day5flashsale","value":"Day5FlashSale"},{"id":"1608","key":"メークツール","value":"メークツール"},{"id":"27170","key":"day3flashsale","value":"Day3FlashSale"},{"id":"27174","key":"day7flashsale","value":"Day7FlashSale"}]},"texture":null,"undertone":null,"unit_of_measure":null,"unit_size":null,"unit_size_formatted":null,"upc":"020714228118","vto":{"is_color_experience":null,"is_foundation_experience":null}}]},"sub_display_name":"メークアップ ブラシ クレンザー","sub_header":null,"tags":{"total":4,"items":[{"id":"27172","key":"day5flashsale","parent_tag_id":"1590","product_display_order":118,"value":"Day5FlashSale"},{"id":"1608","key":"メークツール","parent_tag_id":"1592","product_display_order":13,"value":"メークツール"},{"id":"27170","key":"day3flashsale","parent_tag_id":"1590","product_display_order":0,"value":"Day3FlashSale"},{"id":"27174","key":"day7flashsale","parent_tag_id":"1590","product_display_order":0,"value":"Day7FlashSale"}]},"usage":[{"content":"・週1回のお手入れ→ブラシの両側に1回づつ、15～20cm離してスプレーし、ティッシュで優しく拭き取ります。<BR>1～2分間自然乾燥させてください。<BR>・月1回のお手入れ→ブラシの毛を下に向け、ブラシ全体が湿るまで十分にスプレーします。ぬるま湯でブラシの毛を優しく揉むようにして汚れを落とします。流水で完全にすすぎ流し、ペーパータオル等の上で自然乾燥させてください。<BR>★ブラシは寝かせて自然乾燥させてください。","label":"PRODUCT USAGE","type":"product_usage"},{"content":null,"label":"HOW DOES IT WORK","type":"how_does_it_work"},{"content":null,"label":"WHO IT IS FOR","type":"who_it_is_for"},{"content":null,"label":"GREAT TO KNOW","type":"great_to_know"},{"content":null,"label":"WHAT_IT_DOES","type":"what_it_does"},{"content":null,"label":"WHAT_IT_IS","type":"what_it_is"}],"objectID":"5730"},{"benefit":{"statement":null,"benefits":null},"brand":null,"collection":null,"coverage":null,"cross_sell":[{"sku_id":"6FMA01","sort_key":1},{"sku_id":"65EN01","sort_key":2},{"sku_id":"65EM01","sort_key":3},{"sku_id":"67F901","sort_key":4},{"sku_id":"65EM01","sort_key":5},{"sku_id":"6F3701","sort_key":6}],"default_category":{"id":"1625","key":"スキンケア"},"description":"UV効果のある乳液。みずみずしい潤いを与えながら、紫外線（UVA・UVB）や日中の外的ストレスから、肌をしっかりガードします。<BR>SPF21/PA++<BR>オール スキンタイプ<BR>","display_mode":null,"display_name":"SPF21 モイスチャライザー","display_status":7,"finish":null,"form":null,"formula_type":null,"fragrance_family":null,"indexable_keywords":[{"value":"メンズ製品"},{"value":"メンズ"},{"value":"スキンケア"},{"value":"3step"},{"value":"乳液"},{"value":"ベイシックスキンケア"}],"is_hazmat":false,"is_product_coming_soon":null,"is_product_displayable":true,"is_product_searchable":true,"is_product_shoppable":true,"is_product_sold_out":null,"is_product_temporarily_out_of_stock":null,"is_search_suppressed":null,"key_ingredient":null,"media":{"large":null,"medium":null,"poster":null,"small":null,"videos":[{"position":null,"poster":{"height":null,"src":null,"width":null},"provider":"YouTube","src":null},{"position":null,"poster":{"height":null,"src":null,"width":null},"provider":"YouTube","src":null},{"position":null,"poster":{"height":null,"src":null,"width":null},"provider":"YouTube","src":null}],"xl":null},"meta":{"description":null,"keywords":"sunscreen, ssfm, men, moisturize, moisturizer"},"parent_category":[{"id":"1625","value":"スキンケア"},{"id":"1609","value":"メンズ"}],"product_badge":null,"product_id":"5738","product_title_tag":null,"product_type":"Other","product_url":"/product/1625/5738/spf21/m-protect-spf-21","reviews":{"average_rating":null,"number_of_questions":null,"number_of_reviews":null},"shade_groups":null,"short_description":"UV効果のある乳液。<br>SPF21/PA++<br>すべてのスキンタイプ","skin":null,"skin_goal":null,"skus":{"total":1,"items":[{"color_family":null,"coverage_options":null,"cross_sell":null,"display_status":7,"finish":null,"finish_options":null,"fragrances":[{"family":null,"key":null,"value":null}],"iln_listing":"水・メトキシケイヒ酸エチルヘキシル・サリチル酸オクチル・ＢＧ・ジメチコン・ジヘプタン酸ネオペンチルグリコール・ｔ－ブチルメトキシジベンゾイルメタン・オキシベンゾン－３・シリカ・ステアリン酸ＰＥＧ－１００・セテアリルアルコール・セテアリルグルコシド・ポリエチレン・水添レシチン・イソドデカン・コレステロール・カプリリルグリコール・オレス－１０・トロメタミン・カルボマー・ステアリルアルコール・ゼオライト・ラウレス－２３・ラウレス－４・ジカプリン酸ＰＧ・アルゲエキス・ＥＤＴＡ－２Ｎａ・ＰＶＰ・ヘキシレングリコール・ヒマワリ油粕・トリメリト酸トリトリデシル・ローマカミツレ花油・オオムギエキス・黄４・キュウリ果実エキス・乳酸桿菌発酵液・黄５・赤２２７・フェノキシエタノール<JILN2892>","iln_version_number":"JILN2892","inventory_status":"Active","is_active":true,"is_coming_soon":null,"is_default_sku":false,"is_discountable":true,"is_displayable":null,"is_engravable":null,"is_fragrance":null,"is_giftable":null,"is_giftwrap":false,"is_inactive":null,"is_multi_shaded":null,"is_out_of_stock":null,"is_preorder":false,"is_preorderable":null,"is_promotional":null,"is_replenishable":false,"is_search_suppressed":null,"is_searchable":true,"is_shaded":null,"is_sized":null,"is_sold_out":null,"is_under_weight_hazmat":false,"is_vto_enabled":null,"life_of_product":"Basic Reorder","material_code":"6FWR010001","media":{"large":[{"alt":"SPF21 モイスチャライザー","height":1200,"position":0,"src":"/media/export/cms/products/1200x1500/cl_sku_6FWR01_1200x1500_0.png","type":"image","width":1500}],"medium":[{"alt":"SPF21 モイスチャライザー","height":600,"position":1,"src":"/media/export/cms/products/600x750/cl_sku_6FWR01_600x750_0.png","type":"image","width":750}],"model":null,"poster":null,"small":[{"alt":"SPF21 モイスチャライザー","height":1200,"position":2,"src":"/media/export/cms/products/1200x1500/cl_sku_6FWR01_1200x1500_0.png","type":"image","width":1500}],"smoosh":null,"xl":null},"out_of_stock_threshold":null,"perlgem":{"SKU_BASE_ID":13457},"preorder_date":null,"prices":[{"currency":"JPY","exclude_tax":{"original_price":5300,"original_price_formatted":"¥5,300","price":5300,"price_formatted":"¥5,300","price_per_unit":null,"price_per_unit_formatted":""},"include_tax":{"original_price":5830,"original_price_formatted":"¥5,830","price":5830,"price_formatted":"¥5,830","price_per_unit":null,"price_per_unit_formatted":""},"is_discounted":false}],"purchase_limit":null,"replenishment":{"message":null},"reviews":{"average_rating":null,"number_of_questions":null,"number_of_reviews":null},"set_components":null,"shade_groups":null,"shades":null,"sizes":[{"key":1,"value":"100mL"}],"skin":{"tone":null,"type":[{"key":"dry-skintype","value":"dry_skintype"},{"key":"combination-skintype","value":"combination_skintype"},{"key":"oily-skintype","value":"oily_skintype"}],"type_description":null},"sku_badge":null,"sku_badge_image":null,"sku_display_order":0,"sku_id":"6FWR01","sku_promo_messaging":null,"sku_type":"SE","sku_url":null,"tags":{"total":8,"items":[{"id":"27174","key":"day7flashsale","value":"Day7FlashSale"},{"id":"1610","key":"メンズ３ステップ","value":"メンズ３ステップ"},{"id":"27168","key":"day1flashsale","value":"Day1FlashSale"},{"id":"1625","key":"スキンケア","value":"スキンケア"},{"id":"1613","key":"メンズ３ステップ","value":"メンズ３ステップ"},{"id":"27172","key":"day5flashsale","value":"Day5FlashSale"},{"id":"1687","key":"乾燥","value":"乾燥"},{"id":"12950","key":"mens-bestsellers","value":"Men's Bestsellers"}]},"texture":null,"undertone":null,"unit_of_measure":null,"unit_size":null,"unit_size_formatted":null,"upc":"020714238537","vto":{"is_color_experience":null,"is_foundation_experience":null}}]},"sub_display_name":"SPF21 モイスチャライザー","sub_header":null,"tags":{"total":8,"items":[{"id":"27174","key":"day7flashsale","parent_tag_id":"1590","product_display_order":0,"value":"Day7FlashSale"},{"id":"1610","key":"メンズ３ステップ","parent_tag_id":"1609","product_display_order":0,"value":"メンズ３ステップ"},{"id":"27168","key":"day1flashsale","parent_tag_id":"1590","product_display_order":0,"value":"Day1FlashSale"},{"id":"1625","key":"スキンケア","parent_tag_id":"1609","product_display_order":27,"value":"スキンケア"},{"id":"1613","key":"メンズ３ステップ","parent_tag_id":"1610","product_display_order":15,"value":"メンズ３ステップ"},{"id":"27172","key":"day5flashsale","parent_tag_id":"1590","product_display_order":178,"value":"Day5FlashSale"},{"id":"1687","key":"乾燥","parent_tag_id":"1667","product_display_order":90,"value":"乾燥"},{"id":"12950","key":"mens-bestsellers","parent_tag_id":"1609","product_display_order":0,"value":"Men's Bestsellers"}]},"usage":[{"content":"朝と夜、ソープ・ローションの後、適量を、目のまわりを避けて、顔全体になじませます。","label":"PRODUCT USAGE","type":"product_usage"},{"content":null,"label":"HOW DOES IT WORK","type":"how_does_it_work"},{"content":"すべてのスキンタイプ","label":"WHO IT IS FOR","type":"who_it_is_for"},{"content":null,"label":"GREAT TO KNOW","type":"great_to_know"},{"content":null,"label":"WHAT_IT_DOES","type":"what_it_does"},{"content":null,"label":"WHAT_IT_IS","type":"what_it_is"}],"objectID":"5738"},{"benefit":{"statement":null,"benefits":null},"brand":null,"collection":null,"coverage":null,"cross_sell":null,"default_category":{"id":"1579","key":"クリニーク-ハッピー"},"description":"<body bgcolor='White' style='font-family:sans-serif;font-size:10pt;'>フェミニンなリッチフローラルのフレグランス<br><br>【使い方】<br>手首、耳たぶの後ろなど、脈打つ部分につけます。<br>肌に直接スプレーする場合は、アトマイザーを7～13cm離した位置に持ってスプレーしてください。<br>宝石類をつけている部分は避けてください。</body>","display_mode":null,"display_name":"クリニーク ハッピー ハート","display_status":7,"finish":null,"form":null,"formula_type":null,"fragrance_family":[{"key":"floral-fragrance","value":"floral_fragrance"}],"indexable_keywords":null,"is_hazmat":false,"is_product_coming_soon":null,"is_product_displayable":true,"is_product_searchable":true,"is_product_shoppable":true,"is_product_sold_out":null,"is_product_temporarily_out_of_stock":null,"is_search_suppressed":null,"key_ingredient":null,"media":{"large":[{"alt":"クリニーク ハッピー ハート","height":1200,"position":0,"src":"/media/export/cms/products/1200x1500/cl_prod_57547_1200x1500_0.png","type":"image","width":1500}],"medium":null,"poster":null,"small":[{"alt":"クリニーク ハッピー ハート","height":1200,"position":1,"src":"/media/export/cms/products/1200x1500/cl_prod_57547_1200x1500_0.png","type":"image","width":1500}],"videos":[{"position":null,"poster":{"height":null,"src":null,"width":null},"provider":"YouTube","src":null},{"position":null,"poster":{"height":null,"src":null,"width":null},"provider":"YouTube","src":null},{"position":null,"poster":{"height":null,"src":null,"width":null},"provider":"YouTube","src":null}],"xl":null},"meta":{"description":null,"keywords":null},"parent_category":[{"id":"1579","value":"クリニーク ハッピー"},{"id":"1577","value":"フレグランス"}],"product_badge":null,"product_id":"57547","product_title_tag":null,"product_type":"Sized","product_url":"/product/1579/57547/clinique-happy-heart","reviews":{"average_rating":null,"number_of_questions":null,"number_of_reviews":null},"shade_groups":null,"short_description":"<body bgcolor='White' style='font-family:sans-serif;font-size:10pt;'>フェミニンなリッチフローラルのフレグランス<br><br>【使い方】<br>手首、耳たぶの後ろなど、脈打つ部分につけます。<br>肌に直接スプレーする場合は、アトマイザーを7～13cm離した位置に持ってスプレーしてください。<br>宝石類をつけている部分は避けてください。</body>","skin":null,"skin_goal":null,"skus":{"total":1,"items":[{"color_family":null,"coverage_options":null,"cross_sell":null,"display_status":7,"finish":null,"finish_options":null,"fragrances":[{"family":null,"key":null,"value":null}],"iln_listing":"変性アルコール・香料・水・ｔ－ブチルメトキシジベンゾイルメタン・メトキシケイヒ酸エチルヘキシル・サリチル酸エチルヘキシル・ＢＨＴ・紫４０１<JILN007038>","iln_version_number":"JILN007038","inventory_status":"Active","is_active":true,"is_coming_soon":null,"is_default_sku":false,"is_discountable":true,"is_displayable":null,"is_engravable":null,"is_fragrance":null,"is_giftable":null,"is_giftwrap":true,"is_inactive":null,"is_multi_shaded":null,"is_out_of_stock":null,"is_preorder":false,"is_preorderable":null,"is_promotional":null,"is_replenishable":false,"is_search_suppressed":null,"is_searchable":true,"is_shaded":null,"is_sized":null,"is_sold_out":null,"is_under_weight_hazmat":false,"is_vto_enabled":null,"life_of_product":"Basic Reorder","material_code":"K2K9010000","media":{"large":[{"alt":"クリニーク ハッピー ハート","height":1200,"position":0,"src":"/media/export/cms/products/1200x1500/cl_sku_K2K901_1200x1500_0.png","type":"image","width":1500}],"medium":[{"alt":"クリニーク ハッピー ハート","height":600,"position":1,"src":"/media/export/cms/products/600x750/cl_sku_K2K901_600x750_0.png","type":"image","width":750}],"model":null,"poster":null,"small":[{"alt":"クリニーク ハッピー ハート","height":1200,"position":2,"src":"/media/export/cms/products/1200x1500/cl_sku_K2K901_1200x1500_0.png","type":"image","width":1500}],"smoosh":null,"xl":null},"out_of_stock_threshold":null,"perlgem":{"SKU_BASE_ID":92050},"preorder_date":null,"prices":[{"currency":"JPY","exclude_tax":{"original_price":7000,"original_price_formatted":"¥7,000","price":7000,"price_formatted":"¥7,000","price_per_unit":null,"price_per_unit_formatted":""},"include_tax":{"original_price":7700,"original_price_formatted":"¥7,700","price":7700,"price_formatted":"¥7,700","price_per_unit":null,"price_per_unit_formatted":""},"is_discounted":false}],"purchase_limit":null,"replenishment":{"message":null},"reviews":{"average_rating":null,"number_of_questions":null,"number_of_reviews":null},"set_components":null,"shade_groups":null,"shades":null,"sizes":[{"key":1,"value":"50ｍL"}],"skin":{"tone":null,"type":null,"type_description":null},"sku_badge":null,"sku_badge_image":null,"sku_display_order":0,"sku_id":"K2K901","sku_promo_messaging":null,"sku_type":"SE","sku_url":null,"tags":{"total":10,"items":[{"id":"1582","key":"フレグランスギフト","value":"フレグランス・ギフト"},{"id":"27170","key":"day3flashsale","value":"Day3FlashSale"},{"id":"1579","key":"クリニーク-ハッピー","value":"クリニーク ハッピー"},{"id":"27174","key":"day7flashsale","value":"Day7FlashSale"},{"id":"27172","key":"day5flashsale","value":"Day5FlashSale"},{"id":"1581","key":"クリニーク-ハッピー-ハート","value":"クリニーク ハッピー ハート"},{"id":"1577","key":"フレグランス","value":"フレグランス"},{"id":"1575","key":"ベストセラー","value":"ベストセラー"},{"id":"1584","key":"セットギフト","value":"セット＆ギフト"},{"id":"12523","key":"fragrance-best-sellers","value":"Fragrance Best Sellers"}]},"texture":null,"undertone":null,"unit_of_measure":null,"unit_size":null,"unit_size_formatted":null,"upc":"020714881436","vto":{"is_color_experience":null,"is_foundation_experience":null}}]},"sub_display_name":"クリニーク ハッピー ハート","sub_header":null,"tags":{"total":10,"items":[{"id":"1582","key":"フレグランスギフト","parent_tag_id":"1577","product_display_order":0,"value":"フレグランス・ギフト"},{"id":"27170","key":"day3flashsale","parent_tag_id":"1590","product_display_order":0,"value":"Day3FlashSale"},{"id":"1579","key":"クリニーク-ハッピー","parent_tag_id":"1577","product_display_order":1,"value":"クリニーク ハッピー"},{"id":"27174","key":"day7flashsale","parent_tag_id":"1590","product_display_order":0,"value":"Day7FlashSale"},{"id":"27172","key":"day5flashsale","parent_tag_id":"1590","product_display_order":107,"value":"Day5FlashSale"},{"id":"1581","key":"クリニーク-ハッピー-ハート","parent_tag_id":"1577","product_display_order":0,"value":"クリニーク ハッピー ハート"},{"id":"1577","key":"フレグランス","parent_tag_id":null,"product_display_order":0,"value":"フレグランス"},{"id":"1575","key":"ベストセラー","parent_tag_id":null,"product_display_order":67,"value":"ベストセラー"},{"id":"1584","key":"セットギフト","parent_tag_id":"1582","product_display_order":0,"value":"セット＆ギフト"},{"id":"12523","key":"fragrance-best-sellers","parent_tag_id":"1577","product_display_order":0,"value":"Fragrance Best Sellers"}]},"usage":[{"content":null,"label":"PRODUCT USAGE","type":"product_usage"},{"content":null,"label":"HOW DOES IT WORK","type":"how_does_it_work"},{"content":null,"label":"WHO IT IS FOR","type":"who_it_is_for"},{"content":null,"label":"GREAT TO KNOW","type":"great_to_know"},{"content":null,"label":"WHAT_IT_DOES","type":"what_it_does"},{"content":null,"label":"WHAT_IT_IS","type":"what_it_is"}],"objectID":"57547"},{"benefit":{"statement":null,"benefits":null},"brand":null,"collection":null,"coverage":null,"cross_sell":null,"default_category":{"id":"1599","key":"ファンデーション"},"description":"<body bgcolor='White' style='font-family:sans-serif;font-size:10pt;'>スーパー シティ ブロック BB クッション コンパクト用の専用スポンジ。</body>","display_mode":null,"display_name":"スーパー シティ ブロック BB クッション コンパクト スポンジ リフィル","display_status":7,"finish":null,"form":null,"formula_type":null,"fragrance_family":null,"indexable_keywords":null,"is_hazmat":false,"is_product_coming_soon":null,"is_product_displayable":true,"is_product_searchable":true,"is_product_shoppable":true,"is_product_sold_out":null,"is_product_temporarily_out_of_stock":null,"is_search_suppressed":null,"key_ingredient":null,"media":{"large":null,"medium":null,"poster":null,"small":null,"videos":[{"position":null,"poster":{"height":null,"src":null,"width":null},"provider":null,"src":null},{"position":null,"poster":{"height":null,"src":null,"width":null},"provider":null,"src":null},{"position":null,"poster":{"height":null,"src":null,"width":null},"provider":null,"src":null}],"xl":null},"meta":{"description":null,"keywords":null},"parent_category":[{"id":"1599","value":"ファンデーション"},{"id":"1592","value":"メーク"}],"product_badge":null,"product_id":"57609","product_title_tag":null,"product_type":"Other","product_url":"/product/1599/57609/-bb--/super-city-block-bb-cusion-compact-sponge-refill","reviews":{"average_rating":null,"number_of_questions":null,"number_of_reviews":null},"shade_groups":null,"short_description":"<body bgcolor='White' style='font-family:sans-serif;font-size:10pt;'>スーパー シティ ブロック BB クッション コンパクト用の専用スポンジ。</body>","skin":null,"skin_goal":null,"skus":{"total":1,"items":[{"color_family":null,"coverage_options":null,"cross_sell":null,"display_status":7,"finish":null,"finish_options":null,"fragrances":[{"family":null,"key":null,"value":null}],"iln_listing":null,"iln_version_number":null,"inventory_status":"Active","is_active":true,"is_coming_soon":null,"is_default_sku":false,"is_discountable":true,"is_displayable":null,"is_engravable":null,"is_fragrance":null,"is_giftable":null,"is_giftwrap":false,"is_inactive":null,"is_multi_shaded":null,"is_out_of_stock":null,"is_preorder":false,"is_preorderable":null,"is_promotional":null,"is_replenishable":false,"is_search_suppressed":null,"is_searchable":true,"is_shaded":null,"is_sized":null,"is_sold_out":null,"is_under_weight_hazmat":false,"is_vto_enabled":null,"life_of_product":"Basic Reorder","material_code":"K88P010000","media":{"large":[{"alt":"スーパー シティ ブロック BB クッション コンパクト スポンジ リフィル","height":1200,"position":0,"src":"/media/export/cms/products/1200x1500/cl_sku_K88P01_1200x1500_0.png","type":"image","width":1500}],"medium":[{"alt":"スーパー シティ ブロック BB クッション コンパクト スポンジ リフィル","height":600,"position":1,"src":"/media/export/cms/products/600x750/cl_sku_K88P01_600x750_0.png","type":"image","width":750}],"model":null,"poster":null,"small":[{"alt":"スーパー シティ ブロック BB クッション コンパクト スポンジ リフィル","height":1200,"position":2,"src":"/media/export/cms/products/1200x1500/cl_sku_K88P01_1200x1500_0.png","type":"image","width":1500}],"smoosh":null,"xl":null},"out_of_stock_threshold":null,"perlgem":{"SKU_BASE_ID":92131},"preorder_date":null,"prices":[{"currency":"JPY","exclude_tax":{"original_price":500,"original_price_formatted":"¥500","price":500,"price_formatted":"¥500","price_per_unit":null,"price_per_unit_formatted":""},"include_tax":{"original_price":550,"original_price_formatted":"¥550","price":550,"price_formatted":"¥550","price_per_unit":null,"price_per_unit_formatted":""},"is_discounted":false}],"purchase_limit":null,"replenishment":{"message":null},"reviews":{"average_rating":null,"number_of_questions":null,"number_of_reviews":null},"set_components":null,"shade_groups":null,"shades":null,"sizes":[{"key":1,"value":null}],"skin":{"tone":null,"type":null,"type_description":null},"sku_badge":null,"sku_badge_image":null,"sku_display_order":0,"sku_id":"K88P01","sku_promo_messaging":null,"sku_type":"SE","sku_url":null,"tags":{"total":1,"items":[{"id":"1599","key":"ファンデーション","value":"ファンデーション"}]},"texture":null,"undertone":null,"unit_of_measure":null,"unit_size":null,"unit_size_formatted":null,"upc":"020714929480","vto":{"is_color_experience":null,"is_foundation_experience":null}}]},"sub_display_name":"スーパー シティ ブロック BB クッション コンパクト スポンジ リフィル","sub_header":null,"tags":{"total":1,"items":[{"id":"1599","key":"ファンデーション","parent_tag_id":"1592","product_display_order":19,"value":"ファンデーション"}]},"usage":[{"content":null,"label":"PRODUCT USAGE","type":"product_usage"},{"content":null,"label":"HOW DOES IT WORK","type":"how_does_it_work"},{"content":null,"label":"WHO IT IS FOR","type":"who_it_is_for"},{"content":null,"label":"GREAT TO KNOW","type":"great_to_know"},{"content":null,"label":"WHAT_IT_DOES","type":"what_it_does"},{"content":null,"label":"WHAT_IT_IS","type":"what_it_is"}],"objectID":"57609"},{"benefit":{"statement":null,"benefits":null},"brand":null,"collection":null,"coverage":null,"cross_sell":null,"default_category":{"id":"1619","key":"セットギフト"},"description":"<body bgcolor='White' style='font-family:sans-serif;'><div style='font-size:10pt;'><span style=\"color: #f547b2\">Mini's製品（15mLサイズ)をご購入で次回ご利用可能な500円クーポン*1プレゼント！<br>さらにMini's2品以上のご購入で送料無料。</span><br><br>旅行や出張に、トライアルにいい男の肌を体験。<br>クリニークのメンズ基本スターター キット。<br>洗う、除く、潤す－<br>乾燥やくすみ感、テカリ、毛穴の黒ずみなど男の肌の敵に、皮膚科学をヒントに立ち向かうクリニークの基本ケア。<br>たっぷりと１０日分お試しいただけるセットです。<br><br>セットするのは、汗や皮脂をすっきり穏やかに洗い上げるリキッドソープ、洗顔では落としきれない、古い角質をふき取って取り除くローション、テカらず、しっとり潤す保湿アイテムの３アイテム。<br><br>スキンタイプにあわせて、カサつきが気になる乾燥～混合肌用、またはベタつきが気になる混合～脂性肌用の２種類からお選びいただけます。<br><br>◎乾燥～混合肌用<br>【セット内容】<br>①フェース ウォッシュ (リキッドソープ) 30mL<br>②エクスフォリエーティング トニック (角質ケア ローション) 30mL<br>③MX ハイドレーター ウォーター ジェル コンセントレート (ウォータージェル美容液) 15g<br><br><small>*ご購入の製品と一緒にクーポンをお届けいたします。<br>*クーポンコードの使用期限はお届けから30日となります。<br>*おひとり様1回限りご利用が可能です。<br>*クーポンは公式オンラインショップのみでご使用いただけます。（百貨店店舗ではご利用いただけません）</small></div></body>","display_mode":null,"display_name":"CFM スターター キット","display_status":7,"finish":null,"form":null,"formula_type":null,"fragrance_family":null,"indexable_keywords":null,"is_hazmat":false,"is_product_coming_soon":null,"is_product_displayable":true,"is_product_searchable":true,"is_product_shoppable":true,"is_product_sold_out":null,"is_product_temporarily_out_of_stock":null,"is_search_suppressed":null,"key_ingredient":null,"media":{"large":null,"medium":null,"poster":null,"small":null,"videos":[{"position":null,"poster":{"height":null,"src":null,"width":null},"provider":"YouTube","src":null},{"position":null,"poster":{"height":null,"src":null,"width":null},"provider":"YouTube","src":null},{"position":null,"poster":{"height":null,"src":null,"width":null},"provider":"YouTube","src":null}],"xl":null},"meta":{"description":null,"keywords":null},"parent_category":[{"id":"1619","value":"セット＆ギフト"},{"id":"1618","value":"メンズセット＆ギフト"},{"id":"1609","value":"メンズ"}],"product_badge":null,"product_id":"57922","product_title_tag":null,"product_type":"Other","product_url":"/product/1619/57922/cfm-/cfm-starter-kit","reviews":{"average_rating":null,"number_of_questions":null,"number_of_reviews":null},"shade_groups":null,"short_description":"<body bgcolor='White' style='font-family:sans-serif;'><div style='font-size:10pt;'><span style=\"color: #f547b2\">Mini's製品（15mLサイズ)をご購入で次回ご利用可能な500円クーポン*1プレゼント！<br>さらにMini's2品以上のご購入で送料無料。</span><br><br>旅行や出張に、トライアルにいい男の肌を体験。<br>クリニークのメンズ基本スターター キット。<br>洗う、除く、潤す－<br>乾燥やくすみ感、テカリ、毛穴の黒ずみなど男の肌の敵に、皮膚科学をヒントに立ち向かうクリニークの基本ケア。<br>たっぷりと１０日分お試しいただけるセットです。<br><br>セットするのは、汗や皮脂をすっきり穏やかに洗い上げるリキッドソープ、洗顔では落としきれない、古い角質をふき取って取り除くローション、テカらず、しっとり潤す保湿アイテムの３アイテム。<br><br>スキンタイプにあわせて、カサつきが気になる乾燥～混合肌用、またはベタつきが気になる混合～脂性肌用の２種類からお選びいただけます。<br><br>◎乾燥～混合肌用<br>【セット内容】<br>①フェース ウォッシュ (リキッドソープ) 30mL<br>②エクスフォリエーティング トニック (角質ケア ローション) 30mL<br>③MX ハイドレーター ウォーター ジェル コンセントレート (ウォータージェル美容液) 15g<br><br><small>*ご購入の製品と一緒にクーポンをお届けいたします。<br>*クーポンコードの使用期限はお届けから30日となります。<br>*おひとり様1回限りご利用が可能です。<br>*クーポンは公式オンラインショップのみでご使用いただけます。（百貨店店舗ではご利用いただけません）</small></div></body>","skin":null,"skin_goal":null,"skus":{"total":1,"items":[{"color_family":null,"coverage_options":null,"cross_sell":null,"display_status":7,"finish":null,"finish_options":null,"fragrances":[{"family":null,"key":null,"value":null}],"iln_listing":null,"iln_version_number":null,"inventory_status":"Active","is_active":true,"is_coming_soon":null,"is_default_sku":false,"is_discountable":true,"is_displayable":null,"is_engravable":null,"is_fragrance":null,"is_giftable":null,"is_giftwrap":false,"is_inactive":null,"is_multi_shaded":null,"is_out_of_stock":null,"is_preorder":false,"is_preorderable":null,"is_promotional":null,"is_replenishable":false,"is_search_suppressed":null,"is_searchable":true,"is_shaded":null,"is_sized":null,"is_sold_out":null,"is_under_weight_hazmat":false,"is_vto_enabled":null,"life_of_product":"Basic Reorder","material_code":"K77W010000","media":{"large":[{"alt":"CFM スターター キット","height":1200,"position":0,"src":"/media/export/cms/products/1200x1500/cl_sku_K77W01_1200x1500_0.png","type":"image","width":1500}],"medium":[{"alt":"CFM スターター キット","height":600,"position":1,"src":"/media/export/cms/products/600x750/cl_sku_K77W01_600x750_0.png","type":"image","width":750}],"model":null,"poster":null,"small":[{"alt":"CFM スターター キット","height":1200,"position":2,"src":"/media/export/cms/products/1200x1500/cl_sku_K77W01_1200x1500_0.png","type":"image","width":1500}],"smoosh":null,"xl":null},"out_of_stock_threshold":null,"perlgem":{"SKU_BASE_ID":92549},"preorder_date":null,"prices":[{"currency":"JPY","exclude_tax":{"original_price":1500,"original_price_formatted":"¥1,500","price":1500,"price_formatted":"¥1,500","price_per_unit":null,"price_per_unit_formatted":""},"include_tax":{"original_price":1650,"original_price_formatted":"¥1,650","price":1650,"price_formatted":"¥1,650","price_per_unit":null,"price_per_unit_formatted":""},"is_discounted":false}],"purchase_limit":null,"replenishment":{"message":null},"reviews":{"average_rating":null,"number_of_questions":null,"number_of_reviews":null},"set_components":null,"shade_groups":null,"shades":null,"sizes":[{"key":1,"value":null}],"skin":{"tone":null,"type":null,"type_description":null},"sku_badge":null,"sku_badge_image":null,"sku_display_order":1,"sku_id":"K77W01","sku_promo_messaging":null,"sku_type":"SE","sku_url":null,"tags":{"total":5,"items":[{"id":"17696","key":"gifts-for-him","value":"Gifts for him"},{"id":"1618","key":"メンズセットギフト","value":"メンズセット＆ギフト"},{"id":"13659","key":"トライアルサイズ","value":"トライアルサイズ"},{"id":"1685","key":"セットギフト","value":"セット＆ギフト"},{"id":"1619","key":"セットギフト","value":"セット＆ギフト"}]},"texture":null,"undertone":null,"unit_of_measure":null,"unit_size":null,"unit_size_formatted":null,"upc":"020714919993","vto":{"is_color_experience":null,"is_foundation_experience":null}}]},"sub_display_name":"CFM スターター キット","sub_header":null,"tags":{"total":5,"items":[{"id":"17696","key":"gifts-for-him","parent_tag_id":"1000020","product_display_order":0,"value":"Gifts for him"},{"id":"1618","key":"メンズセットギフト","parent_tag_id":"1609","product_display_order":2,"value":"メンズセット＆ギフト"},{"id":"13659","key":"トライアルサイズ","parent_tag_id":"1667","product_display_order":5,"value":"トライアルサイズ"},{"id":"1685","key":"セットギフト","parent_tag_id":"1684","product_display_order":34,"value":"セット＆ギフト"},{"id":"1619","key":"セットギフト","parent_tag_id":"1618","product_display_order":0,"value":"セット＆ギフト"}]},"usage":[{"content":null,"label":"PRODUCT USAGE","type":"product_usage"},{"content":null,"label":"HOW DOES IT WORK","type":"how_does_it_work"},{"content":null,"label":"WHO IT IS FOR","type":"who_it_is_for"},{"content":null,"label":"GREAT TO KNOW","type":"great_to_know"},{"content":null,"label":"WHAT_IT_DOES","type":"what_it_does"},{"content":null,"label":"WHAT_IT_IS","type":"what_it_is"}],"objectID":"57922"},{"benefit":{"statement":null,"benefits":null},"brand":null,"collection":null,"coverage":null,"cross_sell":null,"default_category":{"id":"16422","key":"セットギフト"},"description":"<body bgcolor='White' style='font-family:sans-serif;'><div style='font-size:10pt;'><span style=\"color: #f547b2\">Mini's製品をご購入で次回ご利用可能な500円クーポン*プレゼント！<br>さらにMini's2品以上のご購入で送料無料。</span><br><br>旅行や出張に、トライアルにいい男の肌を体験。<br>クリニークのメンズ基本スターター キット。<br>洗う、除く、潤す－<br>乾燥やくすみ感、テカリ、毛穴の黒ずみなど男の肌の敵に、皮膚科学をヒントに立ち向かうクリニークの基本ケア。<br>たっぷりと１０日分お試しいただけるセットです。<br><br>セットするのは、汗や皮脂をすっきり穏やかに洗い上げるリキッドソープ、洗顔では落としきれない、古い角質をふき取って取り除くローション、テカらず、しっとり潤す保湿アイテムの３アイテム。<br><br>スキンタイプにあわせて、カサつきが気になる乾燥～混合肌用、またはベタつきが気になる混合～脂性肌用の２種類からお選びいただけます。<br><br>◎混合～脂性肌用<br>【セット内容】<br>①オイル コントロール フェース ウォッシュ (リキッドソープ) 30mL<br>②オイル コントロール エクスフォリエーティング トニック (角質ケア ローション) 30mL<br>③オイル コントロール モイスチャライザー (ジェル状乳液) 14g<small>*ご購入の製品と一緒にクーポンをお届けいたします。<br>*クーポンコードの使用期限はお届けから30日となります。<br>*おひとり様1回限りご利用が可能です。<br>*クーポンは公式オンラインショップのみでご使用いただけます。（百貨店店舗ではご利用いただけません）</small></div></body>","display_mode":null,"display_name":"CFM オイル コントロール スターター キット","display_status":7,"finish":null,"form":null,"formula_type":null,"fragrance_family":null,"indexable_keywords":null,"is_hazmat":false,"is_product_coming_soon":null,"is_product_displayable":true,"is_product_searchable":true,"is_product_shoppable":true,"is_product_sold_out":null,"is_product_temporarily_out_of_stock":null,"is_search_suppressed":null,"key_ingredient":null,"media":{"large":null,"medium":null,"poster":null,"small":null,"videos":[{"position":null,"poster":{"height":null,"src":null,"width":null},"provider":"YouTube","src":null},{"position":null,"poster":{"height":null,"src":null,"width":null},"provider":"YouTube","src":null},{"position":null,"poster":{"height":null,"src":null,"width":null},"provider":"YouTube","src":null}],"xl":null},"meta":{"description":null,"keywords":null},"parent_category":[{"id":"16422","value":"セット＆ギフト"},{"id":"1585","value":"Gift Center"}],"product_badge":null,"product_id":"57923","product_title_tag":null,"product_type":"Other","product_url":"/product/16422/57923/gift-center/cfm--/cfm-oil-control-starter-kit","reviews":{"average_rating":null,"number_of_questions":null,"number_of_reviews":null},"shade_groups":null,"short_description":"<body bgcolor='White' style='font-family:sans-serif;'><div style='font-size:10pt;'><span style=\"color: #f547b2\">Mini's製品をご購入で次回ご利用可能な500円クーポン*プレゼント！<br>さらにMini's2品以上のご購入で送料無料。</span><br><br>旅行や出張に、トライアルにいい男の肌を体験。<br>クリニークのメンズ基本スターター キット。<br>洗う、除く、潤す－<br>乾燥やくすみ感、テカリ、毛穴の黒ずみなど男の肌の敵に、皮膚科学をヒントに立ち向かうクリニークの基本ケア。<br>たっぷりと１０日分お試しいただけるセットです。<br><br>セットするのは、汗や皮脂をすっきり穏やかに洗い上げるリキッドソープ、洗顔では落としきれない、古い角質をふき取って取り除くローション、テカらず、しっとり潤す保湿アイテムの３アイテム。<br><br>スキンタイプにあわせて、カサつきが気になる乾燥～混合肌用、またはベタつきが気になる混合～脂性肌用の２種類からお選びいただけます。<br><br>◎混合～脂性肌用<br>【セット内容】<br>①オイル コントロール フェース ウォッシュ (リキッドソープ) 30mL<br>②オイル コントロール エクスフォリエーティング トニック (角質ケア ローション) 30mL<br>③オイル コントロール モイスチャライザー (ジェル状乳液) 14g<small>*ご購入の製品と一緒にクーポンをお届けいたします。<br>*クーポンコードの使用期限はお届けから30日となります。<br>*おひとり様1回限りご利用が可能です。<br>*クーポンは公式オンラインショップのみでご使用いただけます。（百貨店店舗ではご利用いただけません）</small></div></body>","skin":null,"skin_goal":null,"skus":{"total":1,"items":[{"color_family":null,"coverage_options":null,"cross_sell":null,"display_status":7,"finish":null,"finish_options":null,"fragrances":[{"family":null,"key":null,"value":null}],"iln_listing":null,"iln_version_number":null,"inventory_status":"Active","is_active":true,"is_coming_soon":null,"is_default_sku":false,"is_discountable":true,"is_displayable":null,"is_engravable":null,"is_fragrance":null,"is_giftable":null,"is_giftwrap":false,"is_inactive":null,"is_multi_shaded":null,"is_out_of_stock":null,"is_preorder":false,"is_preorderable":null,"is_promotional":null,"is_replenishable":false,"is_search_suppressed":null,"is_searchable":true,"is_shaded":null,"is_sized":null,"is_sold_out":null,"is_under_weight_hazmat":false,"is_vto_enabled":null,"life_of_product":"Basic Reorder","material_code":"K77Y010000","media":{"large":[{"alt":"CFM オイル コントロール スターター キット","height":1200,"position":0,"src":"/media/export/cms/products/1200x1500/cl_sku_K77Y01_1200x1500_0.png","type":"image","width":1500}],"medium":[{"alt":"CFM オイル コントロール スターター キット","height":600,"position":1,"src":"/media/export/cms/products/600x750/cl_sku_K77Y01_600x750_0.png","type":"image","width":750}],"model":null,"poster":null,"small":[{"alt":"CFM オイル コントロール スターター キット","height":1200,"position":2,"src":"/media/export/cms/products/1200x1500/cl_sku_K77Y01_1200x1500_0.png","type":"image","width":1500}],"smoosh":null,"xl":null},"out_of_stock_threshold":null,"perlgem":{"SKU_BASE_ID":92551},"preorder_date":null,"prices":[{"currency":"JPY","exclude_tax":{"original_price":1500,"original_price_formatted":"¥1,500","price":1500,"price_formatted":"¥1,500","price_per_unit":null,"price_per_unit_formatted":""},"include_tax":{"original_price":1650,"original_price_formatted":"¥1,650","price":1650,"price_formatted":"¥1,650","price_per_unit":null,"price_per_unit_formatted":""},"is_discounted":false}],"purchase_limit":null,"replenishment":{"message":null},"reviews":{"average_rating":null,"number_of_questions":null,"number_of_reviews":null},"set_components":null,"shade_groups":null,"shades":null,"sizes":[{"key":1,"value":null}],"skin":{"tone":null,"type":null,"type_description":null},"sku_badge":null,"sku_badge_image":null,"sku_display_order":0,"sku_id":"K77Y01","sku_promo_messaging":null,"sku_type":"SE","sku_url":null,"tags":{"total":5,"items":[{"id":"13659","key":"トライアルサイズ","value":"トライアルサイズ"},{"id":"1618","key":"メンズセットギフト","value":"メンズセット＆ギフト"},{"id":"16422","key":"セットギフト","value":"セット＆ギフト"},{"id":"1619","key":"セットギフト","value":"セット＆ギフト"},{"id":"1685","key":"セットギフト","value":"セット＆ギフト"}]},"texture":null,"undertone":null,"unit_of_measure":null,"unit_size":null,"unit_size_formatted":null,"upc":"020714920012","vto":{"is_color_experience":null,"is_foundation_experience":null}}]},"sub_display_name":"CFM オイル コントロール スターター キット","sub_header":null,"tags":{"total":5,"items":[{"id":"13659","key":"トライアルサイズ","parent_tag_id":"1667","product_display_order":6,"value":"トライアルサイズ"},{"id":"1618","key":"メンズセットギフト","parent_tag_id":"1609","product_display_order":7,"value":"メンズセット＆ギフト"},{"id":"16422","key":"セットギフト","parent_tag_id":"1585","product_display_order":27,"value":"セット＆ギフト"},{"id":"1619","key":"セットギフト","parent_tag_id":"1618","product_display_order":1,"value":"セット＆ギフト"},{"id":"1685","key":"セットギフト","parent_tag_id":"1684","product_display_order":32,"value":"セット＆ギフト"}]},"usage":[{"content":null,"label":"PRODUCT USAGE","type":"product_usage"},{"content":null,"label":"HOW DOES IT WORK","type":"how_does_it_work"},{"content":null,"label":"WHO IT IS FOR","type":"who_it_is_for"},{"content":null,"label":"GREAT TO KNOW","type":"great_to_know"},{"content":null,"label":"WHAT_IT_DOES","type":"what_it_does"},{"content":null,"label":"WHAT_IT_IS","type":"what_it_is"}],"objectID":"57923"},{"benefit":{"statement":null,"benefits":null},"brand":null,"collection":null,"coverage":null,"cross_sell":[{"sku_id":"6L4P01","sort_key":1},{"sku_id":"6LJ401","sort_key":2},{"sku_id":"72M701","sort_key":3},{"sku_id":"70JW01","sort_key":4},{"sku_id":"6KAK01","sort_key":5},{"sku_id":"71PN01","sort_key":6}],"default_category":{"id":"12632","key":"敏感"},"description":"やさしく洗い上げるしっとりタイプの敏感肌用クレンジングクリーム。<br><br>低刺激性処方で敏感肌をいたわり、皮膚の水分を保ちながら、メークや皮脂などの汚れを落とします。<br>RDソリューションズシリーズのステップ１。RDソリューションズシリーズには洗顔、保湿、ＵＶケアの３つのステップがあります。<br><br>クリニーク クリーン フィロソフィー<br><br>パラベンフリー<br>フタル酸エステル不使用　<br>無香料<br>肌が喜ぶスキンケア","display_mode":null,"display_name":"RD ソリューションズ マイルド クレンザー","display_status":7,"finish":null,"form":null,"formula_type":null,"fragrance_family":null,"indexable_keywords":[{"value":"敏感"}],"is_hazmat":false,"is_product_coming_soon":null,"is_product_displayable":true,"is_product_searchable":true,"is_product_shoppable":true,"is_product_sold_out":null,"is_product_temporarily_out_of_stock":null,"is_search_suppressed":null,"key_ingredient":null,"media":{"large":[{"alt":"RD ソリューションズ マイルド クレンザー","height":1200,"position":0,"src":"/media/export/cms/products/1200x1500/cl_prod_5800_1200x1500_0.png","type":"image","width":1500}],"medium":null,"poster":null,"small":[{"alt":"RD ソリューションズ マイルド クレンザー","height":1200,"position":1,"src":"/media/export/cms/products/1200x1500/cl_prod_5800_1200x1500_0.png","type":"image","width":1500}],"videos":[{"position":null,"poster":{"height":null,"src":null,"width":null},"provider":null,"src":null},{"position":null,"poster":{"height":null,"src":null,"width":null},"provider":null,"src":null},{"position":null,"poster":{"height":null,"src":null,"width":null},"provider":null,"src":null}],"xl":null},"meta":{"description":null,"keywords":"敏感"},"parent_category":[{"id":"12632","value":"敏感"},{"id":"1667","value":"スキンケア"}],"product_badge":null,"product_id":"5800","product_title_tag":null,"product_type":"Sized","product_url":"/product/12632/5800/rd-/redness-solutions-with-probiotic-technology-soothing-cleanser","reviews":{"average_rating":null,"number_of_questions":null,"number_of_reviews":null},"shade_groups":null,"short_description":"やさしく洗い上げるしっとりタイプの敏感肌用クレンジングクリーム。<br><br>低刺激性処方で敏感肌をいたわり、皮膚の水分を保ちながら、メークや皮脂などの汚れを落とします。<br>RDソリューションズシリーズのステップ１。RDソリューションズシリーズには洗顔、保湿、ＵＶケアの３つのステップがあります。<br><br>クリニーク クリーン フィロソフィー<br><br>パラベンフリー<br>フタル酸エステル不使用　<br>無香料<br>肌が喜ぶスキンケア","skin":null,"skin_goal":null,"skus":{"total":1,"items":[{"color_family":null,"coverage_options":null,"cross_sell":null,"display_status":7,"finish":null,"finish_options":null,"fragrances":[{"family":null,"key":null,"value":null}],"iln_listing":"水・スクワラン・グリセリン・ＢＧ・フェニルトリメチコン・（アクリロイルジメチルタウリンアンモニウム／ＶＰ）コポリマー・ステアリン酸スクロース・カプリリルグリコール・ＰＰＧ－２０メチルグルコース・カフェイン・ジカプリン酸ＰＧ・アセチルグルコサミン・コレステロール・ＥＤＴＡ－２Ｎａ・ヒマワリ油粕・乳酸桿菌発酵液・ＢＨＴ・カミツレ油・ステアリン酸・オオムギエキス・シーウィップエキス・塩化Ｎａ・カラスムギ穀粒エキス・キュウリ果実エキス・黄４・緑２０１・青１・フェノキシエタノール・ポリアミノプロピルビグアニド<JILN6237>","iln_version_number":"JILN6237","inventory_status":"Active","is_active":true,"is_coming_soon":null,"is_default_sku":true,"is_discountable":true,"is_displayable":null,"is_engravable":null,"is_fragrance":null,"is_giftable":null,"is_giftwrap":false,"is_inactive":null,"is_multi_shaded":null,"is_out_of_stock":null,"is_preorder":false,"is_preorderable":null,"is_promotional":null,"is_replenishable":false,"is_search_suppressed":null,"is_searchable":true,"is_shaded":null,"is_sized":null,"is_sold_out":null,"is_under_weight_hazmat":false,"is_vto_enabled":null,"life_of_product":"Basic Reorder","material_code":"6L4N010001","media":{"large":[{"alt":"RD ソリューションズ マイルド クレンザー","height":1200,"position":0,"src":"/media/export/cms/products/1200x1500/cl_sku_6L4N01_1200x1500_0.png","type":"image","width":1500}],"medium":[{"alt":"RD ソリューションズ マイルド クレンザー","height":600,"position":1,"src":"/media/export/cms/products/600x750/cl_sku_6L4N01_600x750_0.png","type":"image","width":750},{"alt":"RD ソリューションズ マイルド クレンザー","height":600,"position":2,"src":"/media/export/cms/products/600x750/cl_sku_6L4N01_600x750_1.png","type":"image","width":750}],"model":null,"poster":null,"small":[{"alt":"RD ソリューションズ マイルド クレンザー","height":1200,"position":3,"src":"/media/export/cms/products/1200x1500/cl_sku_6L4N01_1200x1500_0.png","type":"image","width":1500}],"smoosh":null,"xl":null},"out_of_stock_threshold":null,"perlgem":{"SKU_BASE_ID":13921},"preorder_date":null,"prices":[{"currency":"JPY","exclude_tax":{"original_price":4200,"original_price_formatted":"¥4,200","price":4200,"price_formatted":"¥4,200","price_per_unit":null,"price_per_unit_formatted":""},"include_tax":{"original_price":4620,"original_price_formatted":"¥4,620","price":4620,"price_formatted":"¥4,620","price_per_unit":null,"price_per_unit_formatted":""},"is_discounted":false}],"purchase_limit":null,"replenishment":{"message":"Recommended Auto-Ship cycle: 6 weeks  Learn more >"},"reviews":{"average_rating":null,"number_of_questions":null,"number_of_reviews":null},"set_components":null,"shade_groups":null,"shades":null,"sizes":[{"key":1,"value":"150mL"}],"skin":{"tone":null,"type":null,"type_description":null},"sku_badge":null,"sku_badge_image":null,"sku_display_order":0,"sku_id":"6L4N01","sku_promo_messaging":null,"sku_type":"SE","sku_url":null,"tags":{"total":6,"items":[{"id":"27174","key":"day7flashsale","value":"Day7FlashSale"},{"id":"1572","key":"ステップ１洗う","value":"ステップ１：洗う"},{"id":"27173","key":"day6flashsale","value":"Day6FlashSale"},{"id":"1673","key":"クレンジング洗顔","value":"クレンジング・洗顔"},{"id":"12632","key":"敏感","value":"敏感"},{"id":"27172","key":"day5flashsale","value":"Day5FlashSale"}]},"texture":null,"undertone":null,"unit_of_measure":null,"unit_size":null,"unit_size_formatted":null,"upc":"020714297909","vto":{"is_color_experience":null,"is_foundation_experience":null}}]},"sub_display_name":"RD ソリューションズ マイルド クレンザー","sub_header":null,"tags":{"total":6,"items":[{"id":"27174","key":"day7flashsale","parent_tag_id":"1590","product_display_order":0,"value":"Day7FlashSale"},{"id":"1572","key":"ステップ１洗う","parent_tag_id":"1570","product_display_order":14,"value":"ステップ１：洗う"},{"id":"27173","key":"day6flashsale","parent_tag_id":"1590","product_display_order":0,"value":"Day6FlashSale"},{"id":"1673","key":"クレンジング洗顔","parent_tag_id":"1667","product_display_order":23,"value":"クレンジング・洗顔"},{"id":"12632","key":"敏感","parent_tag_id":"1667","product_display_order":0,"value":"敏感"},{"id":"27172","key":"day5flashsale","parent_tag_id":"1590","product_display_order":33,"value":"Day5FlashSale"}]},"usage":[{"content":"適量を取り、優しく肌にのばしてメークや汚れとよくなじませます。その後、ぬるま湯で洗い流すか、ティッシュで拭き取って下さい。","label":"PRODUCT USAGE","type":"product_usage"},{"content":null,"label":"HOW DOES IT WORK","type":"how_does_it_work"},{"content":null,"label":"WHO IT IS FOR","type":"who_it_is_for"},{"content":null,"label":"GREAT TO KNOW","type":"great_to_know"},{"content":null,"label":"WHAT_IT_DOES","type":"what_it_does"},{"content":null,"label":"WHAT_IT_IS","type":"what_it_is"}],"objectID":"5800"},{"benefit":{"statement":null,"benefits":null},"brand":null,"collection":[{"key":"dramatically-dif-collection","value":"dramatically_dif_collection"}],"coverage":null,"cross_sell":[{"sku_id":"667H01","sort_key":1},{"sku_id":null,"sort_key":2},{"sku_id":"62A401","sort_key":3},{"sku_id":"6F3701","sort_key":4},{"sku_id":"76WY01","sort_key":5},{"sku_id":"6EM601","sort_key":6}],"default_category":{"id":"14706","key":"スペシャルケア"},"description":"透明感、極まる。<br>長時間うるおい補給 + 環境ストレスから守り抜く<br><br>見えない大気汚染、花粉の飛散、PCやスマホのブルーライト、温暖化、そして渇き。<br>現代の肌は、さまざまな環境ストレスにさらされています。<br>クリニークの応えは、透明な、ベタつかない、新感覚のジェリー モイスチャライザー。<br>“クリーン シールド テクノロジー”で、うるおいなど肌に「良いもの」だけを摂り入れ、渇きなど肌に「悪いもの」はシャットアウト。<br><div>すこやかで、負けない、みずみずしい、透明感がきわだつピュア肌へと導きます。</div>","display_mode":null,"display_name":"ドラマティカリー ディファレント ハイドレーティング ジェリー","display_status":7,"finish":null,"form":[{"key":"watery-form","value":"watery_form"}],"formula_type":null,"fragrance_family":null,"indexable_keywords":[{"value":"DDHJ"},{"value":" 3-step"},{"value":" dry"},{"value":" sensitive"},{"value":" hypoallergenic"},{"value":" fresh"},{"value":" lightweight"},{"value":" dramatically"},{"value":" dramatically different"},{"value":" oil free"},{"value":" hydrating"},{"value":" water jelly"},{"value":" jelly"}],"is_hazmat":false,"is_product_coming_soon":null,"is_product_displayable":true,"is_product_searchable":true,"is_product_shoppable":true,"is_product_sold_out":null,"is_product_temporarily_out_of_stock":null,"is_search_suppressed":null,"key_ingredient":null,"media":{"large":[{"alt":"ドラマティカリー ディファレント ハイドレーティング ジェリー","height":1200,"position":0,"src":"/media/export/cms/products/1200x1500/cl_prod_58208_1200x1500_0.png","type":"image","width":1500},{"alt":"ドラマティカリー ディファレント ハイドレーティング ジェリー","height":1200,"position":1,"src":"/media/export/cms/products/1200x1500/cl_prod_58208_1200x1500_1.png","type":"image","width":1500}],"medium":null,"poster":null,"small":[{"alt":"ドラマティカリー ディファレント ハイドレーティング ジェリー","height":1200,"position":2,"src":"/media/export/cms/products/1200x1500/cl_prod_58208_1200x1500_0.png","type":"image","width":1500},{"alt":"ドラマティカリー ディファレント ハイドレーティング ジェリー","height":1200,"position":3,"src":"/media/export/cms/products/1200x1500/cl_prod_58208_1200x1500_1.png","type":"image","width":1500}],"videos":[{"position":null,"poster":{"height":null,"src":null,"width":null},"provider":"YouTube","src":null},{"position":null,"poster":{"height":null,"src":null,"width":null},"provider":"YouTube","src":null},{"position":null,"poster":{"height":null,"src":null,"width":null},"provider":"YouTube","src":null}],"xl":null},"meta":{"description":null,"keywords":"DDHJ, 3-step, dry, sensitive, hypoallergenic, fresh, lightweight, dramatically, dramatically different, oil free, hydrating, water jelly, jelly"},"parent_category":[{"id":"14706","value":"スペシャルケア"},{"id":"1667","value":"スキンケア"}],"product_badge":null,"product_id":"58208","product_title_tag":null,"product_type":"Sized","product_url":"/product/14706/58208/-/dramatically-different-hydrating-jelly","reviews":{"average_rating":null,"number_of_questions":null,"number_of_reviews":null},"shade_groups":null,"short_description":"新感覚のジェリー モイスチャライザー。","skin":{"concern":[{"key":"oil-free-concern","value":"oil_free_concern"},{"key":"dry-concern","value":"dry_concern"},{"key":"sensitive-concern","value":"sensitive_concern"},{"key":"dehydration-concern","value":"dehydration_concern"}]},"skin_goal":null,"skus":{"total":2,"items":[{"color_family":null,"coverage_options":null,"cross_sell":null,"display_status":7,"finish":null,"finish_options":null,"fragrances":[{"family":null,"key":null,"value":null}],"iln_listing":"水・ビスＰＥＧ－１８メチルエーテルジメチルシラン・ＢＧ・グリセリン・スクロース・ヒドロキシエチルウレア・カルボマー・カプリリルグリコール・トレハロース・ポリソルベート８０・カフェイン・ＰＰＧ－６デシルテトラデセス－３０・ソルビトール・ポリアスパラギン酸Ｎａ・水酸化Ｎａ・ジカプリン酸ＰＧ・ＥＤＴＡ－２Ｎａ・エチルヘキシルグリセリン・ヘキシレングリコール・ヒマワリ油粕・クエン酸Ｎａ・ヒアルロン酸Ｎａ・加水分解コメエキス・クエン酸・オオムギ種子エキス・キュウリ果実エキス・パジナパボニカ葉状体エキス・カギイバラノリエキス・シマテングサエキス・フェノキシエタノール<JILN8499>","iln_version_number":"JILN8499","inventory_status":"Active","is_active":true,"is_coming_soon":null,"is_default_sku":true,"is_discountable":true,"is_displayable":null,"is_engravable":null,"is_fragrance":null,"is_giftable":null,"is_giftwrap":false,"is_inactive":null,"is_multi_shaded":null,"is_out_of_stock":null,"is_preorder":false,"is_preorderable":null,"is_promotional":null,"is_replenishable":false,"is_search_suppressed":null,"is_searchable":true,"is_shaded":null,"is_sized":null,"is_sold_out":null,"is_under_weight_hazmat":false,"is_vto_enabled":null,"life_of_product":"Basic Reorder","material_code":"K9FL010000","media":{"large":[{"alt":"ドラマティカリー ディファレント ハイドレーティング ジェリー","height":1200,"position":0,"src":"/media/export/cms/products/1200x1500/cl_sku_K9FL01_1200x1500_0.png","type":"image","width":1500}],"medium":[{"alt":"ドラマティカリー ディファレント ハイドレーティング ジェリー","height":600,"position":1,"src":"/media/export/cms/products/600x750/cl_sku_K9FL01_600x750_0.png","type":"image","width":750},{"alt":"ドラマティカリー ディファレント ハイドレーティング ジェリー","height":600,"position":2,"src":"/media/export/cms/products/600x750/cl_sku_K9FL01_600x750_1.png","type":"image","width":750}],"model":null,"poster":null,"small":[{"alt":"ドラマティカリー ディファレント ハイドレーティング ジェリー","height":1200,"position":3,"src":"/media/export/cms/products/1200x1500/cl_sku_K9FL01_1200x1500_0.png","type":"image","width":1500}],"smoosh":null,"xl":null},"out_of_stock_threshold":null,"perlgem":{"SKU_BASE_ID":92881},"preorder_date":null,"prices":[{"currency":"JPY","exclude_tax":{"original_price":6500,"original_price_formatted":"¥6,500","price":6500,"price_formatted":"¥6,500","price_per_unit":null,"price_per_unit_formatted":""},"include_tax":{"original_price":7150,"original_price_formatted":"¥7,150","price":7150,"price_formatted":"¥7,150","price_per_unit":null,"price_per_unit_formatted":""},"is_discounted":false}],"purchase_limit":null,"replenishment":{"message":"Recommended Auto-Ship cycle: 12 weeks  Learn more >"},"reviews":{"average_rating":null,"number_of_questions":null,"number_of_reviews":null},"set_components":null,"shade_groups":null,"shades":null,"sizes":[{"key":1,"value":"125mL"}],"skin":{"tone":null,"type":[{"key":"dry-skintype","value":"dry_skintype"},{"key":"combination-skintype","value":"combination_skintype"},{"key":"oily-skintype","value":"oily_skintype"}],"type_description":null},"sku_badge":null,"sku_badge_image":null,"sku_display_order":1,"sku_id":"K9FL01","sku_promo_messaging":null,"sku_type":"SE","sku_url":null,"tags":{"total":15,"items":[{"id":"27172","key":"day5flashsale","value":"Day5FlashSale"},{"id":"22381","key":"スキンケア","value":"スキンケア"},{"id":"1575","key":"ベストセラー","value":"ベストセラー"},{"id":"14706","key":"スペシャルケア","value":"スペシャルケア"},{"id":"13304","key":"スペシャルケア","value":"スペシャルケア"},{"id":"13301","key":"乳液クリーム","value":"乳液・クリーム"},{"id":"19570","key":"おすすめ製品","value":"おすすめ製品"},{"id":"1570","key":"３ステップ","value":"３ステップ"},{"id":"1667","key":"スキンケア","value":"スキンケア"},{"id":"27168","key":"day1flashsale","value":"Day1FlashSale"},{"id":"1687","key":"乾燥","value":"乾燥"},{"id":"22835","key":"breastcancercampaign","value":"BreastCancerCampaign"},{"id":"27174","key":"day7flashsale","value":"Day7FlashSale"},{"id":"12517","key":"oil-free","value":"Oil-Free"},{"id":"1574","key":"ステップ３潤す","value":"ステップ３：潤す"}]},"texture":null,"undertone":null,"unit_of_measure":null,"unit_size":null,"unit_size_formatted":null,"upc":"020714939472","vto":{"is_color_experience":null,"is_foundation_experience":null}},{"color_family":null,"coverage_options":null,"cross_sell":null,"display_status":7,"finish":null,"finish_options":null,"fragrances":[{"family":null,"key":null,"value":null}],"iln_listing":"水・ビスＰＥＧ－１８メチルエーテルジメチルシラン・ＢＧ・グリセリン・スクロース・ヒドロキシエチルウレア・カルボマー・カプリリルグリコール・トレハロース・ポリソルベート８０・カフェイン・ＰＰＧ－６デシルテトラデセス－３０・ソルビトール・ポリアスパラギン酸Ｎａ・水酸化Ｎａ・ジカプリン酸ＰＧ・ＥＤＴＡ－２Ｎａ・エチルヘキシルグリセリン・ヘキシレングリコール・ヒマワリ油粕・クエン酸Ｎａ・ヒアルロン酸Ｎａ・加水分解コメエキス・クエン酸・オオムギ種子エキス・キュウリ果実エキス・パジナパボニカ葉状体エキス・カギイバラノリエキス・シマテングサエキス・フェノキシエタノール<JILN8499>","iln_version_number":"JILN8499","inventory_status":"Active","is_active":true,"is_coming_soon":null,"is_default_sku":false,"is_discountable":true,"is_displayable":null,"is_engravable":null,"is_fragrance":null,"is_giftable":null,"is_giftwrap":false,"is_inactive":null,"is_multi_shaded":null,"is_out_of_stock":null,"is_preorder":false,"is_preorderable":null,"is_promotional":null,"is_replenishable":false,"is_search_suppressed":null,"is_searchable":true,"is_shaded":null,"is_sized":null,"is_sold_out":null,"is_under_weight_hazmat":false,"is_vto_enabled":null,"life_of_product":"Basic Reorder","material_code":"KFP5010000","media":{"large":[{"alt":"ドラマティカリー ディファレント ハイドレーティング ジェリー","height":1200,"position":0,"src":"/media/export/cms/products/1200x1500/cl_sku_KFP501_1200x1500_0.png","type":"image","width":1500}],"medium":[{"alt":"ドラマティカリー ディファレント ハイドレーティング ジェリー","height":600,"position":1,"src":"/media/export/cms/products/600x750/cl_sku_KFP501_600x750_0.png","type":"image","width":750}],"model":null,"poster":null,"small":[{"alt":"ドラマティカリー ディファレント ハイドレーティング ジェリー","height":1200,"position":2,"src":"/media/export/cms/products/1200x1500/cl_sku_KFP501_1200x1500_0.png","type":"image","width":1500}],"smoosh":null,"xl":null},"out_of_stock_threshold":null,"perlgem":{"SKU_BASE_ID":92883},"preorder_date":null,"prices":[{"currency":"JPY","exclude_tax":{"original_price":3500,"original_price_formatted":"¥3,500","price":3500,"price_formatted":"¥3,500","price_per_unit":null,"price_per_unit_formatted":""},"include_tax":{"original_price":3850,"original_price_formatted":"¥3,850","price":3850,"price_formatted":"¥3,850","price_per_unit":null,"price_per_unit_formatted":""},"is_discounted":false}],"purchase_limit":null,"replenishment":{"message":"Recommended Auto-Ship cycle: 6 weeks  Learn more >"},"reviews":{"average_rating":null,"number_of_questions":null,"number_of_reviews":null},"set_components":null,"shade_groups":null,"shades":null,"sizes":[{"key":1,"value":"50mL"}],"skin":{"tone":null,"type":[{"key":"dry-skintype","value":"dry_skintype"},{"key":"combination-skintype","value":"combination_skintype"},{"key":"oily-skintype","value":"oily_skintype"}],"type_description":null},"sku_badge":null,"sku_badge_image":null,"sku_display_order":1,"sku_id":"KFP501","sku_promo_messaging":null,"sku_type":"SE","sku_url":null,"tags":{"total":12,"items":[{"id":"27172","key":"day5flashsale","value":"Day5FlashSale"},{"id":"1575","key":"ベストセラー","value":"ベストセラー"},{"id":"14706","key":"スペシャルケア","value":"スペシャルケア"},{"id":"13304","key":"スペシャルケア","value":"スペシャルケア"},{"id":"13301","key":"乳液クリーム","value":"乳液・クリーム"},{"id":"1570","key":"３ステップ","value":"３ステップ"},{"id":"1667","key":"スキンケア","value":"スキンケア"},{"id":"27168","key":"day1flashsale","value":"Day1FlashSale"},{"id":"1687","key":"乾燥","value":"乾燥"},{"id":"27174","key":"day7flashsale","value":"Day7FlashSale"},{"id":"12517","key":"oil-free","value":"Oil-Free"},{"id":"1574","key":"ステップ３潤す","value":"ステップ３：潤す"}]},"texture":null,"undertone":null,"unit_of_measure":null,"unit_size":null,"unit_size_formatted":null,"upc":"020714974817","vto":{"is_color_experience":null,"is_foundation_experience":null}}]},"sub_display_name":"ドラマティカリー ディファレント ハイドレーティング ジェリー","sub_header":null,"tags":{"total":22,"items":[{"id":"27172","key":"day5flashsale","parent_tag_id":"1590","product_display_order":1,"value":"Day5FlashSale"},{"id":"25565","key":"justarrivednew","parent_tag_id":null,"product_display_order":0,"value":"justarrivednew"},{"id":"22381","key":"スキンケア","parent_tag_id":"1000020","product_display_order":0,"value":"スキンケア"},{"id":"1575","key":"ベストセラー","parent_tag_id":null,"product_display_order":55,"value":"ベストセラー"},{"id":"14706","key":"スペシャルケア","parent_tag_id":"1667","product_display_order":29,"value":"スペシャルケア"},{"id":"13304","key":"スペシャルケア","parent_tag_id":"1667","product_display_order":22,"value":"スペシャルケア"},{"id":"13301","key":"乳液クリーム","parent_tag_id":"1667","product_display_order":14,"value":"乳液・クリーム"},{"id":"19570","key":"おすすめ製品","parent_tag_id":"1000020","product_display_order":63,"value":"おすすめ製品"},{"id":"8194","key":"top-ten","parent_tag_id":null,"product_display_order":0,"value":"Top Ten"},{"id":"1570","key":"３ステップ","parent_tag_id":null,"product_display_order":0,"value":"３ステップ"},{"id":"1667","key":"スキンケア","parent_tag_id":null,"product_display_order":115,"value":"スキンケア"},{"id":"27168","key":"day1flashsale","parent_tag_id":"1590","product_display_order":0,"value":"Day1FlashSale"},{"id":"1687","key":"乾燥","parent_tag_id":"1667","product_display_order":83,"value":"乾燥"},{"id":"22835","key":"breastcancercampaign","parent_tag_id":"1000020","product_display_order":3,"value":"BreastCancerCampaign"},{"id":"12602","key":"jumbo-3-step","parent_tag_id":"1570","product_display_order":0,"value":"Jumbo 3-Step"},{"id":"27174","key":"day7flashsale","parent_tag_id":"1590","product_display_order":0,"value":"Day7FlashSale"},{"id":"25016","key":"top-sellers","parent_tag_id":"4323","product_display_order":0,"value":"Top Sellers"},{"id":"13770","key":"gwp","parent_tag_id":null,"product_display_order":0,"value":"GWP"},{"id":"12517","key":"oil-free","parent_tag_id":"1667","product_display_order":0,"value":"Oil-Free"},{"id":"1574","key":"ステップ３潤す","parent_tag_id":"1570","product_display_order":20,"value":"ステップ３：潤す"},{"id":"13659","key":"トライアルサイズ","parent_tag_id":"1667","product_display_order":0,"value":"トライアルサイズ"},{"id":"9428","key":"top10","parent_tag_id":"9420","product_display_order":0,"value":"top10"}]},"usage":[{"content":"朝と夜、ソープ・ローションの後に、適量を顔全体と首にご使用ください。","label":"PRODUCT USAGE","type":"product_usage"},{"content":null,"label":"HOW DOES IT WORK","type":"how_does_it_work"},{"content":"すべてのスキンタイプ","label":"WHO IT IS FOR","type":"who_it_is_for"},{"content":null,"label":"GREAT TO KNOW","type":"great_to_know"},{"content":"“クリーン シールド テクノロジー”で、うるおいなど肌に「良いもの」だけを摂り入れ、渇きなど肌に「悪いもの」はシャットアウト。すこやかで、負けない、みずみずしい、透明感がきわだつピュア肌へと導きます。","label":"WHAT_IT_DOES","type":"what_it_does"},{"content":"クリニークの応えは、透明な、ベタつかない、新感覚のジェリー モイスチャライザー。","label":"WHAT_IT_IS","type":"what_it_is"}],"objectID":"58208"},{"benefit":{"statement":null,"benefits":[{"key":"thickening-benefit","value":"thickening_benefit"}]},"brand":null,"collection":null,"coverage":null,"cross_sell":[{"sku_id":"6CLW01","sort_key":1},{"sku_id":"68A001","sort_key":2},{"sku_id":"62A401","sort_key":3},{"sku_id":"68A001","sort_key":4},{"sku_id":"7JHT01","sort_key":5},{"sku_id":"75X301","sort_key":6}],"default_category":{"id":"1606","key":"マスカラ"},"description":"<body bgcolor='White' style='font-family:sans-serif;font-size:10pt;'>下まつげ用マスカラ。短くまばらなまつげにも塗りやすい世界最小級の極小ブラシを採用。汗や皮脂、涙にもにじまないロングウェアリング フォーミュラ。ぬるま湯で簡単にオフ。</body>","display_mode":null,"display_name":"ボトム ラッシュ マスカラ","display_status":7,"finish":null,"form":null,"formula_type":null,"fragrance_family":null,"indexable_keywords":null,"is_hazmat":false,"is_product_coming_soon":null,"is_product_displayable":true,"is_product_searchable":true,"is_product_shoppable":true,"is_product_sold_out":null,"is_product_temporarily_out_of_stock":null,"is_search_suppressed":null,"key_ingredient":null,"media":{"large":null,"medium":null,"poster":null,"small":null,"videos":[{"position":null,"poster":{"height":null,"src":null,"width":null},"provider":null,"src":null},{"position":null,"poster":{"height":null,"src":null,"width":null},"provider":null,"src":null},{"position":null,"poster":{"height":null,"src":null,"width":null},"provider":null,"src":null}],"xl":null},"meta":{"description":null,"keywords":null},"parent_category":[{"id":"1606","value":"マスカラ"},{"id":"1592","value":"メーク"}],"product_badge":null,"product_id":"58212","product_title_tag":null,"product_type":"Shaded","product_url":"/product/1606/58212/bottom-lash-mascara","reviews":{"average_rating":null,"number_of_questions":null,"number_of_reviews":null},"shade_groups":null,"short_description":"<body bgcolor='White' style='font-family:sans-serif;font-size:10pt;'>下まつげ用マスカラ。短くまばらなまつげにも塗りやすい極小ブラシを採用。汗や皮脂、涙にもにじまないロングウェアリング フォーミュラ。ぬるま湯で簡単にオフ。</body>","skin":null,"skin_goal":null,"skus":{"total":1,"items":[{"color_family":null,"coverage_options":null,"cross_sell":null,"display_status":7,"finish":null,"finish_options":null,"fragrances":[{"family":null,"key":null,"value":null}],"iln_listing":"水・アクリレーツコポリマー・カオリン・カルナウバロウ・ステアリン酸ＰＥＧ－１５グリセリル・シリカ・ＢＧ・ミツロウ・エタノール・水添ナタネ油アルコール・ベントナイト・ポリビニルアルコール・ジステアリン酸スクロース・ジメチコン・ステアリン酸・（ＶＰ／ＶＡ）コポリマー・ナイロン－６６・シメチコン・ＡＭＰ・ＡＭＰＤ・ホホバ種子油・キサンタンガム・トコフェロール・フェノキシエタノール・クロルフェネシン・デヒドロ酢酸Ｎａ・酢酸Ｎａ・酢酸メチル　＋／－　酸化鉄・酸化チタン<JILN8803>","iln_version_number":"JILN8803","inventory_status":"Active","is_active":true,"is_coming_soon":null,"is_default_sku":false,"is_discountable":true,"is_displayable":null,"is_engravable":null,"is_fragrance":null,"is_giftable":null,"is_giftwrap":false,"is_inactive":null,"is_multi_shaded":null,"is_out_of_stock":null,"is_preorder":false,"is_preorderable":null,"is_promotional":null,"is_replenishable":true,"is_search_suppressed":null,"is_searchable":true,"is_shaded":null,"is_sized":null,"is_sold_out":null,"is_under_weight_hazmat":false,"is_vto_enabled":null,"life_of_product":"Basic Reorder","material_code":"KGN4010000","media":{"large":[{"alt":"ボトム ラッシュ マスカラ","height":1200,"position":1,"src":"/media/export/cms/products/1200x1500/cl_sku_KGN401_1200x1500_0.png","type":"image","width":1500}],"medium":[{"alt":"ボトム ラッシュ マスカラ","height":600,"position":2,"src":"/media/export/cms/products/600x750/cl_sku_KGN401_600x750_0.png","type":"image","width":750}],"model":null,"poster":null,"small":[{"alt":"ボトム ラッシュ マスカラ","height":1200,"position":3,"src":"/media/export/cms/products/1200x1500/cl_sku_KGN401_1200x1500_0.png","type":"image","width":1500}],"smoosh":[{"alt":"ボトム ラッシュ マスカラ","height":1200,"position":0,"src":"/media/export/cms/products/1200x1500/swatches_v3/05_ns_ng.png","type":"image","width":1500}],"xl":null},"out_of_stock_threshold":null,"perlgem":{"SKU_BASE_ID":92888},"preorder_date":null,"prices":[{"currency":"JPY","exclude_tax":{"original_price":2200,"original_price_formatted":"¥2,200","price":2200,"price_formatted":"¥2,200","price_per_unit":null,"price_per_unit_formatted":""},"include_tax":{"original_price":2420,"original_price_formatted":"¥2,420","price":2420,"price_formatted":"¥2,420","price_per_unit":null,"price_per_unit_formatted":""},"is_discounted":false}],"purchase_limit":null,"replenishment":{"message":"Never run low on your favourites. Sign up for Auto-Ship. Learn more >"},"reviews":{"average_rating":null,"number_of_questions":null,"number_of_reviews":null},"set_components":null,"shade_groups":null,"shades":[{"description":"つややかで深みのある黒","hex_val":"#000000","image":{"height":null,"src":"","width":null},"name":"#01 ブラック","smoosh_design":{"group_id":null,"name":"05::none::none"}}],"sizes":[{"key":1,"value":null}],"skin":{"tone":null,"type":null,"type_description":null},"sku_badge":null,"sku_badge_image":null,"sku_display_order":0,"sku_id":"KGN401","sku_promo_messaging":null,"sku_type":"SE","sku_url":null,"tags":{"total":6,"items":[{"id":"27171","key":"day4flashsale","value":"Day4FlashSale"},{"id":"27174","key":"day7flashsale","value":"Day7FlashSale"},{"id":"1592","key":"メーク","value":"メーク"},{"id":"27172","key":"day5flashsale","value":"Day5FlashSale"},{"id":"1606","key":"マスカラ","value":"マスカラ"},{"id":"19570","key":"おすすめ製品","value":"おすすめ製品"}]},"texture":null,"undertone":null,"unit_of_measure":null,"unit_size":null,"unit_size_formatted":null,"upc":"020714979188","vto":{"is_color_experience":null,"is_foundation_experience":null}}]},"sub_display_name":"ボトム ラッシュ マスカラ","sub_header":null,"tags":{"total":6,"items":[{"id":"27171","key":"day4flashsale","parent_tag_id":"1590","product_display_order":56,"value":"Day4FlashSale"},{"id":"27174","key":"day7flashsale","parent_tag_id":"1590","product_display_order":0,"value":"Day7FlashSale"},{"id":"1592","key":"メーク","parent_tag_id":null,"product_display_order":48,"value":"メーク"},{"id":"27172","key":"day5flashsale","parent_tag_id":"1590","product_display_order":0,"value":"Day5FlashSale"},{"id":"1606","key":"マスカラ","parent_tag_id":"1592","product_display_order":10,"value":"マスカラ"},{"id":"19570","key":"おすすめ製品","parent_tag_id":"1000020","product_display_order":60,"value":"おすすめ製品"}]},"usage":[{"content":null,"label":"PRODUCT USAGE","type":"product_usage"},{"content":null,"label":"HOW DOES IT WORK","type":"how_does_it_work"},{"content":null,"label":"WHO IT IS FOR","type":"who_it_is_for"},{"content":null,"label":"GREAT TO KNOW","type":"great_to_know"},{"content":null,"label":"WHAT_IT_DOES","type":"what_it_does"},{"content":null,"label":"WHAT_IT_IS","type":"what_it_is"}],"objectID":"58212"},{"benefit":{"statement":null,"benefits":null},"brand":null,"collection":null,"coverage":null,"cross_sell":[{"sku_id":"6AJX01","sort_key":1},{"sku_id":"62A401","sort_key":2},{"sku_id":"68A001","sort_key":3},{"sku_id":"749K01","sort_key":4},{"sku_id":"76X001","sort_key":5},{"sku_id":"6F3701","sort_key":6}],"default_category":{"id":"1598","key":"アイシャドウ"},"description":"なめらかにのび、鮮やかに発色するクリームタイプのアイ シャドウ。色を重ねやすく、よれを防いでまぶたにピタッとフィット。落ちにくく、汗に強いウォーター レジスタント。","display_mode":null,"display_name":"クイック アイ クリーム シャドウ","display_status":3,"finish":null,"form":null,"formula_type":null,"fragrance_family":null,"indexable_keywords":[{"value":"color"},{"value":"カラー"},{"value":"メークアップ"},{"value":"メイクアップ"},{"value":"アイシャドー"},{"value":"クリームアイシャドウ"},{"value":"クリームアイシャドー"},{"value":"アイシャドウ下地"},{"value":"アイ シャドー下地"},{"value":"下地"}],"is_hazmat":true,"is_product_coming_soon":null,"is_product_displayable":true,"is_product_searchable":true,"is_product_shoppable":true,"is_product_sold_out":null,"is_product_temporarily_out_of_stock":null,"is_search_suppressed":null,"key_ingredient":null,"media":{"large":null,"medium":null,"poster":null,"small":null,"videos":[{"position":null,"poster":{"height":null,"src":null,"width":null},"provider":null,"src":null},{"position":null,"poster":{"height":null,"src":null,"width":null},"provider":null,"src":null},{"position":null,"poster":{"height":null,"src":null,"width":null},"provider":null,"src":null}],"xl":null},"meta":{"description":null,"keywords":"quickeyes, quickeye"},"parent_category":[{"id":"1598","value":"アイシャドウ"},{"id":"1592","value":"メーク"}],"product_badge":null,"product_id":"5824","product_title_tag":null,"product_type":"Shaded","product_url":"/product/1598/5824/-/quick-eyes-cream-shadow","reviews":{"average_rating":null,"number_of_questions":null,"number_of_reviews":null},"shade_groups":null,"short_description":"なめらかにのび、鮮やかに発色するクリームタイプのアイ シャドウ。","skin":null,"skin_goal":null,"skus":{"total":1,"items":[{"color_family":null,"coverage_options":null,"cross_sell":null,"display_status":3,"finish":null,"finish_options":null,"fragrances":[{"family":null,"key":null,"value":null}],"iln_listing":"トリシロキサン・シクロペンタシロキサン・ＰＥＧ／ＰＰＧ－１９／１９ジメチコン・シリカ・ジステアルジモニウムヘクトライト・ポリエチレン・ネオペンタン酸イソデシル・カルナウバロウ・水・ステアラルコニウムベントナイト・炭酸プロピレン・（ジメチコン／ビニルジメチコン）クロスポリマー・トコフェロール・フェノキシエタノール・メチルパラベン・ブチルパラベン・エチルパラベン・イソブチルパラベン・プロピルパラベン　＋／－　マイカ・酸化チタン・酸化鉄・ポリメタクリル酸メチル・カルミン<JILN4173>","iln_version_number":"JILN4173","inventory_status":"Active","is_active":true,"is_coming_soon":null,"is_default_sku":false,"is_discountable":true,"is_displayable":null,"is_engravable":null,"is_fragrance":null,"is_giftable":null,"is_giftwrap":false,"is_inactive":null,"is_multi_shaded":null,"is_out_of_stock":null,"is_preorder":false,"is_preorderable":null,"is_promotional":null,"is_replenishable":false,"is_search_suppressed":null,"is_searchable":true,"is_shaded":null,"is_sized":null,"is_sold_out":null,"is_under_weight_hazmat":null,"is_vto_enabled":null,"life_of_product":"Basic Reorder","material_code":"6KAN050001","media":{"large":[{"alt":"クイック アイ クリーム シャドウ","height":1200,"position":1,"src":"/media/export/cms/products/1200x1500/cl_sku_6KAN05_1200x1500_0.png","type":"image","width":1500}],"medium":[{"alt":"クイック アイ クリーム シャドウ","height":600,"position":2,"src":"/media/export/cms/products/600x750/cl_sku_6KAN05_600x750_0.png","type":"image","width":750}],"model":null,"poster":null,"small":[{"alt":"クイック アイ クリーム シャドウ","height":1200,"position":3,"src":"/media/export/cms/products/1200x1500/cl_sku_6KAN05_1200x1500_0.png","type":"image","width":1500}],"smoosh":[{"alt":"クイック アイ クリーム シャドウ","height":1200,"position":0,"src":"/media/export/cms/products/1200x1500/swatches_v3/07_ms_ng.png","type":"image","width":1500}],"xl":null},"out_of_stock_threshold":null,"perlgem":{"SKU_BASE_ID":13835},"preorder_date":null,"prices":[{"currency":"JPY","exclude_tax":{"original_price":2000,"original_price_formatted":"¥2,000","price":2000,"price_formatted":"¥2,000","price_per_unit":null,"price_per_unit_formatted":""},"include_tax":{"original_price":2200,"original_price_formatted":"¥2,200","price":2200,"price_formatted":"¥2,200","price_per_unit":null,"price_per_unit_formatted":""},"is_discounted":false}],"purchase_limit":null,"replenishment":{"message":null},"reviews":{"average_rating":null,"number_of_questions":null,"number_of_reviews":null},"set_components":null,"shade_groups":null,"shades":[{"description":"すみれのようなシルバーバイオレット","hex_val":"#B38D91","image":{"height":null,"src":"","width":null},"name":"05 ロック バイオレット","smoosh_design":{"group_id":null,"name":"07::medium::none"}}],"sizes":[{"key":1,"value":null}],"skin":{"tone":null,"type":null,"type_description":null},"sku_badge":null,"sku_badge_image":null,"sku_display_order":1,"sku_id":"6KAN05","sku_promo_messaging":null,"sku_type":"SE","sku_url":null,"tags":{"total":1,"items":[{"id":"1598","key":"アイシャドウ","value":"アイシャドウ"}]},"texture":null,"undertone":null,"unit_of_measure":null,"unit_size":null,"unit_size_formatted":null,"upc":"020714303235","vto":{"is_color_experience":null,"is_foundation_experience":null}}]},"sub_display_name":"クイック アイ クリーム シャドウ","sub_header":null,"tags":{"total":1,"items":[{"id":"1598","key":"アイシャドウ","parent_tag_id":"1592","product_display_order":11,"value":"アイシャドウ"}]},"usage":[{"content":"アプリケーターから直接、または手にとってから、まぶたにつけ、指先でなじませます。<BR>アイ シャドウのベースとしてもお使いいただけます。","label":"PRODUCT USAGE","type":"product_usage"},{"content":null,"label":"HOW DOES IT WORK","type":"how_does_it_work"},{"content":null,"label":"WHO IT IS FOR","type":"who_it_is_for"},{"content":null,"label":"GREAT TO KNOW","type":"great_to_know"},{"content":null,"label":"WHAT_IT_DOES","type":"what_it_does"},{"content":null,"label":"WHAT_IT_IS","type":"what_it_is"}],"objectID":"5824"},{"benefit":{"statement":null,"benefits":null},"brand":null,"collection":null,"coverage":null,"cross_sell":[{"sku_id":"6NHF01","sort_key":1},{"sku_id":"6F3701","sort_key":2},{"sku_id":"68LE01","sort_key":3},{"sku_id":"6NKL01","sort_key":4},{"sku_id":"7F1C01","sort_key":5},{"sku_id":null,"sort_key":6}],"default_category":{"id":"13305","key":"メーク下地uvケア"},"description":"強力な紫外線（A波・B波）をしっかりカットし肌のダメージを防ぐ顔用日焼け止めクリーム。紫外線を感知し、ダメージを防ぐよう働きかけます。肌になめらかにのび、快適な使い心地。炎天下でのスポーツ時、リゾート地に最適。SPF50/PA+++<BR>オール スキンタイプ","display_mode":null,"display_name":"SPF50 フェース クリーム","display_status":7,"finish":null,"form":null,"formula_type":null,"fragrance_family":null,"indexable_keywords":[{"value":"日焼け止め"},{"value":"サンブロック"},{"value":"サンケア"},{"value":"suncare"},{"value":"サンプロテクター"},{"value":"UVレスポンス"},{"value":"SPF50"},{"value":"UVケア"},{"value":"フェイスクリーム"},{"value":"日焼け"},{"value":"紫外線、SPF"}],"is_hazmat":false,"is_product_coming_soon":null,"is_product_displayable":true,"is_product_searchable":true,"is_product_shoppable":true,"is_product_sold_out":null,"is_product_temporarily_out_of_stock":null,"is_search_suppressed":null,"key_ingredient":null,"media":{"large":null,"medium":null,"poster":null,"small":null,"videos":[{"position":null,"poster":{"height":null,"src":null,"width":null},"provider":null,"src":null},{"position":null,"poster":{"height":null,"src":null,"width":null},"provider":null,"src":null},{"position":null,"poster":{"height":null,"src":null,"width":null},"provider":null,"src":null}],"xl":null},"meta":{"description":null,"keywords":null},"parent_category":[{"id":"13305","value":"メーク下地・UVケア"},{"id":"1667","value":"スキンケア"}],"product_badge":null,"product_id":"5854","product_title_tag":null,"product_type":"Other","product_url":"/product/13305/5854/uv/spf50-/clinique-sun-spf-50-face-cream","reviews":{"average_rating":null,"number_of_questions":null,"number_of_reviews":null},"shade_groups":null,"short_description":"強力な紫外線（A波・B波）をしっかりカットし肌のダメージを防ぐ顔用日焼け止めクリーム。炎天下でのスポーツやリゾート地などに最適。SPF50/PA+++<BR>オール スキンタイプ","skin":null,"skin_goal":null,"skus":{"total":1,"items":[{"color_family":null,"coverage_options":null,"cross_sell":null,"display_status":7,"finish":null,"finish_options":null,"fragrances":[{"family":null,"key":null,"value":null}],"iln_listing":"水・メチルトリメチコン・オキシベンゾン－３・サリチル酸オクチル・ホモサレート・マイカ・ＢＧ・サリチル酸ブチルオクチル・ジヘプタン酸ネオペンチルグリコール・シア脂・ｔ－ブチルメトキシジベンゾイルメタン・オクトクリレン・ステアリン酸ＰＥＧ－１００・シリカ・トリポリヒドロキシステアリン酸ジペンタエリスリチル・ラウリルＰＥＧ－９ポリジメチルシロキシエチルジメチコン・ステアリン酸グリセリル・ジメチコン・セチルリン酸Ｋ・（スチレン／アクリル酸アルキル）コポリマー・（Ｃ３０－３８オレフィン／マレイン酸イソプロピル／マレイン酸）コポリマー・ステアリン酸・セタノール・スクロース・（ＶＰ／エイコセン）コポリマー・エチルヘキシルグリセリン・（アクリロイルジメチルタウリンアンモニウム／ＶＰ）コポリマー・カプリリルグリコール・キサンタンガム・カフェイン・ラウリン酸ＰＥＧ－８・ＥＤＴＡ－２Ｎａ・ＲＮＡ－Ｎａ・酢酸トコフェロール・シソエキス・リン脂質・レシチン・ノルジヒドログアイアレチン酸・テトラヒドロキシシクロヘキサン酸アルキル（Ｃ１－８）・ヒドロキシエチルセルロース・プランクトンエキス・ローズマリー葉エキス・マレイン酸アスコルビルトコフェリル・マルトデキストリン・ラウリルジモニウムヒドロキシプロピル加水分解ダイズタンパク・フェルラ酸・ヘキシレングリコール・フェノキシエタノール・デヒドロ酢酸Ｎａ<JILN4550>","iln_version_number":"JILN4550","inventory_status":"Active","is_active":true,"is_coming_soon":null,"is_default_sku":false,"is_discountable":true,"is_displayable":null,"is_engravable":null,"is_fragrance":null,"is_giftable":null,"is_giftwrap":false,"is_inactive":null,"is_multi_shaded":null,"is_out_of_stock":null,"is_preorder":false,"is_preorderable":null,"is_promotional":null,"is_replenishable":false,"is_search_suppressed":null,"is_searchable":true,"is_shaded":null,"is_sized":null,"is_sold_out":null,"is_under_weight_hazmat":false,"is_vto_enabled":null,"life_of_product":"Basic Reorder","material_code":"6NH7010001","media":{"large":[{"alt":"SPF50 フェース クリーム","height":1200,"position":0,"src":"/media/export/cms/products/1200x1500/cl_sku_6NH701_1200x1500_0.png","type":"image","width":1500}],"medium":[{"alt":"SPF50 フェース クリーム","height":600,"position":1,"src":"/media/export/cms/products/600x750/cl_sku_6NH701_600x750_0.png","type":"image","width":750}],"model":null,"poster":null,"small":[{"alt":"SPF50 フェース クリーム","height":1200,"position":2,"src":"/media/export/cms/products/1200x1500/cl_sku_6NH701_1200x1500_0.png","type":"image","width":1500}],"smoosh":null,"xl":null},"out_of_stock_threshold":null,"perlgem":{"SKU_BASE_ID":14192},"preorder_date":null,"prices":[{"currency":"JPY","exclude_tax":{"original_price":3800,"original_price_formatted":"¥3,800","price":3800,"price_formatted":"¥3,800","price_per_unit":null,"price_per_unit_formatted":""},"include_tax":{"original_price":4180,"original_price_formatted":"¥4,180","price":4180,"price_formatted":"¥4,180","price_per_unit":null,"price_per_unit_formatted":""},"is_discounted":false}],"purchase_limit":null,"replenishment":{"message":null},"reviews":{"average_rating":null,"number_of_questions":null,"number_of_reviews":null},"set_components":null,"shade_groups":null,"shades":null,"sizes":[{"key":1,"value":"50mL"}],"skin":{"tone":null,"type":null,"type_description":null},"sku_badge":null,"sku_badge_image":null,"sku_display_order":0,"sku_id":"6NH701","sku_promo_messaging":null,"sku_type":"SE","sku_url":null,"tags":{"total":4,"items":[{"id":"1660","key":"ボディケア","value":"ボディケア　"},{"id":"13305","key":"メーク下地uvケア","value":"メーク下地・UVケア"},{"id":"13051","key":"スキンケア-ベストセラー","value":"スキンケア ベストセラー"},{"id":"1661","key":"サンケア","value":"サンケア"}]},"texture":null,"undertone":null,"unit_of_measure":null,"unit_size":null,"unit_size_formatted":null,"upc":"020714352837","vto":{"is_color_experience":null,"is_foundation_experience":null}}]},"sub_display_name":"SPF50 フェース クリーム","sub_header":null,"tags":{"total":4,"items":[{"id":"1660","key":"ボディケア","parent_tag_id":"1659","product_display_order":12,"value":"ボディケア　"},{"id":"13305","key":"メーク下地uvケア","parent_tag_id":"1667","product_display_order":6,"value":"メーク下地・UVケア"},{"id":"13051","key":"スキンケア-ベストセラー","parent_tag_id":"1667","product_display_order":20,"value":"スキンケア ベストセラー"},{"id":"1661","key":"サンケア","parent_tag_id":"1659","product_display_order":14,"value":"サンケア"}]},"usage":[{"content":"日光を浴びる15～20分前に、たっぷりと均一につけます。衣類に直接つかないよう、また目に入らないように注意してください。汗をかいた後、泳いだ後、タオルで拭いた後などは、つけ直すことをおすすめします。","label":"PRODUCT USAGE","type":"product_usage"},{"content":null,"label":"HOW DOES IT WORK","type":"how_does_it_work"},{"content":null,"label":"WHO IT IS FOR","type":"who_it_is_for"},{"content":null,"label":"GREAT TO KNOW","type":"great_to_know"},{"content":null,"label":"WHAT_IT_DOES","type":"what_it_does"},{"content":null,"label":"WHAT_IT_IS","type":"what_it_is"}],"objectID":"5854"},{"benefit":{"statement":null,"benefits":null},"brand":null,"collection":null,"coverage":null,"cross_sell":[{"sku_id":"62YL01","sort_key":1},{"sku_id":"64MG01","sort_key":2},{"sku_id":"61MT01","sort_key":3}],"default_category":{"id":"1617","key":"クリニーク-ハッピー-フォー-メン"},"description":"ボディ&ヘア用ジェル クレンザー。キメ細かな泡立ちで、クリーンな洗い上がり。","display_mode":null,"display_name":"クリニーク ハッピー フォー メン ボディ アンド ヘア ウォッシュ","display_status":7,"finish":null,"form":null,"formula_type":null,"fragrance_family":null,"indexable_keywords":[{"value":"フレグランス"},{"value":"香水"},{"value":"ハッピー"},{"value":"ハッピーフォーメン"},{"value":"メンズ"},{"value":"happy"},{"value":"happy for men"},{"value":"men's"},{"value":"men"},{"value":"ボディウォッシュ"},{"value":"ヘアケア"},{"value":"ボディケア"},{"value":"メンズコスメ"}],"is_hazmat":false,"is_product_coming_soon":null,"is_product_displayable":true,"is_product_searchable":true,"is_product_shoppable":true,"is_product_sold_out":null,"is_product_temporarily_out_of_stock":null,"is_search_suppressed":null,"key_ingredient":null,"media":{"large":null,"medium":null,"poster":null,"small":null,"videos":[{"position":null,"poster":{"height":null,"src":null,"width":null},"provider":null,"src":null},{"position":null,"poster":{"height":null,"src":null,"width":null},"provider":null,"src":null},{"position":null,"poster":{"height":null,"src":null,"width":null},"provider":null,"src":null}],"xl":null},"meta":{"description":null,"keywords":"holiday,gift"},"parent_category":[{"id":"1617","value":"クリニーク ハッピー フォー メン"},{"id":"1616","value":"Fragrance"},{"id":"1609","value":"メンズ"}],"product_badge":null,"product_id":"5868","product_title_tag":null,"product_type":"Other","product_url":"/product/1617/5868/fragrance/-/---/clinique-happy-for-men-body-and-hair-wash","reviews":{"average_rating":null,"number_of_questions":null,"number_of_reviews":null},"shade_groups":null,"short_description":"ボディ&ヘア用ジェル クレンザー。キメ細かな泡立ちで、クリーンな洗い上がり。","skin":null,"skin_goal":null,"skus":{"total":1,"items":[{"color_family":null,"coverage_options":null,"cross_sell":null,"display_status":7,"finish":null,"finish_options":null,"fragrances":[{"family":null,"key":null,"value":null}],"iln_listing":"水・ラウレス硫酸Ｎａ・香料・セスキステアリン酸ＰＥＧ－２０メチルグルコース・ジステアリン酸ＰＥＧ－１５０・ラウラミドプロピルベタイン・テトラステアリン酸ＰＥＧ－１５０ペンタエリスリチル・ＰＥＧ－６（カプリル／カプリン酸）グリセリル・フェノキシエタノール・パンテノール・メチルパラベン・メトキシケイヒ酸オクチル・ポリクオタニウムー７・ラウラミンオキシド・ＢＧ・ＢＨＴ・オキシベンゾン－４・サリチル酸オクチル・プロピルパラベン・パンテチン・クエン酸・ブチルパラベン・ＨＥＤＴＡ－３Ｎａ・褐藻エキス・黄５・赤５０４<JILN341>","iln_version_number":"JILN341","inventory_status":"Active","is_active":true,"is_coming_soon":null,"is_default_sku":null,"is_discountable":true,"is_displayable":null,"is_engravable":null,"is_fragrance":null,"is_giftable":null,"is_giftwrap":false,"is_inactive":null,"is_multi_shaded":null,"is_out_of_stock":null,"is_preorder":false,"is_preorderable":null,"is_promotional":null,"is_replenishable":false,"is_search_suppressed":null,"is_searchable":true,"is_shaded":null,"is_sized":null,"is_sold_out":null,"is_under_weight_hazmat":false,"is_vto_enabled":null,"life_of_product":"Basic Reorder","material_code":"64MM010001","media":{"large":[{"alt":"クリニーク ハッピー フォー メン ボディ アンド ヘア ウォッシュ","height":1200,"position":0,"src":"/media/export/cms/products/1200x1500/cl_sku_64MM01_1200x1500_0.png","type":"image","width":1500}],"medium":[{"alt":"クリニーク ハッピー フォー メン ボディ アンド ヘア ウォッシュ","height":600,"position":1,"src":"/media/export/cms/products/600x750/cl_sku_64MM01_600x750_0.png","type":"image","width":750}],"model":null,"poster":null,"small":[{"alt":"クリニーク ハッピー フォー メン ボディ アンド ヘア ウォッシュ","height":1200,"position":2,"src":"/media/export/cms/products/1200x1500/cl_sku_64MM01_1200x1500_0.png","type":"image","width":1500}],"smoosh":null,"xl":null},"out_of_stock_threshold":null,"perlgem":{"SKU_BASE_ID":12224},"preorder_date":null,"prices":[{"currency":"JPY","exclude_tax":{"original_price":3800,"original_price_formatted":"¥3,800","price":3800,"price_formatted":"¥3,800","price_per_unit":null,"price_per_unit_formatted":""},"include_tax":{"original_price":4180,"original_price_formatted":"¥4,180","price":4180,"price_formatted":"¥4,180","price_per_unit":null,"price_per_unit_formatted":""},"is_discounted":false}],"purchase_limit":null,"replenishment":{"message":null},"reviews":{"average_rating":null,"number_of_questions":null,"number_of_reviews":null},"set_components":null,"shade_groups":null,"shades":null,"sizes":[{"key":1,"value":"200mL"}],"skin":{"tone":null,"type":null,"type_description":null},"sku_badge":null,"sku_badge_image":null,"sku_display_order":0,"sku_id":"64MM01","sku_promo_messaging":null,"sku_type":"SE","sku_url":null,"tags":{"total":6,"items":[{"id":"17696","key":"gifts-for-him","value":"Gifts for him"},{"id":"1617","key":"クリニーク-ハッピー-フォー-メン","value":"クリニーク ハッピー フォー メン"},{"id":"1660","key":"ボディケア","value":"ボディケア　"},{"id":"1620","key":"ボディケア","value":"ボディケア"},{"id":"1686","key":"ボディケア","value":"ボディケア"},{"id":"1615","key":"クリニークハッピーフォーメン","value":"クリニークハッピーフォーメン"}]},"texture":null,"undertone":null,"unit_of_measure":null,"unit_size":null,"unit_size_formatted":null,"upc":"020714097783","vto":{"is_color_experience":null,"is_foundation_experience":null}}]},"sub_display_name":"クリニーク ハッピー フォー メン ボディ アンド ヘア ウォッシュ","sub_header":null,"tags":{"total":6,"items":[{"id":"17696","key":"gifts-for-him","parent_tag_id":"1000020","product_display_order":3,"value":"Gifts for him"},{"id":"1617","key":"クリニーク-ハッピー-フォー-メン","parent_tag_id":"1616","product_display_order":1,"value":"クリニーク ハッピー フォー メン"},{"id":"1660","key":"ボディケア","parent_tag_id":"1659","product_display_order":18,"value":"ボディケア　"},{"id":"1620","key":"ボディケア","parent_tag_id":"1609","product_display_order":1,"value":"ボディケア"},{"id":"1686","key":"ボディケア","parent_tag_id":"1667","product_display_order":11,"value":"ボディケア"},{"id":"1615","key":"クリニークハッピーフォーメン","parent_tag_id":"1609","product_display_order":0,"value":"クリニークハッピーフォーメン"}]},"usage":[{"content":"適量を手、またはスポンジにとり、泡立てて使います。その後、よくすすいでください。","label":"PRODUCT USAGE","type":"product_usage"},{"content":null,"label":"HOW DOES IT WORK","type":"how_does_it_work"},{"content":null,"label":"WHO IT IS FOR","type":"who_it_is_for"},{"content":null,"label":"GREAT TO KNOW","type":"great_to_know"},{"content":null,"label":"WHAT_IT_DOES","type":"what_it_does"},{"content":null,"label":"WHAT_IT_IS","type":"what_it_is"}],"objectID":"5868"},{"benefit":{"statement":null,"benefits":null},"brand":null,"collection":null,"coverage":null,"cross_sell":null,"default_category":{"id":"1673","key":"クレンジング洗顔"},"description":"<span style=\"color: #f547b2\">Mini's製品をご購入で次回ご利用可能な500円クーポン*プレゼント！<br>さらにMini's2品以上のご購入で送料無料。</span><br><br>皮膚科学から生まれた「クリニーク」の<br>人気スキンケア製品がミニサイズになって登場！<br><br>肌タイプに合わせて選べるロングセラーの「乳液」シリーズ、<br>みずみずしく潤いを与える「保湿ジェルクリーム」、<br>バームからオイルに変化する「バーム状クレンジング」。<br>ミニサイズだから、手軽＆気軽に。あなたのクリニーク体験をスタートさせて。<br><br>9月25日(金) オンライン限定発売<br> クリニーク ミニズ<br>テイク ザ デイ オフ クレンジング バーム(バーム状クレンジング) 30mL 1,320円(本体1,200円)<br><small>*ご購入の製品と一緒にクーポンをお届けいたします。<br>*クーポンコードの使用期限はお届けから30日となります。<br>*おひとり様1回限りご利用が可能です。<br>*クーポンは公式オンラインショップのみでご使用いただけます。（百貨店店舗ではご利用いただけません）</small>","display_mode":null,"display_name":"テイク ザ デイ オフ クレンジング バーム","display_status":7,"finish":null,"form":null,"formula_type":null,"fragrance_family":null,"indexable_keywords":null,"is_hazmat":false,"is_product_coming_soon":null,"is_product_displayable":true,"is_product_searchable":true,"is_product_shoppable":true,"is_product_sold_out":null,"is_product_temporarily_out_of_stock":null,"is_search_suppressed":null,"key_ingredient":null,"media":{"large":null,"medium":null,"poster":null,"small":null,"videos":[{"position":null,"poster":{"height":null,"src":null,"width":null},"provider":"YouTube","src":null},{"position":null,"poster":{"height":null,"src":null,"width":null},"provider":"YouTube","src":null},{"position":null,"poster":{"height":null,"src":null,"width":null},"provider":"YouTube","src":null}],"xl":null},"meta":{"description":null,"keywords":null},"parent_category":[{"id":"1673","value":"クレンジング・洗顔"},{"id":"1667","value":"スキンケア"}],"product_badge":null,"product_id":"58863","product_title_tag":null,"product_type":"Other","product_url":"/product/1673/58863/--/take-the-day-offtm-cleansing-balm-paid-sample","reviews":{"average_rating":null,"number_of_questions":null,"number_of_reviews":null},"shade_groups":null,"short_description":"皮膚科学から生まれた「クリニーク」の人気スキンケア製品がミニサイズになって登場！","skin":null,"skin_goal":null,"skus":{"total":1,"items":[{"color_family":null,"coverage_options":null,"cross_sell":null,"display_status":7,"finish":null,"finish_options":null,"fragrances":[{"family":null,"key":null,"value":null}],"iln_listing":"パルミチン酸オクチル・ハイブリッドサフラワー油・トリ（カプリル／カプリン酸）グリセリル・テトラオレイン酸ソルベス－３０・ポリエチレン・トリイソステアリン酸ＰＥＧ－５グリセリル・水・トコフェロール・フェノキシエタノール<JILN2941>","iln_version_number":"JILN2941","inventory_status":"Active","is_active":true,"is_coming_soon":null,"is_default_sku":false,"is_discountable":true,"is_displayable":null,"is_engravable":null,"is_fragrance":null,"is_giftable":null,"is_giftwrap":true,"is_inactive":null,"is_multi_shaded":null,"is_out_of_stock":null,"is_preorder":false,"is_preorderable":null,"is_promotional":null,"is_replenishable":false,"is_search_suppressed":null,"is_searchable":true,"is_shaded":null,"is_sized":null,"is_sold_out":null,"is_under_weight_hazmat":false,"is_vto_enabled":null,"life_of_product":"Limited life","material_code":"KAJ7010000","media":{"large":[{"alt":"テイク ザ デイ オフ クレンジング バーム","height":1200,"position":0,"src":"/media/export/cms/products/1200x1500/cl_sku_KAJ701_1200x1500_0.png","type":"image","width":1500}],"medium":[{"alt":"テイク ザ デイ オフ クレンジング バーム","height":600,"position":1,"src":"/media/export/cms/products/600x750/cl_sku_KAJ701_600x750_0.png","type":"image","width":750}],"model":null,"poster":null,"small":[{"alt":"テイク ザ デイ オフ クレンジング バーム","height":1200,"position":2,"src":"/media/export/cms/products/1200x1500/cl_sku_KAJ701_1200x1500_0.png","type":"image","width":1500}],"smoosh":null,"xl":null},"out_of_stock_threshold":null,"perlgem":{"SKU_BASE_ID":93740},"preorder_date":null,"prices":[{"currency":"JPY","exclude_tax":{"original_price":1200,"original_price_formatted":"¥1,200","price":1200,"price_formatted":"¥1,200","price_per_unit":null,"price_per_unit_formatted":""},"include_tax":{"original_price":1320,"original_price_formatted":"¥1,320","price":1320,"price_formatted":"¥1,320","price_per_unit":null,"price_per_unit_formatted":""},"is_discounted":false}],"purchase_limit":null,"replenishment":{"message":null},"reviews":{"average_rating":null,"number_of_questions":null,"number_of_reviews":null},"set_components":null,"shade_groups":null,"shades":null,"sizes":[{"key":1,"value":"30ml"}],"skin":{"tone":null,"type":null,"type_description":null},"sku_badge":null,"sku_badge_image":null,"sku_display_order":0,"sku_id":"KAJ701","sku_promo_messaging":null,"sku_type":"SE","sku_url":null,"tags":{"total":4,"items":[{"id":"1673","key":"クレンジング洗顔","value":"クレンジング・洗顔"},{"id":"13051","key":"スキンケア-ベストセラー","value":"スキンケア ベストセラー"},{"id":"20011","key":"クレンジング","value":"クレンジング"},{"id":"13659","key":"トライアルサイズ","value":"トライアルサイズ"}]},"texture":null,"undertone":null,"unit_of_measure":null,"unit_size":null,"unit_size_formatted":null,"upc":"020714948764","vto":{"is_color_experience":null,"is_foundation_experience":null}}]},"sub_display_name":"テイク ザ デイ オフ クレンジング バーム","sub_header":null,"tags":{"total":4,"items":[{"id":"1673","key":"クレンジング洗顔","parent_tag_id":"1667","product_display_order":1,"value":"クレンジング・洗顔"},{"id":"13051","key":"スキンケア-ベストセラー","parent_tag_id":"1667","product_display_order":13,"value":"スキンケア ベストセラー"},{"id":"20011","key":"クレンジング","parent_tag_id":"1667","product_display_order":1,"value":"クレンジング"},{"id":"13659","key":"トライアルサイズ","parent_tag_id":"1667","product_display_order":1,"value":"トライアルサイズ"}]},"usage":[{"content":null,"label":"PRODUCT USAGE","type":"product_usage"},{"content":null,"label":"HOW DOES IT WORK","type":"how_does_it_work"},{"content":null,"label":"WHO IT IS FOR","type":"who_it_is_for"},{"content":null,"label":"GREAT TO KNOW","type":"great_to_know"},{"content":null,"label":"WHAT_IT_DOES","type":"what_it_does"},{"content":null,"label":"WHAT_IT_IS","type":"what_it_is"}],"objectID":"58863"},{"benefit":{"statement":null,"benefits":null},"brand":null,"collection":null,"coverage":null,"cross_sell":null,"default_category":{"id":"1579","key":"クリニーク-ハッピー"},"description":"幸せに包まれる、あなただけの香り。<br>クリニークから“my happy(マイ ハッピー)”登場。<br><br>摘みたての花々、晴れわたる青空、焼き立てのクッキー…<br>あなただけの幸せ(ハッピー)な瞬間に包まれる3つのフレグランス“my happy”。<br><br>ピンクの「ピオニー ピクニック」：<br>ロマンティックに咲き誇る芍薬(ピオニー)や摘みたてのベリーに包まれるような、<br>華やかなフローラル フルーティの香り。<br><br>イエローの「リリー オブ ザ ビーチ」：<br>白いプルメリアが揺れる南国のビーチの開放感に浸るような、<br>爽やかなフロリエンタル ウッディの香り。<br><br>パープルの「ココア & カシミア」：<br>上質なカシミアをまとって芳醇なココアにほっと心満たされるような、<br>ほのかにムスクを感じるオリエンタル アンバーの香り。<br><br>単品でも、重ね付けしても。<br>スリムでカラフルなボトルだから、いつでもバックに忍ばせて。<br>どこでもお好みの香りと共に、あなただけのハッピー ストーリーが動き出す。","display_mode":null,"display_name":"マイ ハッピー ピオニー ピクニック","display_status":7,"finish":null,"form":null,"formula_type":null,"fragrance_family":[{"key":"floral-fragrance","value":"floral_fragrance"},{"key":"citrus-fragrance","value":"citrus_fragrance"}],"indexable_keywords":null,"is_hazmat":false,"is_product_coming_soon":null,"is_product_displayable":true,"is_product_searchable":true,"is_product_shoppable":true,"is_product_sold_out":null,"is_product_temporarily_out_of_stock":null,"is_search_suppressed":null,"key_ingredient":null,"media":{"large":null,"medium":null,"poster":null,"small":null,"videos":[{"position":null,"poster":{"height":null,"src":null,"width":null},"provider":null,"src":null},{"position":null,"poster":{"height":null,"src":null,"width":null},"provider":null,"src":null},{"position":null,"poster":{"height":null,"src":null,"width":null},"provider":null,"src":null}],"xl":null},"meta":{"description":null,"keywords":null},"parent_category":[{"id":"1579","value":"クリニーク ハッピー"},{"id":"1577","value":"フレグランス"}],"product_badge":null,"product_id":"59274","product_title_tag":null,"product_type":"Fragrance","product_url":"/product/1579/59274/-/my-happy-peony-picnic","reviews":{"average_rating":null,"number_of_questions":null,"number_of_reviews":null},"shade_groups":null,"short_description":"幸せに包まれる、あなただけの香り。<br>クリニークから“my happy(マイ ハッピー)”登場。<br><br>摘みたての花々、晴れわたる青空、焼き立てのクッキー…<br>あなただけの幸せ(ハッピー)な瞬間に包まれる3つのフレグランス“my happy”。<br><br>ピンクの「ピオニー ピクニック」：<br>ロマンティックに咲き誇る芍薬(ピオニー)や摘みたてのベリーに包まれるような、<br>華やかなフローラル フルーティの香り。<br><br>イエローの「リリー オブ ザ ビーチ」：<br>白いプルメリアが揺れる南国のビーチの開放感に浸るような、<br>爽やかなフロリエンタル ウッディの香り。<br><br>パープルの「ココア & カシミア」：<br>上質なカシミアをまとって芳醇なココアにほっと心満たされるような、<br>ほのかにムスクを感じるオリエンタル アンバーの香り。<br><br>単品でも、重ね付けしても。<br>スリムでカラフルなボトルだから、いつでもバックに忍ばせて。<br>どこでもお好みの香りと共に、あなただけのハッピー ストーリーが動き出す。","skin":null,"skin_goal":null,"skus":{"total":1,"items":[{"color_family":null,"coverage_options":null,"cross_sell":null,"display_status":7,"finish":null,"finish_options":null,"fragrances":[{"family":null,"key":null,"value":null}],"iln_listing":"変性アルコール・香料・水・メトキシケイヒ酸エチルヘキシル・ｔ－ブチルメトキシジベンゾイルメタン・サリチル酸エチルヘキシル・ＢＨＴ<JILN10157>","iln_version_number":"JILN10157","inventory_status":"Active","is_active":true,"is_coming_soon":null,"is_default_sku":false,"is_discountable":true,"is_displayable":null,"is_engravable":null,"is_fragrance":null,"is_giftable":null,"is_giftwrap":false,"is_inactive":null,"is_multi_shaded":null,"is_out_of_stock":null,"is_preorder":false,"is_preorderable":null,"is_promotional":null,"is_replenishable":false,"is_search_suppressed":null,"is_searchable":true,"is_shaded":null,"is_sized":null,"is_sold_out":null,"is_under_weight_hazmat":false,"is_vto_enabled":null,"life_of_product":"Basic Reorder","material_code":"K8GM010000","media":{"large":[{"alt":"マイ ハッピー ピオニー ピクニック","height":1200,"position":0,"src":"/media/export/cms/products/1200x1500/cl_sku_K8GM01_1200x1500_0.png","type":"image","width":1500}],"medium":[{"alt":"マイ ハッピー ピオニー ピクニック","height":600,"position":1,"src":"/media/export/cms/products/600x750/cl_sku_K8GM01_600x750_0.png","type":"image","width":750}],"model":null,"poster":null,"small":[{"alt":"マイ ハッピー ピオニー ピクニック","height":1200,"position":2,"src":"/media/export/cms/products/1200x1500/cl_sku_K8GM01_1200x1500_0.png","type":"image","width":1500}],"smoosh":null,"xl":null},"out_of_stock_threshold":null,"perlgem":{"SKU_BASE_ID":94424},"preorder_date":null,"prices":[{"currency":"JPY","exclude_tax":{"original_price":3500,"original_price_formatted":"¥3,500","price":3500,"price_formatted":"¥3,500","price_per_unit":null,"price_per_unit_formatted":""},"include_tax":{"original_price":3850,"original_price_formatted":"¥3,850","price":3850,"price_formatted":"¥3,850","price_per_unit":null,"price_per_unit_formatted":""},"is_discounted":false}],"purchase_limit":null,"replenishment":{"message":null},"reviews":{"average_rating":null,"number_of_questions":null,"number_of_reviews":null},"set_components":null,"shade_groups":null,"shades":null,"sizes":[{"key":1,"value":"15ml"}],"skin":{"tone":null,"type":null,"type_description":null},"sku_badge":null,"sku_badge_image":null,"sku_display_order":0,"sku_id":"K8GM01","sku_promo_messaging":null,"sku_type":"SE","sku_url":null,"tags":{"total":6,"items":[{"id":"27292","key":"マイ-ハッピー","value":"マイ ハッピー"},{"id":"1579","key":"クリニーク-ハッピー","value":"クリニーク ハッピー"},{"id":"16422","key":"セットギフト","value":"セット＆ギフト"},{"id":"25565","key":"justarrivednew","value":"justarrivednew"},{"id":"1577","key":"フレグランス","value":"フレグランス"},{"id":"1584","key":"セットギフト","value":"セット＆ギフト"}]},"texture":null,"undertone":null,"unit_of_measure":null,"unit_size":null,"unit_size_formatted":null,"upc":"020714931315","vto":{"is_color_experience":null,"is_foundation_experience":null}}]},"sub_display_name":"マイ ハッピー ピオニー ピクニック","sub_header":null,"tags":{"total":6,"items":[{"id":"27292","key":"マイ-ハッピー","parent_tag_id":"1577","product_display_order":4,"value":"マイ ハッピー"},{"id":"1579","key":"クリニーク-ハッピー","parent_tag_id":"1577","product_display_order":6,"value":"クリニーク ハッピー"},{"id":"16422","key":"セットギフト","parent_tag_id":"1585","product_display_order":222,"value":"セット＆ギフト"},{"id":"25565","key":"justarrivednew","parent_tag_id":null,"product_display_order":5,"value":"justarrivednew"},{"id":"1577","key":"フレグランス","parent_tag_id":null,"product_display_order":0,"value":"フレグランス"},{"id":"1584","key":"セットギフト","parent_tag_id":"1582","product_display_order":12,"value":"セット＆ギフト"}]},"usage":[{"content":null,"label":"PRODUCT USAGE","type":"product_usage"},{"content":null,"label":"HOW DOES IT WORK","type":"how_does_it_work"},{"content":null,"label":"WHO IT IS FOR","type":"who_it_is_for"},{"content":null,"label":"GREAT TO KNOW","type":"great_to_know"},{"content":null,"label":"WHAT_IT_DOES","type":"what_it_does"},{"content":null,"label":"WHAT_IT_IS","type":"what_it_is"}],"objectID":"59274"},{"benefit":{"statement":null,"benefits":null},"brand":null,"collection":null,"coverage":null,"cross_sell":null,"default_category":{"id":"1579","key":"クリニーク-ハッピー"},"description":"幸せに包まれる、あなただけの香り。<br>クリニークから“my happy(マイ ハッピー)”登場。<br><br>摘みたての花々、晴れわたる青空、焼き立てのクッキー…<br>あなただけの幸せ(ハッピー)な瞬間に包まれる3つのフレグランス“my happy”。<br><br>ピンクの「ピオニー ピクニック」：<br>ロマンティックに咲き誇る芍薬(ピオニー)や摘みたてのベリーに包まれるような、<br>華やかなフローラル フルーティの香り。<br><br>イエローの「リリー オブ ザ ビーチ」：<br>白いプルメリアが揺れる南国のビーチの開放感に浸るような、<br>爽やかなフロリエンタル ウッディの香り。<br><br>パープルの「ココア & カシミア」：<br>上質なカシミアをまとって芳醇なココアにほっと心満たされるような、<br>ほのかにムスクを感じるオリエンタル アンバーの香り。<br><br>単品でも、重ね付けしても。<br>スリムでカラフルなボトルだから、いつでもバックに忍ばせて。<br>どこでもお好みの香りと共に、あなただけのハッピー ストーリーが動き出す。","display_mode":null,"display_name":"マイ ハッピー リリー オブ ザ ビーチ","display_status":7,"finish":null,"form":null,"formula_type":null,"fragrance_family":[{"key":"floral-fragrance","value":"floral_fragrance"},{"key":"woody-fragrance","value":"woody_fragrance"}],"indexable_keywords":null,"is_hazmat":false,"is_product_coming_soon":null,"is_product_displayable":true,"is_product_searchable":true,"is_product_shoppable":true,"is_product_sold_out":null,"is_product_temporarily_out_of_stock":null,"is_search_suppressed":null,"key_ingredient":null,"media":{"large":null,"medium":null,"poster":null,"small":null,"videos":[{"position":null,"poster":{"height":null,"src":null,"width":null},"provider":null,"src":null},{"position":null,"poster":{"height":null,"src":null,"width":null},"provider":null,"src":null},{"position":null,"poster":{"height":null,"src":null,"width":null},"provider":null,"src":null}],"xl":null},"meta":{"description":null,"keywords":null},"parent_category":[{"id":"1579","value":"クリニーク ハッピー"},{"id":"1577","value":"フレグランス"}],"product_badge":null,"product_id":"59275","product_title_tag":null,"product_type":"Fragrance","product_url":"/product/1579/59275/--/my-happy-lily-of-the-beach","reviews":{"average_rating":null,"number_of_questions":null,"number_of_reviews":null},"shade_groups":null,"short_description":"幸せに包まれる、あなただけの香り。<br>クリニークから“my happy(マイ ハッピー)”登場。<br><br>摘みたての花々、晴れわたる青空、焼き立てのクッキー…<br>あなただけの幸せ(ハッピー)な瞬間に包まれる3つのフレグランス“my happy”。<br><br>ピンクの「ピオニー ピクニック」：<br>ロマンティックに咲き誇る芍薬(ピオニー)や摘みたてのベリーに包まれるような、<br>華やかなフローラル フルーティの香り。<br><br>イエローの「リリー オブ ザ ビーチ」：<br>白いプルメリアが揺れる南国のビーチの開放感に浸るような、<br>爽やかなフロリエンタル ウッディの香り。<br><br>パープルの「ココア & カシミア」：<br>上質なカシミアをまとって芳醇なココアにほっと心満たされるような、<br>ほのかにムスクを感じるオリエンタル アンバーの香り。<br><br>単品でも、重ね付けしても。<br>スリムでカラフルなボトルだから、いつでもバックに忍ばせて。<br>どこでもお好みの香りと共に、あなただけのハッピー ストーリーが動き出す。","skin":null,"skin_goal":null,"skus":{"total":1,"items":[{"color_family":null,"coverage_options":null,"cross_sell":null,"display_status":7,"finish":null,"finish_options":null,"fragrances":[{"family":null,"key":null,"value":null}],"iln_listing":"変性アルコール・香料・水・メトキシケイヒ酸エチルヘキシル・ｔ－ブチルメトキシジベンゾイルメタン・サリチル酸エチルヘキシル・ＢＨＴ<JILN10157>","iln_version_number":"JILN10157","inventory_status":"Active","is_active":true,"is_coming_soon":null,"is_default_sku":false,"is_discountable":true,"is_displayable":null,"is_engravable":null,"is_fragrance":null,"is_giftable":null,"is_giftwrap":false,"is_inactive":null,"is_multi_shaded":null,"is_out_of_stock":null,"is_preorder":false,"is_preorderable":null,"is_promotional":null,"is_replenishable":false,"is_search_suppressed":null,"is_searchable":true,"is_shaded":null,"is_sized":null,"is_sold_out":null,"is_under_weight_hazmat":false,"is_vto_enabled":null,"life_of_product":"Basic Reorder","material_code":"K8GN010000","media":{"large":[{"alt":"マイ ハッピー リリー オブ ザ ビーチ","height":1200,"position":0,"src":"/media/export/cms/products/1200x1500/cl_sku_K8GN01_1200x1500_0.png","type":"image","width":1500}],"medium":[{"alt":"マイ ハッピー リリー オブ ザ ビーチ","height":600,"position":1,"src":"/media/export/cms/products/600x750/cl_sku_K8GN01_600x750_0.png","type":"image","width":750}],"model":null,"poster":null,"small":[{"alt":"マイ ハッピー リリー オブ ザ ビーチ","height":1200,"position":2,"src":"/media/export/cms/products/1200x1500/cl_sku_K8GN01_1200x1500_0.png","type":"image","width":1500}],"smoosh":null,"xl":null},"out_of_stock_threshold":null,"perlgem":{"SKU_BASE_ID":94425},"preorder_date":null,"prices":[{"currency":"JPY","exclude_tax":{"original_price":3500,"original_price_formatted":"¥3,500","price":3500,"price_formatted":"¥3,500","price_per_unit":null,"price_per_unit_formatted":""},"include_tax":{"original_price":3850,"original_price_formatted":"¥3,850","price":3850,"price_formatted":"¥3,850","price_per_unit":null,"price_per_unit_formatted":""},"is_discounted":false}],"purchase_limit":null,"replenishment":{"message":null},"reviews":{"average_rating":null,"number_of_questions":null,"number_of_reviews":null},"set_components":null,"shade_groups":null,"shades":null,"sizes":[{"key":1,"value":"15ml"}],"skin":{"tone":null,"type":null,"type_description":null},"sku_badge":null,"sku_badge_image":null,"sku_display_order":0,"sku_id":"K8GN01","sku_promo_messaging":null,"sku_type":"SE","sku_url":null,"tags":{"total":6,"items":[{"id":"16422","key":"セットギフト","value":"セット＆ギフト"},{"id":"1584","key":"セットギフト","value":"セット＆ギフト"},{"id":"1579","key":"クリニーク-ハッピー","value":"クリニーク ハッピー"},{"id":"25565","key":"justarrivednew","value":"justarrivednew"},{"id":"27292","key":"マイ-ハッピー","value":"マイ ハッピー"},{"id":"1577","key":"フレグランス","value":"フレグランス"}]},"texture":null,"undertone":null,"unit_of_measure":null,"unit_size":null,"unit_size_formatted":null,"upc":"020714931322","vto":{"is_color_experience":null,"is_foundation_experience":null}}]},"sub_display_name":"マイ ハッピー リリー オブ ザ ビーチ","sub_header":null,"tags":{"total":6,"items":[{"id":"16422","key":"セットギフト","parent_tag_id":"1585","product_display_order":223,"value":"セット＆ギフト"},{"id":"1584","key":"セットギフト","parent_tag_id":"1582","product_display_order":13,"value":"セット＆ギフト"},{"id":"1579","key":"クリニーク-ハッピー","parent_tag_id":"1577","product_display_order":7,"value":"クリニーク ハッピー"},{"id":"25565","key":"justarrivednew","parent_tag_id":null,"product_display_order":2,"value":"justarrivednew"},{"id":"27292","key":"マイ-ハッピー","parent_tag_id":"1577","product_display_order":6,"value":"マイ ハッピー"},{"id":"1577","key":"フレグランス","parent_tag_id":null,"product_display_order":0,"value":"フレグランス"}]},"usage":[{"content":null,"label":"PRODUCT USAGE","type":"product_usage"},{"content":null,"label":"HOW DOES IT WORK","type":"how_does_it_work"},{"content":null,"label":"WHO IT IS FOR","type":"who_it_is_for"},{"content":null,"label":"GREAT TO KNOW","type":"great_to_know"},{"content":null,"label":"WHAT_IT_DOES","type":"what_it_does"},{"content":null,"label":"WHAT_IT_IS","type":"what_it_is"}],"objectID":"59275"},{"benefit":{"statement":null,"benefits":null},"brand":null,"collection":null,"coverage":null,"cross_sell":null,"default_category":{"id":"1579","key":"クリニーク-ハッピー"},"description":"幸せに包まれる、あなただけの香り。<br>クリニークから“my happy(マイ ハッピー)”登場。<br><br>摘みたての花々、晴れわたる青空、焼き立てのクッキー…<br>あなただけの幸せ(ハッピー)な瞬間に包まれる3つのフレグランス“my happy”。<br><br>ピンクの「ピオニー ピクニック」：<br>ロマンティックに咲き誇る芍薬(ピオニー)や摘みたてのベリーに包まれるような、<br>華やかなフローラル フルーティの香り。<br><br>イエローの「リリー オブ ザ ビーチ」：<br>白いプルメリアが揺れる南国のビーチの開放感に浸るような、<br>爽やかなフロリエンタル ウッディの香り。<br><br>パープルの「ココア & カシミア」：<br>上質なカシミアをまとって芳醇なココアにほっと心満たされるような、<br>ほのかにムスクを感じるオリエンタル アンバーの香り。<br><br>単品でも、重ね付けしても。<br>スリムでカラフルなボトルだから、いつでもバックに忍ばせて。<br>どこでもお好みの香りと共に、あなただけのハッピー ストーリーが動き出す。","display_mode":null,"display_name":"マイ ハッピー ココア ＆ カシミア","display_status":7,"finish":null,"form":null,"formula_type":null,"fragrance_family":[{"key":"woody-fragrance","value":"woody_fragrance"},{"key":"spicy-fragrance","value":"spicy_fragrance"}],"indexable_keywords":null,"is_hazmat":false,"is_product_coming_soon":null,"is_product_displayable":true,"is_product_searchable":true,"is_product_shoppable":true,"is_product_sold_out":null,"is_product_temporarily_out_of_stock":null,"is_search_suppressed":null,"key_ingredient":null,"media":{"large":null,"medium":null,"poster":null,"small":null,"videos":[{"position":null,"poster":{"height":null,"src":null,"width":null},"provider":null,"src":null},{"position":null,"poster":{"height":null,"src":null,"width":null},"provider":null,"src":null},{"position":null,"poster":{"height":null,"src":null,"width":null},"provider":null,"src":null}],"xl":null},"meta":{"description":null,"keywords":null},"parent_category":[{"id":"1579","value":"クリニーク ハッピー"},{"id":"1577","value":"フレグランス"}],"product_badge":null,"product_id":"59276","product_title_tag":null,"product_type":"Fragrance","product_url":"/product/1579/59276/-/my-happy-cocoacashmere","reviews":{"average_rating":null,"number_of_questions":null,"number_of_reviews":null},"shade_groups":null,"short_description":"幸せに包まれる、あなただけの香り。<br>クリニークから“my happy(マイ ハッピー)”登場。<br><br>摘みたての花々、晴れわたる青空、焼き立てのクッキー…<br>あなただけの幸せ(ハッピー)な瞬間に包まれる3つのフレグランス“my happy”。<br><br>ピンクの「ピオニー ピクニック」：<br>ロマンティックに咲き誇る芍薬(ピオニー)や摘みたてのベリーに包まれるような、<br>華やかなフローラル フルーティの香り。<br><br>イエローの「リリー オブ ザ ビーチ」：<br>白いプルメリアが揺れる南国のビーチの開放感に浸るような、<br>爽やかなフロリエンタル ウッディの香り。<br><br>パープルの「ココア & カシミア」：<br>上質なカシミアをまとって芳醇なココアにほっと心満たされるような、<br>ほのかにムスクを感じるオリエンタル アンバーの香り。<br><br>単品でも、重ね付けしても。<br>スリムでカラフルなボトルだから、いつでもバックに忍ばせて。<br>どこでもお好みの香りと共に、あなただけのハッピー ストーリーが動き出す。","skin":null,"skin_goal":null,"skus":{"total":1,"items":[{"color_family":null,"coverage_options":null,"cross_sell":null,"display_status":7,"finish":null,"finish_options":null,"fragrances":[{"family":null,"key":null,"value":null}],"iln_listing":"変性アルコール・香料・水・メトキシケイヒ酸エチルヘキシル・ｔ－ブチルメトキシジベンゾイルメタン・サリチル酸エチルヘキシル・ＢＨＴ<JILN10157>","iln_version_number":"JILN10157","inventory_status":"Active","is_active":true,"is_coming_soon":null,"is_default_sku":false,"is_discountable":true,"is_displayable":null,"is_engravable":null,"is_fragrance":null,"is_giftable":null,"is_giftwrap":false,"is_inactive":null,"is_multi_shaded":null,"is_out_of_stock":null,"is_preorder":false,"is_preorderable":null,"is_promotional":null,"is_replenishable":false,"is_search_suppressed":null,"is_searchable":true,"is_shaded":null,"is_sized":null,"is_sold_out":null,"is_under_weight_hazmat":false,"is_vto_enabled":null,"life_of_product":"Basic Reorder","material_code":"K8GP010000","media":{"large":[{"alt":"マイ ハッピー ココア ＆ カシミア","height":1200,"position":0,"src":"/media/export/cms/products/1200x1500/cl_sku_K8GP01_1200x1500_0.png","type":"image","width":1500}],"medium":[{"alt":"マイ ハッピー ココア ＆ カシミア","height":600,"position":1,"src":"/media/export/cms/products/600x750/cl_sku_K8GP01_600x750_0.png","type":"image","width":750}],"model":null,"poster":null,"small":[{"alt":"マイ ハッピー ココア ＆ カシミア","height":1200,"position":2,"src":"/media/export/cms/products/1200x1500/cl_sku_K8GP01_1200x1500_0.png","type":"image","width":1500}],"smoosh":null,"xl":null},"out_of_stock_threshold":null,"perlgem":{"SKU_BASE_ID":94426},"preorder_date":null,"prices":[{"currency":"JPY","exclude_tax":{"original_price":3500,"original_price_formatted":"¥3,500","price":3500,"price_formatted":"¥3,500","price_per_unit":null,"price_per_unit_formatted":""},"include_tax":{"original_price":3850,"original_price_formatted":"¥3,850","price":3850,"price_formatted":"¥3,850","price_per_unit":null,"price_per_unit_formatted":""},"is_discounted":false}],"purchase_limit":null,"replenishment":{"message":null},"reviews":{"average_rating":null,"number_of_questions":null,"number_of_reviews":null},"set_components":null,"shade_groups":null,"shades":null,"sizes":[{"key":1,"value":"15ml"}],"skin":{"tone":null,"type":null,"type_description":null},"sku_badge":null,"sku_badge_image":null,"sku_display_order":0,"sku_id":"K8GP01","sku_promo_messaging":null,"sku_type":"SE","sku_url":null,"tags":{"total":6,"items":[{"id":"27292","key":"マイ-ハッピー","value":"マイ ハッピー"},{"id":"16422","key":"セットギフト","value":"セット＆ギフト"},{"id":"1584","key":"セットギフト","value":"セット＆ギフト"},{"id":"1579","key":"クリニーク-ハッピー","value":"クリニーク ハッピー"},{"id":"25565","key":"justarrivednew","value":"justarrivednew"},{"id":"1577","key":"フレグランス","value":"フレグランス"}]},"texture":null,"undertone":null,"unit_of_measure":null,"unit_size":null,"unit_size_formatted":null,"upc":"020714931339","vto":{"is_color_experience":null,"is_foundation_experience":null}}]},"sub_display_name":"マイ ハッピー ココア ＆ カシミア","sub_header":null,"tags":{"total":6,"items":[{"id":"27292","key":"マイ-ハッピー","parent_tag_id":"1577","product_display_order":5,"value":"マイ ハッピー"},{"id":"16422","key":"セットギフト","parent_tag_id":"1585","product_display_order":221,"value":"セット＆ギフト"},{"id":"1584","key":"セットギフト","parent_tag_id":"1582","product_display_order":10,"value":"セット＆ギフト"},{"id":"1579","key":"クリニーク-ハッピー","parent_tag_id":"1577","product_display_order":8,"value":"クリニーク ハッピー"},{"id":"25565","key":"justarrivednew","parent_tag_id":null,"product_display_order":4,"value":"justarrivednew"},{"id":"1577","key":"フレグランス","parent_tag_id":null,"product_display_order":0,"value":"フレグランス"}]},"usage":[{"content":null,"label":"PRODUCT USAGE","type":"product_usage"},{"content":null,"label":"HOW DOES IT WORK","type":"how_does_it_work"},{"content":null,"label":"WHO IT IS FOR","type":"who_it_is_for"},{"content":null,"label":"GREAT TO KNOW","type":"great_to_know"},{"content":null,"label":"WHAT_IT_DOES","type":"what_it_does"},{"content":null,"label":"WHAT_IT_IS","type":"what_it_is"}],"objectID":"59276"},{"benefit":{"statement":null,"benefits":null},"brand":null,"collection":null,"coverage":null,"cross_sell":[{"sku_id":"7THL15","sort_key":1},{"sku_id":"KLR701","sort_key":2},{"sku_id":"KHAT61","sort_key":3}],"default_category":{"id":"1606","key":"マスカラ"},"description":"まつげに繊細な長さを。<br>百貨店売上No.1*、長く、自然、洗練された目もとをつくるクリニークのロングセラー マスカラ<br><br>まつげを1本1本とらえ、長さが続く”ラッシュ パワー マスカラ ロング ウェアリング フォーミュラ”。<br>１日中にじみにくく、ぬるま湯で簡単オフ。コンパクトで使いやすいブラシ。<br>はっきりした印象的な瞳を演出する、深みのある黒。<br><br><small>*2021年1月に報告された「日本における四半期毎の売上レポート 2020年第4四半期版 (Copyright © 2021 Beauté Research SARL)」 による、国内百貨店市場における2020年1月～12月までのマスカラ売上金額に基づく※製品写真の色は現物と異なる場合がございます。正しくはクリニーク コーナーでお確かめください。</small>","display_mode":null,"display_name":"ラッシュ パワー マスカラ ロング ウェアリング フォーミュラ","display_status":7,"finish":null,"form":null,"formula_type":null,"fragrance_family":null,"indexable_keywords":[{"value":"ラッシュ パワー"},{"value":" マスカラ"},{"value":" ロングウェアリング"},{"value":" ラッシュ パワー マスカラ ロングウェアリング フォーミュラ"}],"is_hazmat":false,"is_product_coming_soon":null,"is_product_displayable":true,"is_product_searchable":true,"is_product_shoppable":true,"is_product_sold_out":null,"is_product_temporarily_out_of_stock":null,"is_search_suppressed":null,"key_ingredient":null,"media":{"large":null,"medium":null,"poster":null,"small":null,"videos":[{"position":null,"poster":{"height":null,"src":null,"width":null},"provider":"YouTube","src":null},{"position":null,"poster":{"height":null,"src":null,"width":null},"provider":"YouTube","src":null},{"position":null,"poster":{"height":null,"src":null,"width":null},"provider":"YouTube","src":null}],"xl":null},"meta":{"description":null,"keywords":null},"parent_category":[{"id":"1606","value":"マスカラ"},{"id":"1592","value":"メーク"}],"product_badge":null,"product_id":"59450","product_title_tag":null,"product_type":"Shaded","product_url":"/product/1606/59450/--/lash-power-mascara-long-wearing-formula","reviews":{"average_rating":null,"number_of_questions":null,"number_of_reviews":null},"shade_groups":null,"short_description":"まつげに繊細な長さを。<br>百貨店売上No.1*、長く、自然、洗練された目もとをつくるクリニークのロングセラー マスカラ<br><br>まつげを1本1本とらえ、長さが続く”ラッシュ パワー マスカラ ロング ウェアリング フォーミュラ”。<br>１日中にじみにくく、ぬるま湯で簡単オフ。コンパクトで使いやすいブラシ。<br>はっきりした印象的な瞳を演出する、深みのある黒。<br><br><small>*2021年1月に報告された「日本における四半期毎の売上レポート 2020年第4四半期版 (Copyright © 2021 Beauté Research SARL)」 による、国内百貨店市場における2020年1月～12月までのマスカラ売上金額に基づく※製品写真の色は現物と異なる場合がございます。正しくはクリニーク コーナーでお確かめください。</small>","skin":null,"skin_goal":null,"skus":{"total":1,"items":[{"color_family":null,"coverage_options":null,"cross_sell":null,"display_status":7,"finish":null,"finish_options":null,"fragrances":[{"family":null,"key":null,"value":null}],"iln_listing":"水・アクリレーツコポリマー・カオリン・カルナウバロウ・ステアリン酸ＰＥＧ－１５グリセリル・シリカ・ＢＧ・ミツロウ・エタノール・水添ナタネ油アルコール・ベントナイト・ポリビニルアルコール・ジステアリン酸スクロース・ジメチコン・ステアリン酸・（ＶＰ／ＶＡ）コポリマー・ナイロン－６６・シメチコン・ＡＭＰ・ＡＭＰＤ・ホホバ種子油・キサンタンガム・トコフェロール・フェノキシエタノール・クロルフェネシン・デヒドロ酢酸Ｎａ・酢酸Ｎａ・酢酸メチル　＋／－　酸化鉄・酸化チタン<JILN8802>","iln_version_number":"JILN8802","inventory_status":"Active","is_active":true,"is_coming_soon":null,"is_default_sku":false,"is_discountable":true,"is_displayable":null,"is_engravable":null,"is_fragrance":null,"is_giftable":null,"is_giftwrap":false,"is_inactive":null,"is_multi_shaded":null,"is_out_of_stock":null,"is_preorder":false,"is_preorderable":null,"is_promotional":null,"is_replenishable":false,"is_search_suppressed":null,"is_searchable":true,"is_shaded":null,"is_sized":null,"is_sold_out":null,"is_under_weight_hazmat":false,"is_vto_enabled":null,"life_of_product":"Basic Reorder","material_code":"KGN2010000","media":{"large":[{"alt":"ラッシュ パワー マスカラ ロング ウェアリング フォーミュラ","height":1200,"position":0,"src":"/media/export/cms/products/1200x1500/cl_sku_KGN201_1200x1500_0.png","type":"image","width":1500}],"medium":[{"alt":"ラッシュ パワー マスカラ ロング ウェアリング フォーミュラ","height":600,"position":1,"src":"/media/export/cms/products/600x750/cl_sku_KGN201_600x750_0.png","type":"image","width":750}],"model":null,"poster":null,"small":[{"alt":"ラッシュ パワー マスカラ ロング ウェアリング フォーミュラ","height":1200,"position":2,"src":"/media/export/cms/products/1200x1500/cl_sku_KGN201_1200x1500_0.png","type":"image","width":1500}],"smoosh":null,"xl":null},"out_of_stock_threshold":null,"perlgem":{"SKU_BASE_ID":94637},"preorder_date":null,"prices":[{"currency":"JPY","exclude_tax":{"original_price":3500,"original_price_formatted":"¥3,500","price":3500,"price_formatted":"¥3,500","price_per_unit":null,"price_per_unit_formatted":""},"include_tax":{"original_price":3850,"original_price_formatted":"¥3,850","price":3850,"price_formatted":"¥3,850","price_per_unit":null,"price_per_unit_formatted":""},"is_discounted":false}],"purchase_limit":null,"replenishment":{"message":null},"reviews":{"average_rating":null,"number_of_questions":null,"number_of_reviews":null},"set_components":null,"shade_groups":null,"shades":null,"sizes":[{"key":1,"value":null}],"skin":{"tone":null,"type":null,"type_description":null},"sku_badge":null,"sku_badge_image":null,"sku_display_order":0,"sku_id":"KGN201","sku_promo_messaging":null,"sku_type":"SE","sku_url":null,"tags":{"total":8,"items":[{"id":"1606","key":"マスカラ","value":"マスカラ"},{"id":"19123","key":"トライアルセット","value":"トライアルセット"},{"id":"1575","key":"ベストセラー","value":"ベストセラー"},{"id":"18069","key":"価格別10000円","value":"価格別10000円"},{"id":"12537","key":"メークアップ-ベストセラー","value":"メークアップ ベストセラー"},{"id":"20524","key":"shop-the-movie-01","value":"Shop the Movie 01"},{"id":"22833","key":"3500円税抜以下のおすすめ製品","value":"3500円(税抜)以下のおすすめ製品"},{"id":"19570","key":"おすすめ製品","value":"おすすめ製品"}]},"texture":null,"undertone":null,"unit_of_measure":null,"unit_size":null,"unit_size_formatted":null,"upc":"020714979164","vto":{"is_color_experience":null,"is_foundation_experience":null}}]},"sub_display_name":"ラッシュ パワー マスカラ ロング ウェアリング フォーミュラ","sub_header":null,"tags":{"total":8,"items":[{"id":"1606","key":"マスカラ","parent_tag_id":"1592","product_display_order":8,"value":"マスカラ"},{"id":"19123","key":"トライアルセット","parent_tag_id":null,"product_display_order":4,"value":"トライアルセット"},{"id":"1575","key":"ベストセラー","parent_tag_id":null,"product_display_order":35,"value":"ベストセラー"},{"id":"18069","key":"価格別10000円","parent_tag_id":"1000020","product_display_order":0,"value":"価格別10000円"},{"id":"12537","key":"メークアップ-ベストセラー","parent_tag_id":"1592","product_display_order":3,"value":"メークアップ ベストセラー"},{"id":"20524","key":"shop-the-movie-01","parent_tag_id":"1000020","product_display_order":0,"value":"Shop the Movie 01"},{"id":"22833","key":"3500円税抜以下のおすすめ製品","parent_tag_id":"1000020","product_display_order":0,"value":"3500円(税抜)以下のおすすめ製品"},{"id":"19570","key":"おすすめ製品","parent_tag_id":"1000020","product_display_order":62,"value":"おすすめ製品"}]},"usage":[{"content":"ブラシ全体で、まつげの根元から持ち上げるようにつけます。<BR>落とす際は、ぬるま湯で優しく洗い流します。","label":"PRODUCT USAGE","type":"product_usage"},{"content":null,"label":"HOW DOES IT WORK","type":"how_does_it_work"},{"content":null,"label":"WHO IT IS FOR","type":"who_it_is_for"},{"content":null,"label":"GREAT TO KNOW","type":"great_to_know"},{"content":null,"label":"WHAT_IT_DOES","type":"what_it_does"},{"content":null,"label":"WHAT_IT_IS","type":"what_it_is"}],"objectID":"59450"},{"benefit":{"statement":null,"benefits":null},"brand":null,"collection":null,"coverage":null,"cross_sell":[{"sku_id":"6F4G01","sort_key":1},{"sku_id":"68LE01","sort_key":2},{"sku_id":null,"sort_key":3},{"sku_id":"60YE01","sort_key":4},{"sku_id":"6F4801","sort_key":5},{"sku_id":"6F3701","sort_key":6}],"default_category":{"id":"1608","key":"メークツール"},"description":"やわらかで豊かな毛量のフェース ブラシ。粉含みがよく、心地よい肌触りでふわっと均一な仕上がりが可能。","display_mode":null,"display_name":"パウダー ブラシ","display_status":7,"finish":null,"form":null,"formula_type":null,"fragrance_family":null,"indexable_keywords":null,"is_hazmat":false,"is_product_coming_soon":null,"is_product_displayable":true,"is_product_searchable":true,"is_product_shoppable":true,"is_product_sold_out":null,"is_product_temporarily_out_of_stock":null,"is_search_suppressed":null,"key_ingredient":null,"media":{"large":null,"medium":null,"poster":null,"small":null,"videos":[{"position":null,"poster":{"height":null,"src":null,"width":null},"provider":null,"src":null},{"position":null,"poster":{"height":null,"src":null,"width":null},"provider":null,"src":null},{"position":null,"poster":{"height":null,"src":null,"width":null},"provider":null,"src":null}],"xl":null},"meta":{"description":null,"keywords":"foundation"},"parent_category":[{"id":"1608","value":"メークツール"},{"id":"1592","value":"メーク"}],"product_badge":null,"product_id":"5953","product_title_tag":null,"product_type":"Other","product_url":"/product/1608/5953/powder-brush","reviews":{"average_rating":null,"number_of_questions":null,"number_of_reviews":null},"shade_groups":null,"short_description":"やわらかで豊かな毛量のフェース ブラシ。","skin":null,"skin_goal":null,"skus":{"total":1,"items":[{"color_family":null,"coverage_options":null,"cross_sell":null,"display_status":7,"finish":null,"finish_options":null,"fragrances":[{"family":null,"key":null,"value":null}],"iln_listing":null,"iln_version_number":null,"inventory_status":"Active","is_active":true,"is_coming_soon":null,"is_default_sku":false,"is_discountable":true,"is_displayable":null,"is_engravable":null,"is_fragrance":null,"is_giftable":null,"is_giftwrap":false,"is_inactive":null,"is_multi_shaded":null,"is_out_of_stock":null,"is_preorder":false,"is_preorderable":null,"is_promotional":null,"is_replenishable":false,"is_search_suppressed":null,"is_searchable":true,"is_shaded":null,"is_sized":null,"is_sold_out":null,"is_under_weight_hazmat":false,"is_vto_enabled":null,"life_of_product":"Basic Reorder","material_code":"6F45010001","media":{"large":[{"alt":"パウダー ブラシ","height":1200,"position":0,"src":"/media/export/cms/products/1200x1500/cl_sku_6F4501_1200x1500_0.png","type":"image","width":1500}],"medium":[{"alt":"パウダー ブラシ","height":600,"position":1,"src":"/media/export/cms/products/600x750/cl_sku_6F4501_600x750_0.png","type":"image","width":750}],"model":null,"poster":null,"small":[{"alt":"パウダー ブラシ","height":1200,"position":2,"src":"/media/export/cms/products/1200x1500/cl_sku_6F4501_1200x1500_0.png","type":"image","width":1500}],"smoosh":null,"xl":null},"out_of_stock_threshold":null,"perlgem":{"SKU_BASE_ID":13291},"preorder_date":null,"prices":[{"currency":"JPY","exclude_tax":{"original_price":5500,"original_price_formatted":"¥5,500","price":5500,"price_formatted":"¥5,500","price_per_unit":null,"price_per_unit_formatted":""},"include_tax":{"original_price":6050,"original_price_formatted":"¥6,050","price":6050,"price_formatted":"¥6,050","price_per_unit":null,"price_per_unit_formatted":""},"is_discounted":false}],"purchase_limit":null,"replenishment":{"message":"Never run low on your favourites. Sign up for Auto-Ship. Learn more >"},"reviews":{"average_rating":null,"number_of_questions":null,"number_of_reviews":null},"set_components":null,"shade_groups":null,"shades":null,"sizes":[{"key":1,"value":null}],"skin":{"tone":null,"type":null,"type_description":null},"sku_badge":null,"sku_badge_image":null,"sku_display_order":0,"sku_id":"6F4501","sku_promo_messaging":null,"sku_type":"SE","sku_url":null,"tags":{"total":8,"items":[{"id":"1607","key":"フェース-パウダー","value":"フェース パウダー"},{"id":"12518","key":"face-brushes","value":"Face Brushes"},{"id":"27172","key":"day5flashsale","value":"Day5FlashSale"},{"id":"1599","key":"ファンデーション","value":"ファンデーション"},{"id":"19288","key":"スペシャルセール","value":"スペシャルセール"},{"id":"27174","key":"day7flashsale","value":"Day7FlashSale"},{"id":"1608","key":"メークツール","value":"メークツール"},{"id":"27170","key":"day3flashsale","value":"Day3FlashSale"}]},"texture":null,"undertone":null,"unit_of_measure":null,"unit_size":null,"unit_size_formatted":null,"upc":"020714228026","vto":{"is_color_experience":null,"is_foundation_experience":null}}]},"sub_display_name":"パウダー ブラシ","sub_header":null,"tags":{"total":8,"items":[{"id":"1607","key":"フェース-パウダー","parent_tag_id":"1592","product_display_order":11,"value":"フェース パウダー"},{"id":"12518","key":"face-brushes","parent_tag_id":"1608","product_display_order":3,"value":"Face Brushes"},{"id":"27172","key":"day5flashsale","parent_tag_id":"1590","product_display_order":104,"value":"Day5FlashSale"},{"id":"1599","key":"ファンデーション","parent_tag_id":"1592","product_display_order":55,"value":"ファンデーション"},{"id":"19288","key":"スペシャルセール","parent_tag_id":"1590","product_display_order":0,"value":"スペシャルセール"},{"id":"27174","key":"day7flashsale","parent_tag_id":"1590","product_display_order":0,"value":"Day7FlashSale"},{"id":"1608","key":"メークツール","parent_tag_id":"1592","product_display_order":3,"value":"メークツール"},{"id":"27170","key":"day3flashsale","parent_tag_id":"1590","product_display_order":0,"value":"Day3FlashSale"}]},"usage":[{"content":"ブラシにパウダーを含ませ、手の平で軽く余分な粉を落としてから、顔にのせていきます。ブラシに含ませたパウダーを少しづつ重ねてゆくのがコツです。","label":"PRODUCT USAGE","type":"product_usage"},{"content":null,"label":"HOW DOES IT WORK","type":"how_does_it_work"},{"content":null,"label":"WHO IT IS FOR","type":"who_it_is_for"},{"content":null,"label":"GREAT TO KNOW","type":"great_to_know"},{"content":null,"label":"WHAT_IT_DOES","type":"what_it_does"},{"content":null,"label":"WHAT_IT_IS","type":"what_it_is"}],"objectID":"5953"},{"benefit":{"statement":null,"benefits":null},"brand":null,"collection":null,"coverage":null,"cross_sell":[{"sku_id":"6F4G01","sort_key":1},{"sku_id":"62A401","sort_key":2},{"sku_id":"6F3701","sort_key":3},{"sku_id":null,"sort_key":4},{"sku_id":"6F4701","sort_key":5},{"sku_id":"68LE01","sort_key":6}],"default_category":{"id":"1608","key":"メークツール"},"description":"斜めにカットされた堅めのブラシで、ソフトで美しいアイ ラインを実現するアイ ライナー ブラシ。アイ ブロー ブラシとしても使用できます。","display_mode":null,"display_name":"アイ ディファイナー ブラシ","display_status":7,"finish":null,"form":null,"formula_type":null,"fragrance_family":null,"indexable_keywords":[{"value":"アイライナーブラシ"},{"value":"アイブロウブラシ"},{"value":"メークアップブラシ"}],"is_hazmat":false,"is_product_coming_soon":null,"is_product_displayable":true,"is_product_searchable":true,"is_product_shoppable":true,"is_product_sold_out":null,"is_product_temporarily_out_of_stock":null,"is_search_suppressed":null,"key_ingredient":null,"media":{"large":null,"medium":null,"poster":null,"small":null,"videos":[{"position":null,"poster":{"height":null,"src":null,"width":null},"provider":null,"src":null},{"position":null,"poster":{"height":null,"src":null,"width":null},"provider":null,"src":null},{"position":null,"poster":{"height":null,"src":null,"width":null},"provider":null,"src":null}],"xl":null},"meta":{"description":null,"keywords":null},"parent_category":[{"id":"1608","value":"メークツール"},{"id":"1592","value":"メーク"}],"product_badge":null,"product_id":"5954","product_title_tag":null,"product_type":"Other","product_url":"/product/1608/5954/eye-definer-brush","reviews":{"average_rating":null,"number_of_questions":null,"number_of_reviews":null},"shade_groups":null,"short_description":"斜めにカットされた堅めのブラシで、ソフトで美しいアイ ラインを実現するアイ ライナー ブラシ。","skin":null,"skin_goal":null,"skus":{"total":1,"items":[{"color_family":null,"coverage_options":null,"cross_sell":null,"display_status":7,"finish":null,"finish_options":null,"fragrances":[{"family":null,"key":null,"value":null}],"iln_listing":null,"iln_version_number":null,"inventory_status":"Active","is_active":true,"is_coming_soon":null,"is_default_sku":false,"is_discountable":true,"is_displayable":null,"is_engravable":null,"is_fragrance":null,"is_giftable":null,"is_giftwrap":false,"is_inactive":null,"is_multi_shaded":null,"is_out_of_stock":null,"is_preorder":false,"is_preorderable":null,"is_promotional":null,"is_replenishable":false,"is_search_suppressed":null,"is_searchable":true,"is_shaded":null,"is_sized":null,"is_sold_out":null,"is_under_weight_hazmat":false,"is_vto_enabled":null,"life_of_product":"Basic Reorder","material_code":"6F4A010001","media":{"large":[{"alt":"アイ ディファイナー ブラシ","height":1200,"position":0,"src":"/media/export/cms/products/1200x1500/cl_sku_6F4A01_1200x1500_0.png","type":"image","width":1500}],"medium":[{"alt":"アイ ディファイナー ブラシ","height":600,"position":1,"src":"/media/export/cms/products/600x750/cl_sku_6F4A01_600x750_0.png","type":"image","width":750}],"model":null,"poster":null,"small":[{"alt":"アイ ディファイナー ブラシ","height":1200,"position":2,"src":"/media/export/cms/products/1200x1500/cl_sku_6F4A01_1200x1500_0.png","type":"image","width":1500}],"smoosh":null,"xl":null},"out_of_stock_threshold":null,"perlgem":{"SKU_BASE_ID":13296},"preorder_date":null,"prices":[{"currency":"JPY","exclude_tax":{"original_price":2800,"original_price_formatted":"¥2,800","price":2800,"price_formatted":"¥2,800","price_per_unit":null,"price_per_unit_formatted":""},"include_tax":{"original_price":3080,"original_price_formatted":"¥3,080","price":3080,"price_formatted":"¥3,080","price_per_unit":null,"price_per_unit_formatted":""},"is_discounted":false}],"purchase_limit":null,"replenishment":{"message":"Never run low on your favourites. Sign up for Auto-Ship. Learn more >"},"reviews":{"average_rating":null,"number_of_questions":null,"number_of_reviews":null},"set_components":null,"shade_groups":null,"shades":null,"sizes":[{"key":1,"value":null}],"skin":{"tone":null,"type":null,"type_description":null},"sku_badge":null,"sku_badge_image":null,"sku_display_order":0,"sku_id":"6F4A01","sku_promo_messaging":null,"sku_type":"SE","sku_url":null,"tags":{"total":7,"items":[{"id":"1608","key":"メークツール","value":"メークツール"},{"id":"1597","key":"アイライナー","value":"アイライナー"},{"id":"1598","key":"アイシャドウ","value":"アイシャドウ"},{"id":"12520","key":"eye-lip-brushes","value":"Eye & Lip Brushes"},{"id":"27174","key":"day7flashsale","value":"Day7FlashSale"},{"id":"27172","key":"day5flashsale","value":"Day5FlashSale"},{"id":"27170","key":"day3flashsale","value":"Day3FlashSale"}]},"texture":null,"undertone":null,"unit_of_measure":null,"unit_size":null,"unit_size_formatted":null,"upc":"020714228071","vto":{"is_color_experience":null,"is_foundation_experience":null}}]},"sub_display_name":"アイ ディファイナー ブラシ","sub_header":null,"tags":{"total":7,"items":[{"id":"1608","key":"メークツール","parent_tag_id":"1592","product_display_order":10,"value":"メークツール"},{"id":"1597","key":"アイライナー","parent_tag_id":"1592","product_display_order":9,"value":"アイライナー"},{"id":"1598","key":"アイシャドウ","parent_tag_id":"1592","product_display_order":17,"value":"アイシャドウ"},{"id":"12520","key":"eye-lip-brushes","parent_tag_id":"1608","product_display_order":4,"value":"Eye & Lip Brushes"},{"id":"27174","key":"day7flashsale","parent_tag_id":"1590","product_display_order":0,"value":"Day7FlashSale"},{"id":"27172","key":"day5flashsale","parent_tag_id":"1590","product_display_order":106,"value":"Day5FlashSale"},{"id":"27170","key":"day3flashsale","parent_tag_id":"1590","product_display_order":0,"value":"Day3FlashSale"}]},"usage":[{"content":"お手入れは、専用のブラシ クレンザーをご使用ください。","label":"PRODUCT USAGE","type":"product_usage"},{"content":null,"label":"HOW DOES IT WORK","type":"how_does_it_work"},{"content":null,"label":"WHO IT IS FOR","type":"who_it_is_for"},{"content":null,"label":"GREAT TO KNOW","type":"great_to_know"},{"content":null,"label":"WHAT_IT_DOES","type":"what_it_does"},{"content":null,"label":"WHAT_IT_IS","type":"what_it_is"}],"objectID":"5954"},{"benefit":{"statement":null,"benefits":null},"brand":null,"collection":null,"coverage":null,"cross_sell":[{"sku_id":"K6K501","sort_key":1},{"sku_id":"K6K701","sort_key":2},{"sku_id":"Z4RN01","sort_key":3},{"sku_id":null,"sort_key":4},{"sku_id":"Z5WW01","sort_key":5}],"default_category":{"id":"1683","key":"アイ-リップ-ケア"},"description":"<P>疲れた目もとを<br>クールに、シャキッ！<br>疲労が蓄積しやすい目もとをクールにリフレッシュする、目もと用美容液。</P><P>ローラーを転がすだけで、ひんやりと瞬時に潤し、スッキリ爽やか。<br>疲れた目もとを明るく、イキイキとした印象に。</P><P>携帯にも便利なスティックタイプでいつでも、どこでもケアが可能。</P><P>さあ、サッとひと塗り、デキる男の目もとに。</P>","display_mode":null,"display_name":"SE アイ ジェル","display_status":7,"finish":null,"form":null,"formula_type":null,"fragrance_family":null,"indexable_keywords":null,"is_hazmat":false,"is_product_coming_soon":null,"is_product_displayable":true,"is_product_searchable":true,"is_product_shoppable":true,"is_product_sold_out":null,"is_product_temporarily_out_of_stock":null,"is_search_suppressed":null,"key_ingredient":null,"media":{"large":null,"medium":null,"poster":null,"small":null,"videos":[{"position":null,"poster":{"height":null,"src":null,"width":null},"provider":"YouTube","src":null},{"position":null,"poster":{"height":null,"src":null,"width":null},"provider":"YouTube","src":null},{"position":null,"poster":{"height":null,"src":null,"width":null},"provider":"YouTube","src":null}],"xl":null},"meta":{"description":null,"keywords":null},"parent_category":[{"id":"1683","value":"アイ & リップ ケア"},{"id":"1667","value":"スキンケア"}],"product_badge":null,"product_id":"59818","product_title_tag":null,"product_type":"Other","product_url":"/product/1683/59818/-/se-/se-eye-gel","reviews":{"average_rating":null,"number_of_questions":null,"number_of_reviews":null},"shade_groups":null,"short_description":"疲労が蓄積しやすい目もとをクールにリフレッシュする、目もと用美容液。","skin":null,"skin_goal":null,"skus":{"total":1,"items":[{"color_family":null,"coverage_options":null,"cross_sell":null,"display_status":7,"finish":null,"finish_options":null,"fragrances":[{"family":null,"key":null,"value":null}],"iln_listing":"水・ＢＧ・グリセリン・酵母エキス・ビオサッカリドガム－１・パンテノール・カフェイン・キサンタンガム・カプリリルグリコール・ポリアクリルアミド・（Ｃ１３，１４）イソパラフィン・ＥＤＴＡ－２Ｎａ・ヘキシレングリコール・ラウレス－７・ヒアルロン酸Ｎａ・酸化チタン・マイカ・イタドリ根エキス・リノール酸・ブドウ種子エキス・ローズマリー葉エキス・グリシン・ホップエキス・カルボマー・ザクロ果汁・マンダリンオレンジ果皮エキス・ノルジヒドログアイアレチン酸・シクロデキストリン・ヒドロキシプロリン・プロリン・アクリレーツコポリマー・シメチコン・リノレン酸・エチルビスイミノメチルグアヤコールマンガンクロリド・トコフェロール・フェノキシエタノール・ソルビン酸<JILN8856>","iln_version_number":"JILN8856","inventory_status":"Active","is_active":true,"is_coming_soon":null,"is_default_sku":false,"is_discountable":true,"is_displayable":null,"is_engravable":null,"is_fragrance":null,"is_giftable":null,"is_giftwrap":false,"is_inactive":null,"is_multi_shaded":null,"is_out_of_stock":null,"is_preorder":false,"is_preorderable":null,"is_promotional":null,"is_replenishable":false,"is_search_suppressed":null,"is_searchable":true,"is_shaded":null,"is_sized":null,"is_sold_out":null,"is_under_weight_hazmat":false,"is_vto_enabled":null,"life_of_product":"Basic Reorder","material_code":"K6KW010000","media":{"large":[{"alt":"SE アイ ジェル","height":1200,"position":0,"src":"/media/export/cms/products/1200x1500/cl_sku_K6KW01_1200x1500_0.png","type":"image","width":1500}],"medium":[{"alt":"SE アイ ジェル","height":600,"position":1,"src":"/media/export/cms/products/600x750/cl_sku_K6KW01_600x750_0.png","type":"image","width":750}],"model":null,"poster":null,"small":[{"alt":"SE アイ ジェル","height":1200,"position":2,"src":"/media/export/cms/products/1200x1500/cl_sku_K6KW01_1200x1500_0.png","type":"image","width":1500}],"smoosh":null,"xl":null},"out_of_stock_threshold":null,"perlgem":{"SKU_BASE_ID":95231},"preorder_date":null,"prices":[{"currency":"JPY","exclude_tax":{"original_price":4200,"original_price_formatted":"¥4,200","price":4200,"price_formatted":"¥4,200","price_per_unit":null,"price_per_unit_formatted":""},"include_tax":{"original_price":4620,"original_price_formatted":"¥4,620","price":4620,"price_formatted":"¥4,620","price_per_unit":null,"price_per_unit_formatted":""},"is_discounted":false}],"purchase_limit":null,"replenishment":{"message":null},"reviews":{"average_rating":null,"number_of_questions":null,"number_of_reviews":null},"set_components":null,"shade_groups":null,"shades":null,"sizes":[{"key":1,"value":"15ｍL"}],"skin":{"tone":null,"type":null,"type_description":null},"sku_badge":null,"sku_badge_image":null,"sku_display_order":0,"sku_id":"K6KW01","sku_promo_messaging":null,"sku_type":"SE","sku_url":null,"tags":{"total":11,"items":[{"id":"1683","key":"アイ-リップ-ケア","value":"アイ & リップ ケア"},{"id":"1626","key":"moisturize-protect","value":"Moisturize & Protect"},{"id":"1625","key":"スキンケア","value":"スキンケア"},{"id":"1609","key":"メンズ","value":"メンズ"},{"id":"27168","key":"day1flashsale","value":"Day1FlashSale"},{"id":"12943","key":"mens-de-aging","value":"Men's De-Aging"},{"id":"27172","key":"day5flashsale","value":"Day5FlashSale"},{"id":"1619","key":"セットギフト","value":"セット＆ギフト"},{"id":"12950","key":"mens-bestsellers","value":"Men's Bestsellers"},{"id":"27174","key":"day7flashsale","value":"Day7FlashSale"},{"id":"12824","key":"grooming","value":"Grooming"}]},"texture":null,"undertone":null,"unit_of_measure":null,"unit_size":null,"unit_size_formatted":null,"upc":"020714914158","vto":{"is_color_experience":null,"is_foundation_experience":null}}]},"sub_display_name":"SE アイ ジェル","sub_header":null,"tags":{"total":11,"items":[{"id":"1683","key":"アイ-リップ-ケア","parent_tag_id":"1667","product_display_order":7,"value":"アイ & リップ ケア"},{"id":"1626","key":"moisturize-protect","parent_tag_id":"1625","product_display_order":0,"value":"Moisturize & Protect"},{"id":"1625","key":"スキンケア","parent_tag_id":"1609","product_display_order":10,"value":"スキンケア"},{"id":"1609","key":"メンズ","parent_tag_id":null,"product_display_order":34,"value":"メンズ"},{"id":"27168","key":"day1flashsale","parent_tag_id":"1590","product_display_order":0,"value":"Day1FlashSale"},{"id":"12943","key":"mens-de-aging","parent_tag_id":"1625","product_display_order":0,"value":"Men's De-Aging"},{"id":"27172","key":"day5flashsale","parent_tag_id":"1590","product_display_order":177,"value":"Day5FlashSale"},{"id":"1619","key":"セットギフト","parent_tag_id":"1618","product_display_order":30,"value":"セット＆ギフト"},{"id":"12950","key":"mens-bestsellers","parent_tag_id":"1609","product_display_order":0,"value":"Men's Bestsellers"},{"id":"27174","key":"day7flashsale","parent_tag_id":"1590","product_display_order":0,"value":"Day7FlashSale"},{"id":"12824","key":"grooming","parent_tag_id":"1625","product_display_order":0,"value":"Grooming"}]},"usage":[{"content":null,"label":"PRODUCT USAGE","type":"product_usage"},{"content":null,"label":"HOW DOES IT WORK","type":"how_does_it_work"},{"content":null,"label":"WHO IT IS FOR","type":"who_it_is_for"},{"content":null,"label":"GREAT TO KNOW","type":"great_to_know"},{"content":null,"label":"WHAT_IT_DOES","type":"what_it_does"},{"content":null,"label":"WHAT_IT_IS","type":"what_it_is"}],"objectID":"59818"},{"benefit":{"statement":null,"benefits":null},"brand":null,"collection":null,"coverage":null,"cross_sell":[{"sku_id":"6KK101","sort_key":1},{"sku_id":"68LE01","sort_key":2},{"sku_id":null,"sort_key":3},{"sku_id":"6F8X06","sort_key":4},{"sku_id":"6F4G01","sort_key":5},{"sku_id":"6F3701","sort_key":6}],"default_category":{"id":"1608","key":"メークツール"},"description":"唇のカーブにあわせ、美しいラインを簡単に描けるリップ ブラシ。","display_mode":null,"display_name":"リップ ブラシ","display_status":7,"finish":null,"form":null,"formula_type":null,"fragrance_family":null,"indexable_keywords":[{"value":"リップブラシ"},{"value":"リップ ブラシ"},{"value":"ブラシ"},{"value":"紅筆"}],"is_hazmat":false,"is_product_coming_soon":null,"is_product_displayable":true,"is_product_searchable":true,"is_product_shoppable":true,"is_product_sold_out":null,"is_product_temporarily_out_of_stock":null,"is_search_suppressed":null,"key_ingredient":null,"media":{"large":null,"medium":null,"poster":null,"small":null,"videos":[{"position":null,"poster":{"height":null,"src":null,"width":null},"provider":null,"src":null},{"position":null,"poster":{"height":null,"src":null,"width":null},"provider":null,"src":null},{"position":null,"poster":{"height":null,"src":null,"width":null},"provider":null,"src":null}],"xl":null},"meta":{"description":null,"keywords":null},"parent_category":[{"id":"1608","value":"メークツール"},{"id":"1592","value":"メーク"}],"product_badge":null,"product_id":"5988","product_title_tag":null,"product_type":"Other","product_url":"/product/1608/5988/lip-brush","reviews":{"average_rating":null,"number_of_questions":null,"number_of_reviews":null},"shade_groups":null,"short_description":"唇のカーブにあわせ、美しいラインを簡単に描けるリップ ブラシ。","skin":null,"skin_goal":null,"skus":{"total":1,"items":[{"color_family":null,"coverage_options":null,"cross_sell":null,"display_status":7,"finish":null,"finish_options":null,"fragrances":[{"family":null,"key":null,"value":null}],"iln_listing":null,"iln_version_number":null,"inventory_status":"Active","is_active":true,"is_coming_soon":null,"is_default_sku":false,"is_discountable":true,"is_displayable":null,"is_engravable":null,"is_fragrance":null,"is_giftable":null,"is_giftwrap":false,"is_inactive":null,"is_multi_shaded":null,"is_out_of_stock":null,"is_preorder":false,"is_preorderable":null,"is_promotional":null,"is_replenishable":false,"is_search_suppressed":null,"is_searchable":true,"is_shaded":null,"is_sized":null,"is_sold_out":null,"is_under_weight_hazmat":false,"is_vto_enabled":null,"life_of_product":"Basic Reorder","material_code":"6F4C010001","media":{"large":[{"alt":"リップ ブラシ","height":1200,"position":0,"src":"/media/export/cms/products/1200x1500/cl_sku_6F4C01_1200x1500_0.png","type":"image","width":1500}],"medium":[{"alt":"リップ ブラシ","height":600,"position":1,"src":"/media/export/cms/products/600x750/cl_sku_6F4C01_600x750_0.png","type":"image","width":750}],"model":null,"poster":null,"small":[{"alt":"リップ ブラシ","height":1200,"position":2,"src":"/media/export/cms/products/1200x1500/cl_sku_6F4C01_1200x1500_0.png","type":"image","width":1500}],"smoosh":null,"xl":null},"out_of_stock_threshold":null,"perlgem":{"SKU_BASE_ID":13297},"preorder_date":null,"prices":[{"currency":"JPY","exclude_tax":{"original_price":2500,"original_price_formatted":"¥2,500","price":2500,"price_formatted":"¥2,500","price_per_unit":null,"price_per_unit_formatted":""},"include_tax":{"original_price":2750,"original_price_formatted":"¥2,750","price":2750,"price_formatted":"¥2,750","price_per_unit":null,"price_per_unit_formatted":""},"is_discounted":false}],"purchase_limit":null,"replenishment":{"message":"Never run low on your favourites. Sign up for Auto-Ship. Learn more >"},"reviews":{"average_rating":null,"number_of_questions":null,"number_of_reviews":null},"set_components":null,"shade_groups":null,"shades":null,"sizes":[{"key":1,"value":null}],"skin":{"tone":null,"type":null,"type_description":null},"sku_badge":null,"sku_badge_image":null,"sku_display_order":0,"sku_id":"6F4C01","sku_promo_messaging":null,"sku_type":"SE","sku_url":null,"tags":{"total":6,"items":[{"id":"27174","key":"day7flashsale","value":"Day7FlashSale"},{"id":"12520","key":"eye-lip-brushes","value":"Eye & Lip Brushes"},{"id":"1608","key":"メークツール","value":"メークツール"},{"id":"27172","key":"day5flashsale","value":"Day5FlashSale"},{"id":"27170","key":"day3flashsale","value":"Day3FlashSale"},{"id":"1605","key":"リップスティック","value":"リップスティック"}]},"texture":null,"undertone":null,"unit_of_measure":null,"unit_size":null,"unit_size_formatted":null,"upc":"020714228088","vto":{"is_color_experience":null,"is_foundation_experience":null}}]},"sub_display_name":"リップ ブラシ","sub_header":null,"tags":{"total":6,"items":[{"id":"27174","key":"day7flashsale","parent_tag_id":"1590","product_display_order":0,"value":"Day7FlashSale"},{"id":"12520","key":"eye-lip-brushes","parent_tag_id":"1608","product_display_order":5,"value":"Eye & Lip Brushes"},{"id":"1608","key":"メークツール","parent_tag_id":"1592","product_display_order":12,"value":"メークツール"},{"id":"27172","key":"day5flashsale","parent_tag_id":"1590","product_display_order":115,"value":"Day5FlashSale"},{"id":"27170","key":"day3flashsale","parent_tag_id":"1590","product_display_order":0,"value":"Day3FlashSale"},{"id":"1605","key":"リップスティック","parent_tag_id":"1592","product_display_order":37,"value":"リップスティック"}]},"usage":[{"content":"お手入れは、専用のブラシクレンザーをご使用ください。","label":"PRODUCT USAGE","type":"product_usage"},{"content":null,"label":"HOW DOES IT WORK","type":"how_does_it_work"},{"content":null,"label":"WHO IT IS FOR","type":"who_it_is_for"},{"content":null,"label":"GREAT TO KNOW","type":"great_to_know"},{"content":null,"label":"WHAT_IT_DOES","type":"what_it_does"},{"content":null,"label":"WHAT_IT_IS","type":"what_it_is"}],"objectID":"5988"},{"benefit":{"statement":null,"benefits":null},"brand":null,"collection":null,"coverage":null,"cross_sell":null,"default_category":{"id":"1605","key":"リップスティック"},"description":"芯までドラマティック。<br>潤いも発色も長時間続く<br>ずっと塗りたてのような ふっくら魅惑の唇<br><br>潤い、発色、ふっくらが続く、リップがデビュー！<br>するする伸びて、つけ心地軽やか。<br>リッチなトリートメント成分配合で、唇を潤して、しっとりなめらかに。<br>ロングウェアリング フォーミュラで、潤いも発色も長続きするから、いつでも塗りたてのような美しさ。<br>特徴的な３Ｄパールがふっくら、ボリュームのある唇を創り出します。<br>直塗りでも唇の輪郭をとらえてくっきり描ける、シャープな形状のブレット型も魅力。<br><br>シアーからフルカバレッジまでお好みの仕上がりをお選びください。<br>","display_mode":null,"display_name":"ドラマティカリー ディファレント リップスティック","display_status":7,"finish":null,"form":null,"formula_type":null,"fragrance_family":null,"indexable_keywords":null,"is_hazmat":false,"is_product_coming_soon":null,"is_product_displayable":true,"is_product_searchable":true,"is_product_shoppable":true,"is_product_sold_out":null,"is_product_temporarily_out_of_stock":null,"is_search_suppressed":null,"key_ingredient":null,"media":{"large":[{"alt":"ドラマティカリー ディファレント リップスティック","height":1200,"position":0,"src":"/media/export/cms/products/1200x1500/cl_prod_60030_1200x1500_0.png","type":"image","width":1500},{"alt":"ドラマティカリー ディファレント リップスティック","height":1200,"position":1,"src":"/media/export/cms/products/1200x1500/cl_prod_60030_1200x1500_1.png","type":"image","width":1500}],"medium":null,"poster":null,"small":[{"alt":"ドラマティカリー ディファレント リップスティック","height":1200,"position":2,"src":"/media/export/cms/products/1200x1500/cl_prod_60030_1200x1500_0.png","type":"image","width":1500},{"alt":"ドラマティカリー ディファレント リップスティック","height":1200,"position":3,"src":"/media/export/cms/products/1200x1500/cl_prod_60030_1200x1500_1.png","type":"image","width":1500}],"videos":[{"position":null,"poster":{"height":null,"src":null,"width":null},"provider":"YouTube","src":null},{"position":null,"poster":{"height":null,"src":null,"width":null},"provider":"YouTube","src":null},{"position":null,"poster":{"height":null,"src":null,"width":null},"provider":"YouTube","src":null}],"xl":null},"meta":{"description":null,"keywords":null},"parent_category":[{"id":"1605","value":"リップスティック"},{"id":"1592","value":"メーク"}],"product_badge":null,"product_id":"60030","product_title_tag":null,"product_type":"Shaded","product_url":"/product/1605/60030/dramatically-different-lipstick","reviews":{"average_rating":null,"number_of_questions":null,"number_of_reviews":null},"shade_groups":null,"short_description":"芯までドラマティック。<br>潤いも発色も長時間続く<br>ずっと塗りたてのような ふっくら魅惑の唇","skin":null,"skin_goal":null,"skus":{"total":19,"items":[{"color_family":[{"key":"nude-color","value":"nude_color"}],"coverage_options":null,"cross_sell":null,"display_status":7,"finish":null,"finish_options":null,"fragrances":[{"family":null,"key":null,"value":null}],"iln_listing":"エチルヘキサン酸セチル・オゾケライト・ヒマシ油・ポリブテン・ミツロウ・ポリエチレン・（ＰＰＧ－５１／ＳＭＤＩ）コポリマー・マイクロクリスタリンワックス・ビスジグリセリルポリアシルアジペート－２・パルミチン酸エチルヘキシル・レシチン・（ＨＤＩ／トリメチロールヘキシルラクトン）クロスポリマー・シア脂・酢酸トコフェロール・ジパルミトイルヒドロキシプロリン・カプリリルグリコール・トリベヘニン・スクワラン・ヘプタヒドロキシステアリン酸ポリグリセリル－１０・水添ポリイソブテン・水・イソステアリン酸ソルビタン・テトラ（ジ－ｔ－ブチルヒドロキシヒドロケイヒ酸）ペンタエリスリチル・ヒマワリ種子油・トロロアオイモドキエキス・ツボクサエキス・コレウスバルバツス根エキス・アルミナ・（エチレン／プロピレン／スチレン）コポリマー・パルミトイルトリペプチド－１・ホウケイ酸（Ｃａ／Ａｌ）・（ブチレン／エチレン／スチレン）コポリマー・合成金雲母・フェノキシエタノール　＋／－　マイカ・酸化チタン・シリカ・酸化鉄・黄４・硫酸Ｂａ・赤２０２・赤２０１・赤２２７・赤１０４（１）・青１・ホウケイ酸（Ｃａ／Ｎａ）・カルミン・水酸化Ａｌ・赤２２６・酸化スズ<JILN8691>","iln_version_number":"JILN8691","inventory_status":"Active","is_active":true,"is_coming_soon":null,"is_default_sku":false,"is_discountable":true,"is_displayable":null,"is_engravable":null,"is_fragrance":null,"is_giftable":null,"is_giftwrap":false,"is_inactive":null,"is_multi_shaded":null,"is_out_of_stock":null,"is_preorder":false,"is_preorderable":null,"is_promotional":null,"is_replenishable":false,"is_search_suppressed":null,"is_searchable":true,"is_shaded":null,"is_sized":null,"is_sold_out":null,"is_under_weight_hazmat":false,"is_vto_enabled":null,"life_of_product":"Basic Reorder","material_code":"K4XH010000","media":{"large":[{"alt":"ドラマティカリー ディファレント リップスティック","height":1200,"position":1,"src":"/media/export/cms/products/1200x1500/cl_sku_K4XH01_1200x1500_0.png","type":"image","width":1500}],"medium":[{"alt":"ドラマティカリー ディファレント リップスティック","height":600,"position":2,"src":"/media/export/cms/products/600x750/cl_sku_K4XH01_600x750_0.png","type":"image","width":750}],"model":null,"poster":null,"small":[{"alt":"ドラマティカリー ディファレント リップスティック","height":1200,"position":3,"src":"/media/export/cms/products/1200x1500/cl_sku_K4XH01_1200x1500_0.png","type":"image","width":1500}],"smoosh":[{"alt":"ドラマティカリー ディファレント リップスティック","height":1200,"position":0,"src":"/media/export/cms/products/1200x1500/swatches_v3/39_ns_ng.png","type":"image","width":1500}],"xl":null},"out_of_stock_threshold":null,"perlgem":{"SKU_BASE_ID":95531},"preorder_date":null,"prices":[{"currency":"JPY","exclude_tax":{"original_price":3200,"original_price_formatted":"¥3,200","price":3200,"price_formatted":"¥3,200","price_per_unit":null,"price_per_unit_formatted":""},"include_tax":{"original_price":3520,"original_price_formatted":"¥3,520","price":3520,"price_formatted":"¥3,520","price_per_unit":null,"price_per_unit_formatted":""},"is_discounted":false}],"purchase_limit":null,"replenishment":{"message":null},"reviews":{"average_rating":null,"number_of_questions":null,"number_of_reviews":null},"set_components":null,"shade_groups":null,"shades":[{"description":"","hex_val":"#CC9F9E","image":{"height":null,"src":"","width":null},"name":"01 ベアリー","smoosh_design":{"group_id":null,"name":"39::none::none"}}],"sizes":[{"key":1,"value":"4g"}],"skin":{"tone":null,"type":[{"key":"dry-skintype","value":"dry_skintype"},{"key":"combination-skintype","value":"combination_skintype"},{"key":"oily-skintype","value":"oily_skintype"},{"key":"normal-skintype","value":"normal_skintype"}],"type_description":null},"sku_badge":null,"sku_badge_image":null,"sku_display_order":0,"sku_id":"K4XH01","sku_promo_messaging":null,"sku_type":"SE","sku_url":null,"tags":{"total":7,"items":[{"id":"27172","key":"day5flashsale","value":"Day5FlashSale"},{"id":"27171","key":"day4flashsale","value":"Day4FlashSale"},{"id":"1575","key":"ベストセラー","value":"ベストセラー"},{"id":"4323","key":"just-arrived","value":"Just Arrived"},{"id":"1592","key":"メーク","value":"メーク"},{"id":"9427","key":"whatsnew","value":"what'snew"},{"id":"1605","key":"リップスティック","value":"リップスティック"}]},"texture":null,"undertone":null,"unit_of_measure":null,"unit_size":null,"unit_size_formatted":null,"upc":"020714899851","vto":{"is_color_experience":null,"is_foundation_experience":null}},{"color_family":[{"key":"nude-color","value":"nude_color"}],"coverage_options":null,"cross_sell":null,"display_status":7,"finish":null,"finish_options":null,"fragrances":[{"family":null,"key":null,"value":null}],"iln_listing":"エチルヘキサン酸セチル・オゾケライト・ヒマシ油・ポリブテン・ミツロウ・ポリエチレン・（ＰＰＧ－５１／ＳＭＤＩ）コポリマー・マイクロクリスタリンワックス・ビスジグリセリルポリアシルアジペート－２・パルミチン酸エチルヘキシル・レシチン・（ＨＤＩ／トリメチロールヘキシルラクトン）クロスポリマー・シア脂・酢酸トコフェロール・ジパルミトイルヒドロキシプロリン・カプリリルグリコール・トリベヘニン・スクワラン・ヘプタヒドロキシステアリン酸ポリグリセリル－１０・水添ポリイソブテン・水・イソステアリン酸ソルビタン・テトラ（ジ－ｔ－ブチルヒドロキシヒドロケイヒ酸）ペンタエリスリチル・ヒマワリ種子油・トロロアオイモドキエキス・ツボクサエキス・コレウスバルバツス根エキス・アルミナ・（エチレン／プロピレン／スチレン）コポリマー・パルミトイルトリペプチド－１・ホウケイ酸（Ｃａ／Ａｌ）・（ブチレン／エチレン／スチレン）コポリマー・合成金雲母・フェノキシエタノール　＋／－　マイカ・酸化チタン・シリカ・酸化鉄・黄４・硫酸Ｂａ・赤２０２・赤２０１・赤２２７・赤１０４（１）・青１・ホウケイ酸（Ｃａ／Ｎａ）・カルミン・水酸化Ａｌ・赤２２６・酸化スズ<JILN8691>","iln_version_number":"JILN8691","inventory_status":"Active","is_active":true,"is_coming_soon":null,"is_default_sku":true,"is_discountable":true,"is_displayable":null,"is_engravable":null,"is_fragrance":null,"is_giftable":null,"is_giftwrap":false,"is_inactive":null,"is_multi_shaded":null,"is_out_of_stock":null,"is_preorder":false,"is_preorderable":null,"is_promotional":null,"is_replenishable":false,"is_search_suppressed":null,"is_searchable":true,"is_shaded":null,"is_sized":null,"is_sold_out":null,"is_under_weight_hazmat":false,"is_vto_enabled":null,"life_of_product":"Basic Reorder","material_code":"K4XH040000","media":{"large":[{"alt":"ドラマティカリー ディファレント リップスティック","height":1200,"position":1,"src":"/media/export/cms/products/1200x1500/cl_sku_K4XH04_1200x1500_0.png","type":"image","width":1500}],"medium":[{"alt":"ドラマティカリー ディファレント リップスティック","height":600,"position":2,"src":"/media/export/cms/products/600x750/cl_sku_K4XH04_600x750_0.png","type":"image","width":750},{"alt":"ドラマティカリー ディファレント リップスティック","height":600,"position":3,"src":"/media/export/cms/products/600x750/cl_sku_K4XH04_600x750_1.png","type":"image","width":750}],"model":null,"poster":null,"small":[{"alt":"ドラマティカリー ディファレント リップスティック","height":1200,"position":4,"src":"/media/export/cms/products/1200x1500/cl_sku_K4XH04_1200x1500_0.png","type":"image","width":1500}],"smoosh":[{"alt":"ドラマティカリー ディファレント リップスティック","height":1200,"position":0,"src":"/media/export/cms/products/1200x1500/swatches_v3/39_ns_ng.png","type":"image","width":1500}],"xl":null},"out_of_stock_threshold":null,"perlgem":{"SKU_BASE_ID":95650},"preorder_date":null,"prices":[{"currency":"JPY","exclude_tax":{"original_price":3200,"original_price_formatted":"¥3,200","price":3200,"price_formatted":"¥3,200","price_per_unit":null,"price_per_unit_formatted":""},"include_tax":{"original_price":3520,"original_price_formatted":"¥3,520","price":3520,"price_formatted":"¥3,520","price_per_unit":null,"price_per_unit_formatted":""},"is_discounted":false}],"purchase_limit":null,"replenishment":{"message":null},"reviews":{"average_rating":null,"number_of_questions":null,"number_of_reviews":null},"set_components":null,"shade_groups":null,"shades":[{"description":"","hex_val":"#D58377","image":{"height":null,"src":"","width":null},"name":"04 カヌードル","smoosh_design":{"group_id":null,"name":"39::none::none"}}],"sizes":[{"key":1,"value":"4g"}],"skin":{"tone":null,"type":[{"key":"dry-skintype","value":"dry_skintype"},{"key":"combination-skintype","value":"combination_skintype"},{"key":"oily-skintype","value":"oily_skintype"},{"key":"normal-skintype","value":"normal_skintype"}],"type_description":null},"sku_badge":null,"sku_badge_image":null,"sku_display_order":3,"sku_id":"K4XH04","sku_promo_messaging":null,"sku_type":"SE","sku_url":null,"tags":{"total":7,"items":[{"id":"27172","key":"day5flashsale","value":"Day5FlashSale"},{"id":"27171","key":"day4flashsale","value":"Day4FlashSale"},{"id":"1575","key":"ベストセラー","value":"ベストセラー"},{"id":"4323","key":"just-arrived","value":"Just Arrived"},{"id":"1592","key":"メーク","value":"メーク"},{"id":"9427","key":"whatsnew","value":"what'snew"},{"id":"1605","key":"リップスティック","value":"リップスティック"}]},"texture":null,"undertone":null,"unit_of_measure":null,"unit_size":null,"unit_size_formatted":null,"upc":"020714910914","vto":{"is_color_experience":null,"is_foundation_experience":null}},{"color_family":[{"key":"red-color","value":"red_color"}],"coverage_options":null,"cross_sell":null,"display_status":7,"finish":null,"finish_options":null,"fragrances":[{"family":null,"key":null,"value":null}],"iln_listing":"エチルヘキサン酸セチル・オゾケライト・ヒマシ油・ポリブテン・ミツロウ・ポリエチレン・（ＰＰＧ－５１／ＳＭＤＩ）コポリマー・マイクロクリスタリンワックス・ビスジグリセリルポリアシルアジペート－２・パルミチン酸エチルヘキシル・レシチン・（ＨＤＩ／トリメチロールヘキシルラクトン）クロスポリマー・シア脂・酢酸トコフェロール・ジパルミトイルヒドロキシプロリン・カプリリルグリコール・トリベヘニン・スクワラン・ヘプタヒドロキシステアリン酸ポリグリセリル－１０・水添ポリイソブテン・水・イソステアリン酸ソルビタン・テトラ（ジ－ｔ－ブチルヒドロキシヒドロケイヒ酸）ペンタエリスリチル・ヒマワリ種子油・トロロアオイモドキエキス・ツボクサエキス・コレウスバルバツス根エキス・アルミナ・（エチレン／プロピレン／スチレン）コポリマー・パルミトイルトリペプチド－１・ホウケイ酸（Ｃａ／Ａｌ）・（ブチレン／エチレン／スチレン）コポリマー・合成金雲母・フェノキシエタノール　＋／－　マイカ・酸化チタン・シリカ・酸化鉄・黄４・硫酸Ｂａ・赤２０２・赤２０１・赤２２７・赤１０４（１）・青１・ホウケイ酸（Ｃａ／Ｎａ）・カルミン・水酸化Ａｌ・赤２２６・酸化スズ<JILN8691>","iln_version_number":"JILN8691","inventory_status":"Active","is_active":true,"is_coming_soon":null,"is_default_sku":false,"is_discountable":true,"is_displayable":null,"is_engravable":null,"is_fragrance":null,"is_giftable":null,"is_giftwrap":false,"is_inactive":null,"is_multi_shaded":null,"is_out_of_stock":null,"is_preorder":false,"is_preorderable":null,"is_promotional":null,"is_replenishable":false,"is_search_suppressed":null,"is_searchable":true,"is_shaded":null,"is_sized":null,"is_sold_out":null,"is_under_weight_hazmat":false,"is_vto_enabled":null,"life_of_product":"Basic Reorder","material_code":"K4XH170000","media":{"large":[{"alt":"ドラマティカリー ディファレント リップスティック","height":1200,"position":1,"src":"/media/export/cms/products/1200x1500/cl_sku_K4XH17_1200x1500_0.png","type":"image","width":1500}],"medium":[{"alt":"ドラマティカリー ディファレント リップスティック","height":600,"position":2,"src":"/media/export/cms/products/600x750/cl_sku_K4XH17_600x750_0.png","type":"image","width":750}],"model":null,"poster":null,"small":[{"alt":"ドラマティカリー ディファレント リップスティック","height":1200,"position":3,"src":"/media/export/cms/products/1200x1500/cl_sku_K4XH17_1200x1500_0.png","type":"image","width":1500}],"smoosh":[{"alt":"ドラマティカリー ディファレント リップスティック","height":1200,"position":0,"src":"/media/export/cms/products/1200x1500/swatches_v3/39_ns_ng.png","type":"image","width":1500}],"xl":null},"out_of_stock_threshold":null,"perlgem":{"SKU_BASE_ID":95665},"preorder_date":null,"prices":[{"currency":"JPY","exclude_tax":{"original_price":3200,"original_price_formatted":"¥3,200","price":3200,"price_formatted":"¥3,200","price_per_unit":null,"price_per_unit_formatted":""},"include_tax":{"original_price":3520,"original_price_formatted":"¥3,520","price":3520,"price_formatted":"¥3,520","price_per_unit":null,"price_per_unit_formatted":""},"is_discounted":false}],"purchase_limit":null,"replenishment":{"message":null},"reviews":{"average_rating":null,"number_of_questions":null,"number_of_reviews":null},"set_components":null,"shade_groups":null,"shades":[{"description":"","hex_val":"#CB6B6F","image":{"height":null,"src":"","width":null},"name":"17 ストロベリー アイス","smoosh_design":{"group_id":null,"name":"39::none::none"}}],"sizes":[{"key":1,"value":"4g"}],"skin":{"tone":null,"type":[{"key":"dry-skintype","value":"dry_skintype"},{"key":"combination-skintype","value":"combination_skintype"},{"key":"oily-skintype","value":"oily_skintype"},{"key":"normal-skintype","value":"normal_skintype"}],"type_description":null},"sku_badge":null,"sku_badge_image":null,"sku_display_order":16,"sku_id":"K4XH17","sku_promo_messaging":null,"sku_type":"SE","sku_url":null,"tags":{"total":9,"items":[{"id":"27172","key":"day5flashsale","value":"Day5FlashSale"},{"id":"27171","key":"day4flashsale","value":"Day4FlashSale"},{"id":"1575","key":"ベストセラー","value":"ベストセラー"},{"id":"4323","key":"just-arrived","value":"Just Arrived"},{"id":"1592","key":"メーク","value":"メーク"},{"id":"27174","key":"day7flashsale","value":"Day7FlashSale"},{"id":"9427","key":"whatsnew","value":"what'snew"},{"id":"19288","key":"スペシャルセール","value":"スペシャルセール"},{"id":"1605","key":"リップスティック","value":"リップスティック"}]},"texture":null,"undertone":null,"unit_of_measure":null,"unit_size":null,"unit_size_formatted":null,"upc":"020714922412","vto":{"is_color_experience":null,"is_foundation_experience":null}},{"color_family":[{"key":"red-color","value":"red_color"}],"coverage_options":null,"cross_sell":null,"display_status":7,"finish":null,"finish_options":null,"fragrances":[{"family":null,"key":null,"value":null}],"iln_listing":"エチルヘキサン酸セチル・オゾケライト・ヒマシ油・ポリブテン・ミツロウ・ポリエチレン・（ＰＰＧ－５１／ＳＭＤＩ）コポリマー・マイクロクリスタリンワックス・ビスジグリセリルポリアシルアジペート－２・パルミチン酸エチルヘキシル・レシチン・（ＨＤＩ／トリメチロールヘキシルラクトン）クロスポリマー・シア脂・酢酸トコフェロール・ジパルミトイルヒドロキシプロリン・カプリリルグリコール・トリベヘニン・スクワラン・ヘプタヒドロキシステアリン酸ポリグリセリル－１０・水添ポリイソブテン・水・イソステアリン酸ソルビタン・テトラ（ジ－ｔ－ブチルヒドロキシヒドロケイヒ酸）ペンタエリスリチル・ヒマワリ種子油・トロロアオイモドキエキス・ツボクサエキス・コレウスバルバツス根エキス・アルミナ・（エチレン／プロピレン／スチレン）コポリマー・パルミトイルトリペプチド－１・ホウケイ酸（Ｃａ／Ａｌ）・（ブチレン／エチレン／スチレン）コポリマー・合成金雲母・フェノキシエタノール　＋／－　マイカ・酸化チタン・シリカ・酸化鉄・黄４・硫酸Ｂａ・赤２０２・赤２０１・赤２２７・赤１０４（１）・青１・ホウケイ酸（Ｃａ／Ｎａ）・カルミン・水酸化Ａｌ・赤２２６・酸化スズ<JILN8691>","iln_version_number":"JILN8691","inventory_status":"Active","is_active":true,"is_coming_soon":null,"is_default_sku":false,"is_discountable":true,"is_displayable":null,"is_engravable":null,"is_fragrance":null,"is_giftable":null,"is_giftwrap":false,"is_inactive":null,"is_multi_shaded":null,"is_out_of_stock":null,"is_preorder":false,"is_preorderable":null,"is_promotional":null,"is_replenishable":false,"is_search_suppressed":null,"is_searchable":true,"is_shaded":null,"is_sized":null,"is_sold_out":null,"is_under_weight_hazmat":false,"is_vto_enabled":null,"life_of_product":"Basic Reorder","material_code":"K4XH200000","media":{"large":[{"alt":"ドラマティカリー ディファレント リップスティック","height":1200,"position":1,"src":"/media/export/cms/products/1200x1500/cl_sku_K4XH20_1200x1500_0.png","type":"image","width":1500}],"medium":[{"alt":"ドラマティカリー ディファレント リップスティック","height":600,"position":2,"src":"/media/export/cms/products/600x750/cl_sku_K4XH20_600x750_0.png","type":"image","width":750}],"model":null,"poster":null,"small":[{"alt":"ドラマティカリー ディファレント リップスティック","height":1200,"position":3,"src":"/media/export/cms/products/1200x1500/cl_sku_K4XH20_1200x1500_0.png","type":"image","width":1500}],"smoosh":[{"alt":"ドラマティカリー ディファレント リップスティック","height":1200,"position":0,"src":"/media/export/cms/products/1200x1500/swatches_v3/39_ns_ng.png","type":"image","width":1500}],"xl":null},"out_of_stock_threshold":null,"perlgem":{"SKU_BASE_ID":95668},"preorder_date":null,"prices":[{"currency":"JPY","exclude_tax":{"original_price":3200,"original_price_formatted":"¥3,200","price":3200,"price_formatted":"¥3,200","price_per_unit":null,"price_per_unit_formatted":""},"include_tax":{"original_price":3520,"original_price_formatted":"¥3,520","price":3520,"price_formatted":"¥3,520","price_per_unit":null,"price_per_unit_formatted":""},"is_discounted":false}],"purchase_limit":null,"replenishment":{"message":null},"reviews":{"average_rating":null,"number_of_questions":null,"number_of_reviews":null},"set_components":null,"shade_groups":null,"shades":[{"description":"","hex_val":"#C4122F","image":{"height":null,"src":"","width":null},"name":"20 レッド アラート","smoosh_design":{"group_id":null,"name":"39::none::none"}}],"sizes":[{"key":1,"value":"4g"}],"skin":{"tone":null,"type":[{"key":"dry-skintype","value":"dry_skintype"},{"key":"combination-skintype","value":"combination_skintype"},{"key":"oily-skintype","value":"oily_skintype"},{"key":"normal-skintype","value":"normal_skintype"}],"type_description":null},"sku_badge":null,"sku_badge_image":null,"sku_display_order":19,"sku_id":"K4XH20","sku_promo_messaging":null,"sku_type":"SE","sku_url":null,"tags":{"total":7,"items":[{"id":"27172","key":"day5flashsale","value":"Day5FlashSale"},{"id":"27171","key":"day4flashsale","value":"Day4FlashSale"},{"id":"1575","key":"ベストセラー","value":"ベストセラー"},{"id":"4323","key":"just-arrived","value":"Just Arrived"},{"id":"1592","key":"メーク","value":"メーク"},{"id":"9427","key":"whatsnew","value":"what'snew"},{"id":"1605","key":"リップスティック","value":"リップスティック"}]},"texture":null,"undertone":null,"unit_of_measure":null,"unit_size":null,"unit_size_formatted":null,"upc":"020714922443","vto":{"is_color_experience":null,"is_foundation_experience":null}},{"color_family":[{"key":"red-color","value":"red_color"}],"coverage_options":null,"cross_sell":null,"display_status":7,"finish":null,"finish_options":null,"fragrances":[{"family":null,"key":null,"value":null}],"iln_listing":"エチルヘキサン酸セチル・オゾケライト・ヒマシ油・ポリブテン・ミツロウ・ポリエチレン・（ＰＰＧ－５１／ＳＭＤＩ）コポリマー・マイクロクリスタリンワックス・ビスジグリセリルポリアシルアジペート－２・パルミチン酸エチルヘキシル・レシチン・（ＨＤＩ／トリメチロールヘキシルラクトン）クロスポリマー・シア脂・酢酸トコフェロール・ジパルミトイルヒドロキシプロリン・カプリリルグリコール・トリベヘニン・スクワラン・ヘプタヒドロキシステアリン酸ポリグリセリル－１０・水添ポリイソブテン・水・イソステアリン酸ソルビタン・テトラ（ジ－ｔ－ブチルヒドロキシヒドロケイヒ酸）ペンタエリスリチル・ヒマワリ種子油・トロロアオイモドキエキス・ツボクサエキス・コレウスバルバツス根エキス・アルミナ・（エチレン／プロピレン／スチレン）コポリマー・パルミトイルトリペプチド－１・ホウケイ酸（Ｃａ／Ａｌ）・（ブチレン／エチレン／スチレン）コポリマー・合成金雲母・フェノキシエタノール　＋／－　マイカ・酸化チタン・シリカ・酸化鉄・黄４・硫酸Ｂａ・赤２０２・赤２０１・赤２２７・赤１０４（１）・青１・ホウケイ酸（Ｃａ／Ｎａ）・カルミン・水酸化Ａｌ・赤２２６・酸化スズ<JILN8691>","iln_version_number":"JILN8691","inventory_status":"Active","is_active":true,"is_coming_soon":null,"is_default_sku":false,"is_discountable":true,"is_displayable":null,"is_engravable":null,"is_fragrance":null,"is_giftable":null,"is_giftwrap":false,"is_inactive":null,"is_multi_shaded":null,"is_out_of_stock":null,"is_preorder":false,"is_preorderable":null,"is_promotional":null,"is_replenishable":false,"is_search_suppressed":null,"is_searchable":true,"is_shaded":null,"is_sized":null,"is_sold_out":null,"is_under_weight_hazmat":false,"is_vto_enabled":null,"life_of_product":"Basic Reorder","material_code":"K4XH230000","media":{"large":[{"alt":"ドラマティカリー ディファレント リップスティック","height":1200,"position":1,"src":"/media/export/cms/products/1200x1500/cl_sku_K4XH23_1200x1500_0.png","type":"image","width":1500}],"medium":[{"alt":"ドラマティカリー ディファレント リップスティック","height":600,"position":2,"src":"/media/export/cms/products/600x750/cl_sku_K4XH23_600x750_0.png","type":"image","width":750}],"model":null,"poster":null,"small":[{"alt":"ドラマティカリー ディファレント リップスティック","height":1200,"position":3,"src":"/media/export/cms/products/1200x1500/cl_sku_K4XH23_1200x1500_0.png","type":"image","width":1500}],"smoosh":[{"alt":"ドラマティカリー ディファレント リップスティック","height":1200,"position":0,"src":"/media/export/cms/products/1200x1500/swatches_v3/39_ns_ng.png","type":"image","width":1500}],"xl":null},"out_of_stock_threshold":null,"perlgem":{"SKU_BASE_ID":95671},"preorder_date":null,"prices":[{"currency":"JPY","exclude_tax":{"original_price":3200,"original_price_formatted":"¥3,200","price":3200,"price_formatted":"¥3,200","price_per_unit":null,"price_per_unit_formatted":""},"include_tax":{"original_price":3520,"original_price_formatted":"¥3,520","price":3520,"price_formatted":"¥3,520","price_per_unit":null,"price_per_unit_formatted":""},"is_discounted":false}],"purchase_limit":null,"replenishment":{"message":null},"reviews":{"average_rating":null,"number_of_questions":null,"number_of_reviews":null},"set_components":null,"shade_groups":null,"shades":[{"description":"","hex_val":"#CA585E","image":{"height":null,"src":"","width":null},"name":"23 オール ハート","smoosh_design":{"group_id":null,"name":"39::none::none"}}],"sizes":[{"key":1,"value":"4g"}],"skin":{"tone":null,"type":[{"key":"dry-skintype","value":"dry_skintype"},{"key":"combination-skintype","value":"combination_skintype"},{"key":"oily-skintype","value":"oily_skintype"},{"key":"normal-skintype","value":"normal_skintype"}],"type_description":null},"sku_badge":null,"sku_badge_image":null,"sku_display_order":22,"sku_id":"K4XH23","sku_promo_messaging":null,"sku_type":"SE","sku_url":null,"tags":{"total":7,"items":[{"id":"27172","key":"day5flashsale","value":"Day5FlashSale"},{"id":"27171","key":"day4flashsale","value":"Day4FlashSale"},{"id":"1575","key":"ベストセラー","value":"ベストセラー"},{"id":"4323","key":"just-arrived","value":"Just Arrived"},{"id":"1592","key":"メーク","value":"メーク"},{"id":"9427","key":"whatsnew","value":"what'snew"},{"id":"1605","key":"リップスティック","value":"リップスティック"}]},"texture":null,"undertone":null,"unit_of_measure":null,"unit_size":null,"unit_size_formatted":null,"upc":"020714922474","vto":{"is_color_experience":null,"is_foundation_experience":null}},{"color_family":[{"key":"red-color","value":"red_color"}],"coverage_options":null,"cross_sell":null,"display_status":7,"finish":null,"finish_options":null,"fragrances":[{"family":null,"key":null,"value":null}],"iln_listing":"エチルヘキサン酸セチル・オゾケライト・ヒマシ油・ポリブテン・ミツロウ・ポリエチレン・（ＰＰＧ－５１／ＳＭＤＩ）コポリマー・マイクロクリスタリンワックス・ビスジグリセリルポリアシルアジペート－２・パルミチン酸エチルヘキシル・レシチン・（ＨＤＩ／トリメチロールヘキシルラクトン）クロスポリマー・シア脂・酢酸トコフェロール・ジパルミトイルヒドロキシプロリン・カプリリルグリコール・トリベヘニン・スクワラン・ヘプタヒドロキシステアリン酸ポリグリセリル－１０・水添ポリイソブテン・水・イソステアリン酸ソルビタン・テトラ（ジ－ｔ－ブチルヒドロキシヒドロケイヒ酸）ペンタエリスリチル・ヒマワリ種子油・トロロアオイモドキエキス・ツボクサエキス・コレウスバルバツス根エキス・アルミナ・（エチレン／プロピレン／スチレン）コポリマー・パルミトイルトリペプチド－１・ホウケイ酸（Ｃａ／Ａｌ）・（ブチレン／エチレン／スチレン）コポリマー・合成金雲母・フェノキシエタノール　＋／－　マイカ・酸化チタン・シリカ・酸化鉄・黄４・硫酸Ｂａ・赤２０２・赤２０１・赤２２７・赤１０４（１）・青１・ホウケイ酸（Ｃａ／Ｎａ）・カルミン・水酸化Ａｌ・赤２２６・酸化スズ<JILN8691>","iln_version_number":"JILN8691","inventory_status":"Active","is_active":true,"is_coming_soon":null,"is_default_sku":false,"is_discountable":true,"is_displayable":null,"is_engravable":null,"is_fragrance":null,"is_giftable":null,"is_giftwrap":false,"is_inactive":null,"is_multi_shaded":null,"is_out_of_stock":null,"is_preorder":false,"is_preorderable":null,"is_promotional":null,"is_replenishable":false,"is_search_suppressed":null,"is_searchable":true,"is_shaded":null,"is_sized":null,"is_sold_out":null,"is_under_weight_hazmat":false,"is_vto_enabled":null,"life_of_product":"Basic Reorder","material_code":"K4XH250000","media":{"large":[{"alt":"ドラマティカリー ディファレント リップスティック","height":1200,"position":1,"src":"/media/export/cms/products/1200x1500/cl_sku_K4XH25_1200x1500_0.png","type":"image","width":1500}],"medium":[{"alt":"ドラマティカリー ディファレント リップスティック","height":600,"position":2,"src":"/media/export/cms/products/600x750/cl_sku_K4XH25_600x750_0.png","type":"image","width":750}],"model":null,"poster":null,"small":[{"alt":"ドラマティカリー ディファレント リップスティック","height":1200,"position":3,"src":"/media/export/cms/products/1200x1500/cl_sku_K4XH25_1200x1500_0.png","type":"image","width":1500}],"smoosh":[{"alt":"ドラマティカリー ディファレント リップスティック","height":1200,"position":0,"src":"/media/export/cms/products/1200x1500/swatches_v3/39_ns_ng.png","type":"image","width":1500}],"xl":null},"out_of_stock_threshold":null,"perlgem":{"SKU_BASE_ID":95673},"preorder_date":null,"prices":[{"currency":"JPY","exclude_tax":{"original_price":3200,"original_price_formatted":"¥3,200","price":3200,"price_formatted":"¥3,200","price_per_unit":null,"price_per_unit_formatted":""},"include_tax":{"original_price":3520,"original_price_formatted":"¥3,520","price":3520,"price_formatted":"¥3,520","price_per_unit":null,"price_per_unit_formatted":""},"is_discounted":false}],"purchase_limit":null,"replenishment":{"message":null},"reviews":{"average_rating":null,"number_of_questions":null,"number_of_reviews":null},"set_components":null,"shade_groups":null,"shades":[{"description":"","hex_val":"#9E0918","image":{"height":null,"src":"","width":null},"name":"25 エンジェル レッド","smoosh_design":{"group_id":null,"name":"39::none::none"}}],"sizes":[{"key":1,"value":"4g"}],"skin":{"tone":null,"type":null,"type_description":null},"sku_badge":null,"sku_badge_image":null,"sku_display_order":24,"sku_id":"K4XH25","sku_promo_messaging":null,"sku_type":"SE","sku_url":null,"tags":{"total":7,"items":[{"id":"27172","key":"day5flashsale","value":"Day5FlashSale"},{"id":"27171","key":"day4flashsale","value":"Day4FlashSale"},{"id":"1575","key":"ベストセラー","value":"ベストセラー"},{"id":"4323","key":"just-arrived","value":"Just Arrived"},{"id":"1592","key":"メーク","value":"メーク"},{"id":"9427","key":"whatsnew","value":"what'snew"},{"id":"1605","key":"リップスティック","value":"リップスティック"}]},"texture":null,"undertone":null,"unit_of_measure":null,"unit_size":null,"unit_size_formatted":null,"upc":"020714922498","vto":{"is_color_experience":null,"is_foundation_experience":null}},{"color_family":[{"key":"pink-color","value":"pink_color"}],"coverage_options":null,"cross_sell":null,"display_status":7,"finish":null,"finish_options":null,"fragrances":[{"family":null,"key":null,"value":null}],"iln_listing":"エチルヘキサン酸セチル・オゾケライト・ヒマシ油・ポリブテン・ミツロウ・ポリエチレン・（ＰＰＧ－５１／ＳＭＤＩ）コポリマー・マイクロクリスタリンワックス・ビスジグリセリルポリアシルアジペート－２・パルミチン酸エチルヘキシル・レシチン・（ＨＤＩ／トリメチロールヘキシルラクトン）クロスポリマー・シア脂・酢酸トコフェロール・ジパルミトイルヒドロキシプロリン・カプリリルグリコール・トリベヘニン・スクワラン・ヘプタヒドロキシステアリン酸ポリグリセリル－１０・水添ポリイソブテン・水・イソステアリン酸ソルビタン・テトラ（ジ－ｔ－ブチルヒドロキシヒドロケイヒ酸）ペンタエリスリチル・ヒマワリ種子油・トロロアオイモドキエキス・ツボクサエキス・コレウスバルバツス根エキス・アルミナ・（エチレン／プロピレン／スチレン）コポリマー・パルミトイルトリペプチド－１・ホウケイ酸（Ｃａ／Ａｌ）・（ブチレン／エチレン／スチレン）コポリマー・合成金雲母・フェノキシエタノール　＋／－　マイカ・酸化チタン・シリカ・酸化鉄・黄４・硫酸Ｂａ・赤２０２・赤２０１・赤２２７・赤１０４（１）・青１・ホウケイ酸（Ｃａ／Ｎａ）・カルミン・水酸化Ａｌ・赤２２６・酸化スズ<JILN8691>","iln_version_number":"JILN8691","inventory_status":"Active","is_active":true,"is_coming_soon":null,"is_default_sku":false,"is_discountable":true,"is_displayable":null,"is_engravable":null,"is_fragrance":null,"is_giftable":null,"is_giftwrap":false,"is_inactive":null,"is_multi_shaded":null,"is_out_of_stock":null,"is_preorder":false,"is_preorderable":null,"is_promotional":null,"is_replenishable":false,"is_search_suppressed":null,"is_searchable":true,"is_shaded":null,"is_sized":null,"is_sold_out":null,"is_under_weight_hazmat":false,"is_vto_enabled":null,"life_of_product":"Basic Reorder","material_code":"K4XH270000","media":{"large":[{"alt":"ドラマティカリー ディファレント リップスティック","height":1200,"position":1,"src":"/media/export/cms/products/1200x1500/cl_sku_K4XH27_1200x1500_0.png","type":"image","width":1500}],"medium":[{"alt":"ドラマティカリー ディファレント リップスティック","height":600,"position":2,"src":"/media/export/cms/products/600x750/cl_sku_K4XH27_600x750_0.png","type":"image","width":750}],"model":null,"poster":null,"small":[{"alt":"ドラマティカリー ディファレント リップスティック","height":1200,"position":3,"src":"/media/export/cms/products/1200x1500/cl_sku_K4XH27_1200x1500_0.png","type":"image","width":1500}],"smoosh":[{"alt":"ドラマティカリー ディファレント リップスティック","height":1200,"position":0,"src":"/media/export/cms/products/1200x1500/swatches_v3/39_ns_ng.png","type":"image","width":1500}],"xl":null},"out_of_stock_threshold":null,"perlgem":{"SKU_BASE_ID":95675},"preorder_date":null,"prices":[{"currency":"JPY","exclude_tax":{"original_price":3200,"original_price_formatted":"¥3,200","price":3200,"price_formatted":"¥3,200","price_per_unit":null,"price_per_unit_formatted":""},"include_tax":{"original_price":3520,"original_price_formatted":"¥3,520","price":3520,"price_formatted":"¥3,520","price_per_unit":null,"price_per_unit_formatted":""},"is_discounted":false}],"purchase_limit":null,"replenishment":{"message":null},"reviews":{"average_rating":null,"number_of_questions":null,"number_of_reviews":null},"set_components":null,"shade_groups":null,"shades":[{"description":"","hex_val":"#D9166F","image":{"height":null,"src":"","width":null},"name":"27 クラッシュ（オンライン限定色）","smoosh_design":{"group_id":null,"name":"39::none::none"}}],"sizes":[{"key":1,"value":"4g"}],"skin":{"tone":null,"type":null,"type_description":null},"sku_badge":null,"sku_badge_image":null,"sku_display_order":26,"sku_id":"K4XH27","sku_promo_messaging":null,"sku_type":"SE","sku_url":null,"tags":{"total":7,"items":[{"id":"27172","key":"day5flashsale","value":"Day5FlashSale"},{"id":"27171","key":"day4flashsale","value":"Day4FlashSale"},{"id":"1575","key":"ベストセラー","value":"ベストセラー"},{"id":"4323","key":"just-arrived","value":"Just Arrived"},{"id":"1592","key":"メーク","value":"メーク"},{"id":"9427","key":"whatsnew","value":"what'snew"},{"id":"1605","key":"リップスティック","value":"リップスティック"}]},"texture":null,"undertone":null,"unit_of_measure":null,"unit_size":null,"unit_size_formatted":null,"upc":"020714922511","vto":{"is_color_experience":null,"is_foundation_experience":null}},{"color_family":[{"key":"pink-color","value":"pink_color"}],"coverage_options":null,"cross_sell":null,"display_status":7,"finish":null,"finish_options":null,"fragrances":[{"family":null,"key":null,"value":null}],"iln_listing":"エチルヘキサン酸セチル・オゾケライト・ヒマシ油・ポリブテン・ミツロウ・ポリエチレン・（ＰＰＧ－５１／ＳＭＤＩ）コポリマー・マイクロクリスタリンワックス・ビスジグリセリルポリアシルアジペート－２・パルミチン酸エチルヘキシル・レシチン・（ＨＤＩ／トリメチロールヘキシルラクトン）クロスポリマー・シア脂・酢酸トコフェロール・ジパルミトイルヒドロキシプロリン・カプリリルグリコール・トリベヘニン・スクワラン・ヘプタヒドロキシステアリン酸ポリグリセリル－１０・水添ポリイソブテン・水・イソステアリン酸ソルビタン・テトラ（ジ－ｔ－ブチルヒドロキシヒドロケイヒ酸）ペンタエリスリチル・ヒマワリ種子油・トロロアオイモドキエキス・ツボクサエキス・コレウスバルバツス根エキス・アルミナ・（エチレン／プロピレン／スチレン）コポリマー・パルミトイルトリペプチド－１・ホウケイ酸（Ｃａ／Ａｌ）・（ブチレン／エチレン／スチレン）コポリマー・合成金雲母・フェノキシエタノール　＋／－　マイカ・酸化チタン・シリカ・酸化鉄・黄４・硫酸Ｂａ・赤２０２・赤２０１・赤２２７・赤１０４（１）・青１・ホウケイ酸（Ｃａ／Ｎａ）・カルミン・水酸化Ａｌ・赤２２６・酸化スズ<JILN8691>","iln_version_number":"JILN8691","inventory_status":"Active","is_active":true,"is_coming_soon":null,"is_default_sku":false,"is_discountable":true,"is_displayable":null,"is_engravable":null,"is_fragrance":null,"is_giftable":null,"is_giftwrap":false,"is_inactive":null,"is_multi_shaded":null,"is_out_of_stock":null,"is_preorder":false,"is_preorderable":null,"is_promotional":null,"is_replenishable":false,"is_search_suppressed":null,"is_searchable":true,"is_shaded":null,"is_sized":null,"is_sold_out":null,"is_under_weight_hazmat":false,"is_vto_enabled":null,"life_of_product":"Basic Reorder","material_code":"K4XH280000","media":{"large":[{"alt":"ドラマティカリー ディファレント リップスティック","height":1200,"position":1,"src":"/media/export/cms/products/1200x1500/cl_sku_K4XH28_1200x1500_0.png","type":"image","width":1500}],"medium":[{"alt":"ドラマティカリー ディファレント リップスティック","height":600,"position":2,"src":"/media/export/cms/products/600x750/cl_sku_K4XH28_600x750_0.png","type":"image","width":750}],"model":null,"poster":null,"small":[{"alt":"ドラマティカリー ディファレント リップスティック","height":1200,"position":3,"src":"/media/export/cms/products/1200x1500/cl_sku_K4XH28_1200x1500_0.png","type":"image","width":1500}],"smoosh":[{"alt":"ドラマティカリー ディファレント リップスティック","height":1200,"position":0,"src":"/media/export/cms/products/1200x1500/swatches_v3/39_ns_ng.png","type":"image","width":1500}],"xl":null},"out_of_stock_threshold":null,"perlgem":{"SKU_BASE_ID":95676},"preorder_date":null,"prices":[{"currency":"JPY","exclude_tax":{"original_price":3200,"original_price_formatted":"¥3,200","price":3200,"price_formatted":"¥3,200","price_per_unit":null,"price_per_unit_formatted":""},"include_tax":{"original_price":3520,"original_price_formatted":"¥3,520","price":3520,"price_formatted":"¥3,520","price_per_unit":null,"price_per_unit_formatted":""},"is_discounted":false}],"purchase_limit":null,"replenishment":{"message":null},"reviews":{"average_rating":null,"number_of_questions":null,"number_of_reviews":null},"set_components":null,"shade_groups":null,"shades":[{"description":"","hex_val":"#E6758F","image":{"height":null,"src":"","width":null},"name":"28 ロマンティサイズ","smoosh_design":{"group_id":null,"name":"39::none::none"}}],"sizes":[{"key":1,"value":"4g"}],"skin":{"tone":null,"type":null,"type_description":null},"sku_badge":null,"sku_badge_image":null,"sku_display_order":27,"sku_id":"K4XH28","sku_promo_messaging":null,"sku_type":"SE","sku_url":null,"tags":{"total":7,"items":[{"id":"27172","key":"day5flashsale","value":"Day5FlashSale"},{"id":"27171","key":"day4flashsale","value":"Day4FlashSale"},{"id":"1575","key":"ベストセラー","value":"ベストセラー"},{"id":"4323","key":"just-arrived","value":"Just Arrived"},{"id":"1592","key":"メーク","value":"メーク"},{"id":"9427","key":"whatsnew","value":"what'snew"},{"id":"1605","key":"リップスティック","value":"リップスティック"}]},"texture":null,"undertone":null,"unit_of_measure":null,"unit_size":null,"unit_size_formatted":null,"upc":"020714922528","vto":{"is_color_experience":null,"is_foundation_experience":null}},{"color_family":[{"key":"pink-color","value":"pink_color"}],"coverage_options":null,"cross_sell":null,"display_status":7,"finish":null,"finish_options":null,"fragrances":[{"family":null,"key":null,"value":null}],"iln_listing":"エチルヘキサン酸セチル・オゾケライト・ヒマシ油・ポリブテン・ミツロウ・ポリエチレン・（ＰＰＧ－５１／ＳＭＤＩ）コポリマー・マイクロクリスタリンワックス・ビスジグリセリルポリアシルアジペート－２・パルミチン酸エチルヘキシル・レシチン・（ＨＤＩ／トリメチロールヘキシルラクトン）クロスポリマー・シア脂・酢酸トコフェロール・ジパルミトイルヒドロキシプロリン・カプリリルグリコール・トリベヘニン・スクワラン・ヘプタヒドロキシステアリン酸ポリグリセリル－１０・水添ポリイソブテン・水・イソステアリン酸ソルビタン・テトラ（ジ－ｔ－ブチルヒドロキシヒドロケイヒ酸）ペンタエリスリチル・ヒマワリ種子油・トロロアオイモドキエキス・ツボクサエキス・コレウスバルバツス根エキス・アルミナ・（エチレン／プロピレン／スチレン）コポリマー・パルミトイルトリペプチド－１・ホウケイ酸（Ｃａ／Ａｌ）・（ブチレン／エチレン／スチレン）コポリマー・合成金雲母・フェノキシエタノール　＋／－　マイカ・酸化チタン・シリカ・酸化鉄・黄４・硫酸Ｂａ・赤２０２・赤２０１・赤２２７・赤１０４（１）・青１・ホウケイ酸（Ｃａ／Ｎａ）・カルミン・水酸化Ａｌ・赤２２６・酸化スズ<JILN8691>","iln_version_number":"JILN8691","inventory_status":"Active","is_active":true,"is_coming_soon":null,"is_default_sku":false,"is_discountable":true,"is_displayable":null,"is_engravable":null,"is_fragrance":null,"is_giftable":null,"is_giftwrap":false,"is_inactive":null,"is_multi_shaded":null,"is_out_of_stock":null,"is_preorder":false,"is_preorderable":null,"is_promotional":null,"is_replenishable":false,"is_search_suppressed":null,"is_searchable":true,"is_shaded":null,"is_sized":null,"is_sold_out":null,"is_under_weight_hazmat":false,"is_vto_enabled":null,"life_of_product":"Basic Reorder","material_code":"K4XH290000","media":{"large":[{"alt":"ドラマティカリー ディファレント リップスティック","height":1200,"position":1,"src":"/media/export/cms/products/1200x1500/cl_sku_K4XH29_1200x1500_0.png","type":"image","width":1500}],"medium":[{"alt":"ドラマティカリー ディファレント リップスティック","height":600,"position":2,"src":"/media/export/cms/products/600x750/cl_sku_K4XH29_600x750_0.png","type":"image","width":750}],"model":null,"poster":null,"small":[{"alt":"ドラマティカリー ディファレント リップスティック","height":1200,"position":3,"src":"/media/export/cms/products/1200x1500/cl_sku_K4XH29_1200x1500_0.png","type":"image","width":1500}],"smoosh":[{"alt":"ドラマティカリー ディファレント リップスティック","height":1200,"position":0,"src":"/media/export/cms/products/1200x1500/swatches_v3/39_ns_ng.png","type":"image","width":1500}],"xl":null},"out_of_stock_threshold":null,"perlgem":{"SKU_BASE_ID":95677},"preorder_date":null,"prices":[{"currency":"JPY","exclude_tax":{"original_price":3200,"original_price_formatted":"¥3,200","price":3200,"price_formatted":"¥3,200","price_per_unit":null,"price_per_unit_formatted":""},"include_tax":{"original_price":3520,"original_price_formatted":"¥3,520","price":3520,"price_formatted":"¥3,520","price_per_unit":null,"price_per_unit_formatted":""},"is_discounted":false}],"purchase_limit":null,"replenishment":{"message":null},"reviews":{"average_rating":null,"number_of_questions":null,"number_of_reviews":null},"set_components":null,"shade_groups":null,"shades":[{"description":"","hex_val":"#E77E87","image":{"height":null,"src":"","width":null},"name":"29 グレイズド ベリー","smoosh_design":{"group_id":null,"name":"39::none::none"}}],"sizes":[{"key":1,"value":"4g"}],"skin":{"tone":null,"type":null,"type_description":null},"sku_badge":null,"sku_badge_image":null,"sku_display_order":28,"sku_id":"K4XH29","sku_promo_messaging":null,"sku_type":"SE","sku_url":null,"tags":{"total":8,"items":[{"id":"27172","key":"day5flashsale","value":"Day5FlashSale"},{"id":"27171","key":"day4flashsale","value":"Day4FlashSale"},{"id":"1575","key":"ベストセラー","value":"ベストセラー"},{"id":"4323","key":"just-arrived","value":"Just Arrived"},{"id":"1592","key":"メーク","value":"メーク"},{"id":"27174","key":"day7flashsale","value":"Day7FlashSale"},{"id":"9427","key":"whatsnew","value":"what'snew"},{"id":"1605","key":"リップスティック","value":"リップスティック"}]},"texture":null,"undertone":null,"unit_of_measure":null,"unit_size":null,"unit_size_formatted":null,"upc":"020714922535","vto":{"is_color_experience":null,"is_foundation_experience":null}},{"color_family":[{"key":"pink-color","value":"pink_color"}],"coverage_options":null,"cross_sell":null,"display_status":7,"finish":null,"finish_options":null,"fragrances":[{"family":null,"key":null,"value":null}],"iln_listing":"エチルヘキサン酸セチル・オゾケライト・ヒマシ油・ポリブテン・ミツロウ・ポリエチレン・（ＰＰＧ－５１／ＳＭＤＩ）コポリマー・マイクロクリスタリンワックス・ビスジグリセリルポリアシルアジペート－２・パルミチン酸エチルヘキシル・レシチン・（ＨＤＩ／トリメチロールヘキシルラクトン）クロスポリマー・シア脂・酢酸トコフェロール・ジパルミトイルヒドロキシプロリン・カプリリルグリコール・トリベヘニン・スクワラン・ヘプタヒドロキシステアリン酸ポリグリセリル－１０・水添ポリイソブテン・水・イソステアリン酸ソルビタン・テトラ（ジ－ｔ－ブチルヒドロキシヒドロケイヒ酸）ペンタエリスリチル・ヒマワリ種子油・トロロアオイモドキエキス・ツボクサエキス・コレウスバルバツス根エキス・アルミナ・（エチレン／プロピレン／スチレン）コポリマー・パルミトイルトリペプチド－１・ホウケイ酸（Ｃａ／Ａｌ）・（ブチレン／エチレン／スチレン）コポリマー・合成金雲母・フェノキシエタノール　＋／－　マイカ・酸化チタン・シリカ・酸化鉄・黄４・硫酸Ｂａ・赤２０２・赤２０１・赤２２７・赤１０４（１）・青１・ホウケイ酸（Ｃａ／Ｎａ）・カルミン・水酸化Ａｌ・赤２２６・酸化スズ<JILN8691>","iln_version_number":"JILN8691","inventory_status":"Active","is_active":true,"is_coming_soon":null,"is_default_sku":false,"is_discountable":true,"is_displayable":null,"is_engravable":null,"is_fragrance":null,"is_giftable":null,"is_giftwrap":false,"is_inactive":null,"is_multi_shaded":null,"is_out_of_stock":null,"is_preorder":false,"is_preorderable":null,"is_promotional":null,"is_replenishable":false,"is_search_suppressed":null,"is_searchable":true,"is_shaded":null,"is_sized":null,"is_sold_out":null,"is_under_weight_hazmat":false,"is_vto_enabled":null,"life_of_product":"Basic Reorder","material_code":"K4XH350000","media":{"large":[{"alt":"ドラマティカリー ディファレント リップスティック","height":1200,"position":1,"src":"/media/export/cms/products/1200x1500/cl_sku_K4XH35_1200x1500_0.png","type":"image","width":1500}],"medium":[{"alt":"ドラマティカリー ディファレント リップスティック","height":600,"position":2,"src":"/media/export/cms/products/600x750/cl_sku_K4XH35_600x750_0.png","type":"image","width":750}],"model":null,"poster":null,"small":[{"alt":"ドラマティカリー ディファレント リップスティック","height":1200,"position":3,"src":"/media/export/cms/products/1200x1500/cl_sku_K4XH35_1200x1500_0.png","type":"image","width":1500}],"smoosh":[{"alt":"ドラマティカリー ディファレント リップスティック","height":1200,"position":0,"src":"/media/export/cms/products/1200x1500/swatches_v3/39_ns_ng.png","type":"image","width":1500}],"xl":null},"out_of_stock_threshold":null,"perlgem":{"SKU_BASE_ID":95685},"preorder_date":null,"prices":[{"currency":"JPY","exclude_tax":{"original_price":3200,"original_price_formatted":"¥3,200","price":3200,"price_formatted":"¥3,200","price_per_unit":null,"price_per_unit_formatted":""},"include_tax":{"original_price":3520,"original_price_formatted":"¥3,520","price":3520,"price_formatted":"¥3,520","price_per_unit":null,"price_per_unit_formatted":""},"is_discounted":false}],"purchase_limit":null,"replenishment":{"message":null},"reviews":{"average_rating":null,"number_of_questions":null,"number_of_reviews":null},"set_components":null,"shade_groups":null,"shades":[{"description":"","hex_val":"#C27F75","image":{"height":null,"src":"","width":null},"name":"35 シンク ブロンズ","smoosh_design":{"group_id":null,"name":"39::none::none"}}],"sizes":[{"key":1,"value":"4g"}],"skin":{"tone":null,"type":null,"type_description":null},"sku_badge":null,"sku_badge_image":null,"sku_display_order":34,"sku_id":"K4XH35","sku_promo_messaging":null,"sku_type":"SE","sku_url":null,"tags":{"total":8,"items":[{"id":"27172","key":"day5flashsale","value":"Day5FlashSale"},{"id":"27171","key":"day4flashsale","value":"Day4FlashSale"},{"id":"1575","key":"ベストセラー","value":"ベストセラー"},{"id":"4323","key":"just-arrived","value":"Just Arrived"},{"id":"1592","key":"メーク","value":"メーク"},{"id":"27174","key":"day7flashsale","value":"Day7FlashSale"},{"id":"9427","key":"whatsnew","value":"what'snew"},{"id":"1605","key":"リップスティック","value":"リップスティック"}]},"texture":null,"undertone":null,"unit_of_measure":null,"unit_size":null,"unit_size_formatted":null,"upc":"020714922597","vto":{"is_color_experience":null,"is_foundation_experience":null}},{"color_family":[{"key":"pink-color","value":"pink_color"}],"coverage_options":null,"cross_sell":null,"display_status":7,"finish":null,"finish_options":null,"fragrances":[{"family":null,"key":null,"value":null}],"iln_listing":"エチルヘキサン酸セチル・オゾケライト・ヒマシ油・ポリブテン・ミツロウ・ポリエチレン・（ＰＰＧ－５１／ＳＭＤＩ）コポリマー・マイクロクリスタリンワックス・ビスジグリセリルポリアシルアジペート－２・パルミチン酸エチルヘキシル・レシチン・（ＨＤＩ／トリメチロールヘキシルラクトン）クロスポリマー・シア脂・酢酸トコフェロール・ジパルミトイルヒドロキシプロリン・カプリリルグリコール・トリベヘニン・スクワラン・ヘプタヒドロキシステアリン酸ポリグリセリル－１０・水添ポリイソブテン・水・イソステアリン酸ソルビタン・テトラ（ジ－ｔ－ブチルヒドロキシヒドロケイヒ酸）ペンタエリスリチル・ヒマワリ種子油・トロロアオイモドキエキス・ツボクサエキス・コレウスバルバツス根エキス・アルミナ・（エチレン／プロピレン／スチレン）コポリマー・パルミトイルトリペプチド－１・ホウケイ酸（Ｃａ／Ａｌ）・（ブチレン／エチレン／スチレン）コポリマー・合成金雲母・フェノキシエタノール　＋／－　マイカ・酸化チタン・シリカ・酸化鉄・黄４・硫酸Ｂａ・赤２０２・赤２０１・赤２２７・赤１０４（１）・青１・ホウケイ酸（Ｃａ／Ｎａ）・カルミン・水酸化Ａｌ・赤２２６・酸化スズ<JILN8691>","iln_version_number":"JILN8691","inventory_status":"Active","is_active":true,"is_coming_soon":null,"is_default_sku":false,"is_discountable":true,"is_displayable":null,"is_engravable":null,"is_fragrance":null,"is_giftable":null,"is_giftwrap":false,"is_inactive":null,"is_multi_shaded":null,"is_out_of_stock":null,"is_preorder":false,"is_preorderable":null,"is_promotional":null,"is_replenishable":false,"is_search_suppressed":null,"is_searchable":true,"is_shaded":null,"is_sized":null,"is_sold_out":null,"is_under_weight_hazmat":false,"is_vto_enabled":null,"life_of_product":"Basic Reorder","material_code":"K4XH370000","media":{"large":[{"alt":"ドラマティカリー ディファレント リップスティック","height":1200,"position":1,"src":"/media/export/cms/products/1200x1500/cl_sku_K4XH37_1200x1500_0.png","type":"image","width":1500}],"medium":[{"alt":"ドラマティカリー ディファレント リップスティック","height":600,"position":2,"src":"/media/export/cms/products/600x750/cl_sku_K4XH37_600x750_0.png","type":"image","width":750}],"model":null,"poster":null,"small":[{"alt":"ドラマティカリー ディファレント リップスティック","height":1200,"position":3,"src":"/media/export/cms/products/1200x1500/cl_sku_K4XH37_1200x1500_0.png","type":"image","width":1500}],"smoosh":[{"alt":"ドラマティカリー ディファレント リップスティック","height":1200,"position":0,"src":"/media/export/cms/products/1200x1500/swatches_v3/39_ns_ng.png","type":"image","width":1500}],"xl":null},"out_of_stock_threshold":null,"perlgem":{"SKU_BASE_ID":95687},"preorder_date":null,"prices":[{"currency":"JPY","exclude_tax":{"original_price":3200,"original_price_formatted":"¥3,200","price":3200,"price_formatted":"¥3,200","price_per_unit":null,"price_per_unit_formatted":""},"include_tax":{"original_price":3520,"original_price_formatted":"¥3,520","price":3520,"price_formatted":"¥3,520","price_per_unit":null,"price_per_unit_formatted":""},"is_discounted":false}],"purchase_limit":null,"replenishment":{"message":null},"reviews":{"average_rating":null,"number_of_questions":null,"number_of_reviews":null},"set_components":null,"shade_groups":null,"shades":[{"description":"","hex_val":"#974F52","image":{"height":null,"src":"","width":null},"name":"37 シャイ（オンライン限定色）","smoosh_design":{"group_id":null,"name":"39::none::none"}}],"sizes":[{"key":1,"value":"4g"}],"skin":{"tone":null,"type":null,"type_description":null},"sku_badge":null,"sku_badge_image":null,"sku_display_order":36,"sku_id":"K4XH37","sku_promo_messaging":null,"sku_type":"SE","sku_url":null,"tags":{"total":7,"items":[{"id":"27172","key":"day5flashsale","value":"Day5FlashSale"},{"id":"27171","key":"day4flashsale","value":"Day4FlashSale"},{"id":"1575","key":"ベストセラー","value":"ベストセラー"},{"id":"4323","key":"just-arrived","value":"Just Arrived"},{"id":"1592","key":"メーク","value":"メーク"},{"id":"9427","key":"whatsnew","value":"what'snew"},{"id":"1605","key":"リップスティック","value":"リップスティック"}]},"texture":null,"undertone":null,"unit_of_measure":null,"unit_size":null,"unit_size_formatted":null,"upc":"020714922610","vto":{"is_color_experience":null,"is_foundation_experience":null}},{"color_family":[{"key":"pink-color","value":"pink_color"}],"coverage_options":null,"cross_sell":null,"display_status":7,"finish":null,"finish_options":null,"fragrances":[{"family":null,"key":null,"value":null}],"iln_listing":"エチルヘキサン酸セチル・オゾケライト・ヒマシ油・ポリブテン・ミツロウ・ポリエチレン・（ＰＰＧ－５１／ＳＭＤＩ）コポリマー・マイクロクリスタリンワックス・ビスジグリセリルポリアシルアジペート－２・パルミチン酸エチルヘキシル・レシチン・（ＨＤＩ／トリメチロールヘキシルラクトン）クロスポリマー・シア脂・酢酸トコフェロール・ジパルミトイルヒドロキシプロリン・カプリリルグリコール・トリベヘニン・スクワラン・ヘプタヒドロキシステアリン酸ポリグリセリル－１０・水添ポリイソブテン・水・イソステアリン酸ソルビタン・テトラ（ジ－ｔ－ブチルヒドロキシヒドロケイヒ酸）ペンタエリスリチル・ヒマワリ種子油・トロロアオイモドキエキス・ツボクサエキス・コレウスバルバツス根エキス・アルミナ・（エチレン／プロピレン／スチレン）コポリマー・パルミトイルトリペプチド－１・ホウケイ酸（Ｃａ／Ａｌ）・（ブチレン／エチレン／スチレン）コポリマー・合成金雲母・フェノキシエタノール　＋／－　マイカ・酸化チタン・シリカ・酸化鉄・黄４・硫酸Ｂａ・赤２０２・赤２０１・赤２２７・赤１０４（１）・青１・ホウケイ酸（Ｃａ／Ｎａ）・カルミン・水酸化Ａｌ・赤２２６・酸化スズ<JILN8691>","iln_version_number":"JILN8691","inventory_status":"Active","is_active":true,"is_coming_soon":null,"is_default_sku":false,"is_discountable":true,"is_displayable":null,"is_engravable":null,"is_fragrance":null,"is_giftable":null,"is_giftwrap":false,"is_inactive":null,"is_multi_shaded":null,"is_out_of_stock":null,"is_preorder":false,"is_preorderable":null,"is_promotional":null,"is_replenishable":false,"is_search_suppressed":null,"is_searchable":true,"is_shaded":null,"is_sized":null,"is_sold_out":null,"is_under_weight_hazmat":false,"is_vto_enabled":null,"life_of_product":"Basic Reorder","material_code":"K4XH380000","media":{"large":[{"alt":"ドラマティカリー ディファレント リップスティック","height":1200,"position":1,"src":"/media/export/cms/products/1200x1500/cl_sku_K4XH38_1200x1500_0.png","type":"image","width":1500}],"medium":[{"alt":"ドラマティカリー ディファレント リップスティック","height":600,"position":2,"src":"/media/export/cms/products/600x750/cl_sku_K4XH38_600x750_0.png","type":"image","width":750}],"model":null,"poster":null,"small":[{"alt":"ドラマティカリー ディファレント リップスティック","height":1200,"position":3,"src":"/media/export/cms/products/1200x1500/cl_sku_K4XH38_1200x1500_0.png","type":"image","width":1500}],"smoosh":[{"alt":"ドラマティカリー ディファレント リップスティック","height":1200,"position":0,"src":"/media/export/cms/products/1200x1500/swatches_v3/39_ns_ng.png","type":"image","width":1500}],"xl":null},"out_of_stock_threshold":null,"perlgem":{"SKU_BASE_ID":95688},"preorder_date":null,"prices":[{"currency":"JPY","exclude_tax":{"original_price":3200,"original_price_formatted":"¥3,200","price":3200,"price_formatted":"¥3,200","price_per_unit":null,"price_per_unit_formatted":""},"include_tax":{"original_price":3520,"original_price_formatted":"¥3,520","price":3520,"price_formatted":"¥3,520","price_per_unit":null,"price_per_unit_formatted":""},"is_discounted":false}],"purchase_limit":null,"replenishment":{"message":null},"reviews":{"average_rating":null,"number_of_questions":null,"number_of_reviews":null},"set_components":null,"shade_groups":null,"shades":[{"description":"","hex_val":"#B66360","image":{"height":null,"src":"","width":null},"name":"38 プラム ブランディ（オンライン限定色）","smoosh_design":{"group_id":null,"name":"39::none::none"}}],"sizes":[{"key":1,"value":"4g"}],"skin":{"tone":null,"type":null,"type_description":null},"sku_badge":null,"sku_badge_image":null,"sku_display_order":37,"sku_id":"K4XH38","sku_promo_messaging":null,"sku_type":"SE","sku_url":null,"tags":{"total":8,"items":[{"id":"27172","key":"day5flashsale","value":"Day5FlashSale"},{"id":"27171","key":"day4flashsale","value":"Day4FlashSale"},{"id":"1575","key":"ベストセラー","value":"ベストセラー"},{"id":"4323","key":"just-arrived","value":"Just Arrived"},{"id":"1592","key":"メーク","value":"メーク"},{"id":"27174","key":"day7flashsale","value":"Day7FlashSale"},{"id":"9427","key":"whatsnew","value":"what'snew"},{"id":"1605","key":"リップスティック","value":"リップスティック"}]},"texture":null,"undertone":null,"unit_of_measure":null,"unit_size":null,"unit_size_formatted":null,"upc":"020714922627","vto":{"is_color_experience":null,"is_foundation_experience":null}},{"color_family":[{"key":"pink-color","value":"pink_color"}],"coverage_options":null,"cross_sell":null,"display_status":7,"finish":null,"finish_options":null,"fragrances":[{"family":null,"key":null,"value":null}],"iln_listing":"エチルヘキサン酸セチル・オゾケライト・ヒマシ油・ポリブテン・ミツロウ・ポリエチレン・（ＰＰＧ－５１／ＳＭＤＩ）コポリマー・マイクロクリスタリンワックス・ビスジグリセリルポリアシルアジペート－２・パルミチン酸エチルヘキシル・レシチン・（ＨＤＩ／トリメチロールヘキシルラクトン）クロスポリマー・シア脂・酢酸トコフェロール・ジパルミトイルヒドロキシプロリン・カプリリルグリコール・トリベヘニン・スクワラン・ヘプタヒドロキシステアリン酸ポリグリセリル－１０・水添ポリイソブテン・水・イソステアリン酸ソルビタン・テトラ（ジ－ｔ－ブチルヒドロキシヒドロケイヒ酸）ペンタエリスリチル・ヒマワリ種子油・トロロアオイモドキエキス・ツボクサエキス・コレウスバルバツス根エキス・アルミナ・（エチレン／プロピレン／スチレン）コポリマー・パルミトイルトリペプチド－１・ホウケイ酸（Ｃａ／Ａｌ）・（ブチレン／エチレン／スチレン）コポリマー・合成金雲母・フェノキシエタノール　＋／－　マイカ・酸化チタン・シリカ・酸化鉄・黄４・硫酸Ｂａ・赤２０２・赤２０１・赤２２７・赤１０４（１）・青１・ホウケイ酸（Ｃａ／Ｎａ）・カルミン・水酸化Ａｌ・赤２２６・酸化スズ<JILN8691>","iln_version_number":"JILN8691","inventory_status":"Active","is_active":true,"is_coming_soon":null,"is_default_sku":false,"is_discountable":true,"is_displayable":null,"is_engravable":null,"is_fragrance":null,"is_giftable":null,"is_giftwrap":false,"is_inactive":null,"is_multi_shaded":null,"is_out_of_stock":null,"is_preorder":false,"is_preorderable":null,"is_promotional":null,"is_replenishable":false,"is_search_suppressed":null,"is_searchable":true,"is_shaded":null,"is_sized":null,"is_sold_out":null,"is_under_weight_hazmat":false,"is_vto_enabled":null,"life_of_product":"Basic Reorder","material_code":"K4XH400000","media":{"large":[{"alt":"ドラマティカリー ディファレント リップスティック","height":1200,"position":1,"src":"/media/export/cms/products/1200x1500/cl_sku_K4XH40_1200x1500_0.png","type":"image","width":1500}],"medium":[{"alt":"ドラマティカリー ディファレント リップスティック","height":600,"position":2,"src":"/media/export/cms/products/600x750/cl_sku_K4XH40_600x750_0.png","type":"image","width":750}],"model":null,"poster":null,"small":[{"alt":"ドラマティカリー ディファレント リップスティック","height":1200,"position":3,"src":"/media/export/cms/products/1200x1500/cl_sku_K4XH40_1200x1500_0.png","type":"image","width":1500}],"smoosh":[{"alt":"ドラマティカリー ディファレント リップスティック","height":1200,"position":0,"src":"/media/export/cms/products/1200x1500/swatches_v3/39_ns_ng.png","type":"image","width":1500}],"xl":null},"out_of_stock_threshold":null,"perlgem":{"SKU_BASE_ID":95690},"preorder_date":null,"prices":[{"currency":"JPY","exclude_tax":{"original_price":3200,"original_price_formatted":"¥3,200","price":3200,"price_formatted":"¥3,200","price_per_unit":null,"price_per_unit_formatted":""},"include_tax":{"original_price":3520,"original_price_formatted":"¥3,520","price":3520,"price_formatted":"¥3,520","price_per_unit":null,"price_per_unit_formatted":""},"is_discounted":false}],"purchase_limit":null,"replenishment":{"message":null},"reviews":{"average_rating":null,"number_of_questions":null,"number_of_reviews":null},"set_components":null,"shade_groups":null,"shades":[{"description":"","hex_val":"#CB8D8F","image":{"height":null,"src":"","width":null},"name":"40 アースィー（オンライン限定色）","smoosh_design":{"group_id":null,"name":"39::none::none"}}],"sizes":[{"key":1,"value":"4g"}],"skin":{"tone":null,"type":null,"type_description":null},"sku_badge":null,"sku_badge_image":null,"sku_display_order":39,"sku_id":"K4XH40","sku_promo_messaging":null,"sku_type":"SE","sku_url":null,"tags":{"total":7,"items":[{"id":"27172","key":"day5flashsale","value":"Day5FlashSale"},{"id":"27171","key":"day4flashsale","value":"Day4FlashSale"},{"id":"1575","key":"ベストセラー","value":"ベストセラー"},{"id":"4323","key":"just-arrived","value":"Just Arrived"},{"id":"1592","key":"メーク","value":"メーク"},{"id":"9427","key":"whatsnew","value":"what'snew"},{"id":"1605","key":"リップスティック","value":"リップスティック"}]},"texture":null,"undertone":null,"unit_of_measure":null,"unit_size":null,"unit_size_formatted":null,"upc":"020714922641","vto":{"is_color_experience":null,"is_foundation_experience":null}},{"color_family":[{"key":"violet-color","value":"violet_color"}],"coverage_options":null,"cross_sell":null,"display_status":7,"finish":null,"finish_options":null,"fragrances":[{"family":null,"key":null,"value":null}],"iln_listing":"エチルヘキサン酸セチル・オゾケライト・ヒマシ油・ポリブテン・ミツロウ・ポリエチレン・（ＰＰＧ－５１／ＳＭＤＩ）コポリマー・マイクロクリスタリンワックス・ビスジグリセリルポリアシルアジペート－２・パルミチン酸エチルヘキシル・レシチン・（ＨＤＩ／トリメチロールヘキシルラクトン）クロスポリマー・シア脂・酢酸トコフェロール・ジパルミトイルヒドロキシプロリン・カプリリルグリコール・トリベヘニン・スクワラン・ヘプタヒドロキシステアリン酸ポリグリセリル－１０・水添ポリイソブテン・水・イソステアリン酸ソルビタン・テトラ（ジ－ｔ－ブチルヒドロキシヒドロケイヒ酸）ペンタエリスリチル・ヒマワリ種子油・トロロアオイモドキエキス・ツボクサエキス・コレウスバルバツス根エキス・アルミナ・（エチレン／プロピレン／スチレン）コポリマー・パルミトイルトリペプチド－１・ホウケイ酸（Ｃａ／Ａｌ）・（ブチレン／エチレン／スチレン）コポリマー・合成金雲母・フェノキシエタノール　＋／－　マイカ・酸化チタン・シリカ・酸化鉄・黄４・硫酸Ｂａ・赤２０２・赤２０１・赤２２７・赤１０４（１）・青１・ホウケイ酸（Ｃａ／Ｎａ）・カルミン・水酸化Ａｌ・赤２２６・酸化スズ<JILN8691>","iln_version_number":"JILN8691","inventory_status":"Active","is_active":true,"is_coming_soon":null,"is_default_sku":false,"is_discountable":true,"is_displayable":null,"is_engravable":null,"is_fragrance":null,"is_giftable":null,"is_giftwrap":false,"is_inactive":null,"is_multi_shaded":null,"is_out_of_stock":null,"is_preorder":false,"is_preorderable":null,"is_promotional":null,"is_replenishable":false,"is_search_suppressed":null,"is_searchable":true,"is_shaded":null,"is_sized":null,"is_sold_out":null,"is_under_weight_hazmat":false,"is_vto_enabled":null,"life_of_product":"Basic Reorder","material_code":"K4XH420000","media":{"large":[{"alt":"ドラマティカリー ディファレント リップスティック","height":1200,"position":1,"src":"/media/export/cms/products/1200x1500/cl_sku_K4XH42_1200x1500_0.png","type":"image","width":1500}],"medium":[{"alt":"ドラマティカリー ディファレント リップスティック","height":600,"position":2,"src":"/media/export/cms/products/600x750/cl_sku_K4XH42_600x750_0.png","type":"image","width":750}],"model":null,"poster":null,"small":[{"alt":"ドラマティカリー ディファレント リップスティック","height":1200,"position":3,"src":"/media/export/cms/products/1200x1500/cl_sku_K4XH42_1200x1500_0.png","type":"image","width":1500}],"smoosh":[{"alt":"ドラマティカリー ディファレント リップスティック","height":1200,"position":0,"src":"/media/export/cms/products/1200x1500/swatches_v3/39_ns_ng.png","type":"image","width":1500}],"xl":null},"out_of_stock_threshold":null,"perlgem":{"SKU_BASE_ID":95692},"preorder_date":null,"prices":[{"currency":"JPY","exclude_tax":{"original_price":3200,"original_price_formatted":"¥3,200","price":3200,"price_formatted":"¥3,200","price_per_unit":null,"price_per_unit_formatted":""},"include_tax":{"original_price":3520,"original_price_formatted":"¥3,520","price":3520,"price_formatted":"¥3,520","price_per_unit":null,"price_per_unit_formatted":""},"is_discounted":false}],"purchase_limit":null,"replenishment":{"message":null},"reviews":{"average_rating":null,"number_of_questions":null,"number_of_reviews":null},"set_components":null,"shade_groups":null,"shades":[{"description":"","hex_val":"#B6899C","image":{"height":null,"src":"","width":null},"name":"42 シルバリー ムーン","smoosh_design":{"group_id":null,"name":"39::none::none"}}],"sizes":[{"key":1,"value":"4g"}],"skin":{"tone":null,"type":null,"type_description":null},"sku_badge":null,"sku_badge_image":null,"sku_display_order":41,"sku_id":"K4XH42","sku_promo_messaging":null,"sku_type":"SE","sku_url":null,"tags":{"total":8,"items":[{"id":"27172","key":"day5flashsale","value":"Day5FlashSale"},{"id":"27171","key":"day4flashsale","value":"Day4FlashSale"},{"id":"1575","key":"ベストセラー","value":"ベストセラー"},{"id":"4323","key":"just-arrived","value":"Just Arrived"},{"id":"1592","key":"メーク","value":"メーク"},{"id":"27174","key":"day7flashsale","value":"Day7FlashSale"},{"id":"9427","key":"whatsnew","value":"what'snew"},{"id":"1605","key":"リップスティック","value":"リップスティック"}]},"texture":null,"undertone":null,"unit_of_measure":null,"unit_size":null,"unit_size_formatted":null,"upc":"020714922665","vto":{"is_color_experience":null,"is_foundation_experience":null}},{"color_family":[{"key":"violet-color","value":"violet_color"}],"coverage_options":null,"cross_sell":null,"display_status":7,"finish":null,"finish_options":null,"fragrances":[{"family":null,"key":null,"value":null}],"iln_listing":"エチルヘキサン酸セチル・オゾケライト・ヒマシ油・ポリブテン・ミツロウ・ポリエチレン・（ＰＰＧ－５１／ＳＭＤＩ）コポリマー・マイクロクリスタリンワックス・ビスジグリセリルポリアシルアジペート－２・パルミチン酸エチルヘキシル・レシチン・（ＨＤＩ／トリメチロールヘキシルラクトン）クロスポリマー・シア脂・酢酸トコフェロール・ジパルミトイルヒドロキシプロリン・カプリリルグリコール・トリベヘニン・スクワラン・ヘプタヒドロキシステアリン酸ポリグリセリル－１０・水添ポリイソブテン・水・イソステアリン酸ソルビタン・テトラ（ジ－ｔ－ブチルヒドロキシヒドロケイヒ酸）ペンタエリスリチル・ヒマワリ種子油・トロロアオイモドキエキス・ツボクサエキス・コレウスバルバツス根エキス・アルミナ・（エチレン／プロピレン／スチレン）コポリマー・パルミトイルトリペプチド－１・ホウケイ酸（Ｃａ／Ａｌ）・（ブチレン／エチレン／スチレン）コポリマー・合成金雲母・フェノキシエタノール　＋／－　マイカ・酸化チタン・シリカ・酸化鉄・黄４・硫酸Ｂａ・赤２０２・赤２０１・赤２２７・赤１０４（１）・青１・ホウケイ酸（Ｃａ／Ｎａ）・カルミン・水酸化Ａｌ・赤２２６・酸化スズ<JILN8691>","iln_version_number":"JILN8691","inventory_status":"Active","is_active":true,"is_coming_soon":null,"is_default_sku":false,"is_discountable":true,"is_displayable":null,"is_engravable":null,"is_fragrance":null,"is_giftable":null,"is_giftwrap":false,"is_inactive":null,"is_multi_shaded":null,"is_out_of_stock":null,"is_preorder":false,"is_preorderable":null,"is_promotional":null,"is_replenishable":false,"is_search_suppressed":null,"is_searchable":true,"is_shaded":null,"is_sized":null,"is_sold_out":null,"is_under_weight_hazmat":false,"is_vto_enabled":null,"life_of_product":"Basic Reorder","material_code":"K4XH430000","media":{"large":[{"alt":"ドラマティカリー ディファレント リップスティック","height":1200,"position":1,"src":"/media/export/cms/products/1200x1500/cl_sku_K4XH43_1200x1500_0.png","type":"image","width":1500}],"medium":[{"alt":"ドラマティカリー ディファレント リップスティック","height":600,"position":2,"src":"/media/export/cms/products/600x750/cl_sku_K4XH43_600x750_0.png","type":"image","width":750}],"model":null,"poster":null,"small":[{"alt":"ドラマティカリー ディファレント リップスティック","height":1200,"position":3,"src":"/media/export/cms/products/1200x1500/cl_sku_K4XH43_1200x1500_0.png","type":"image","width":1500}],"smoosh":[{"alt":"ドラマティカリー ディファレント リップスティック","height":1200,"position":0,"src":"/media/export/cms/products/1200x1500/swatches_v3/39_ns_ng.png","type":"image","width":1500}],"xl":null},"out_of_stock_threshold":null,"perlgem":{"SKU_BASE_ID":95693},"preorder_date":null,"prices":[{"currency":"JPY","exclude_tax":{"original_price":3200,"original_price_formatted":"¥3,200","price":3200,"price_formatted":"¥3,200","price_per_unit":null,"price_per_unit_formatted":""},"include_tax":{"original_price":3520,"original_price_formatted":"¥3,520","price":3520,"price_formatted":"¥3,520","price_per_unit":null,"price_per_unit_formatted":""},"is_discounted":false}],"purchase_limit":null,"replenishment":{"message":null},"reviews":{"average_rating":null,"number_of_questions":null,"number_of_reviews":null},"set_components":null,"shade_groups":null,"shades":[{"description":"","hex_val":"#B66366","image":{"height":null,"src":"","width":null},"name":"43 バイオレット ベリー（オンライン限定色）","smoosh_design":{"group_id":null,"name":"39::none::none"}}],"sizes":[{"key":1,"value":"4g"}],"skin":{"tone":null,"type":null,"type_description":null},"sku_badge":null,"sku_badge_image":null,"sku_display_order":42,"sku_id":"K4XH43","sku_promo_messaging":null,"sku_type":"SE","sku_url":null,"tags":{"total":7,"items":[{"id":"27172","key":"day5flashsale","value":"Day5FlashSale"},{"id":"27171","key":"day4flashsale","value":"Day4FlashSale"},{"id":"1575","key":"ベストセラー","value":"ベストセラー"},{"id":"4323","key":"just-arrived","value":"Just Arrived"},{"id":"1592","key":"メーク","value":"メーク"},{"id":"9427","key":"whatsnew","value":"what'snew"},{"id":"1605","key":"リップスティック","value":"リップスティック"}]},"texture":null,"undertone":null,"unit_of_measure":null,"unit_size":null,"unit_size_formatted":null,"upc":"020714922672","vto":{"is_color_experience":null,"is_foundation_experience":null}},{"color_family":[{"key":"violet-color","value":"violet_color"}],"coverage_options":null,"cross_sell":null,"display_status":7,"finish":null,"finish_options":null,"fragrances":[{"family":null,"key":null,"value":null}],"iln_listing":"エチルヘキサン酸セチル・オゾケライト・ヒマシ油・ポリブテン・ミツロウ・ポリエチレン・（ＰＰＧ－５１／ＳＭＤＩ）コポリマー・マイクロクリスタリンワックス・ビスジグリセリルポリアシルアジペート－２・パルミチン酸エチルヘキシル・レシチン・（ＨＤＩ／トリメチロールヘキシルラクトン）クロスポリマー・シア脂・酢酸トコフェロール・ジパルミトイルヒドロキシプロリン・カプリリルグリコール・トリベヘニン・スクワラン・ヘプタヒドロキシステアリン酸ポリグリセリル－１０・水添ポリイソブテン・水・イソステアリン酸ソルビタン・テトラ（ジ－ｔ－ブチルヒドロキシヒドロケイヒ酸）ペンタエリスリチル・ヒマワリ種子油・トロロアオイモドキエキス・ツボクサエキス・コレウスバルバツス根エキス・アルミナ・（エチレン／プロピレン／スチレン）コポリマー・パルミトイルトリペプチド－１・ホウケイ酸（Ｃａ／Ａｌ）・（ブチレン／エチレン／スチレン）コポリマー・合成金雲母・フェノキシエタノール　＋／－　マイカ・酸化チタン・シリカ・酸化鉄・黄４・硫酸Ｂａ・赤２０２・赤２０１・赤２２７・赤１０４（１）・青１・ホウケイ酸（Ｃａ／Ｎａ）・カルミン・水酸化Ａｌ・赤２２６・酸化スズ<JILN8691>","iln_version_number":"JILN8691","inventory_status":"Active","is_active":true,"is_coming_soon":null,"is_default_sku":false,"is_discountable":true,"is_displayable":null,"is_engravable":null,"is_fragrance":null,"is_giftable":null,"is_giftwrap":false,"is_inactive":null,"is_multi_shaded":null,"is_out_of_stock":null,"is_preorder":false,"is_preorderable":null,"is_promotional":null,"is_replenishable":false,"is_search_suppressed":null,"is_searchable":true,"is_shaded":null,"is_sized":null,"is_sold_out":null,"is_under_weight_hazmat":false,"is_vto_enabled":null,"life_of_product":"Basic Reorder","material_code":"K4XH450000","media":{"large":[{"alt":"ドラマティカリー ディファレント リップスティック","height":1200,"position":1,"src":"/media/export/cms/products/1200x1500/cl_sku_K4XH45_1200x1500_0.png","type":"image","width":1500}],"medium":[{"alt":"ドラマティカリー ディファレント リップスティック","height":600,"position":2,"src":"/media/export/cms/products/600x750/cl_sku_K4XH45_600x750_0.png","type":"image","width":750}],"model":null,"poster":null,"small":[{"alt":"ドラマティカリー ディファレント リップスティック","height":1200,"position":3,"src":"/media/export/cms/products/1200x1500/cl_sku_K4XH45_1200x1500_0.png","type":"image","width":1500}],"smoosh":[{"alt":"ドラマティカリー ディファレント リップスティック","height":1200,"position":0,"src":"/media/export/cms/products/1200x1500/swatches_v3/39_ns_ng.png","type":"image","width":1500}],"xl":null},"out_of_stock_threshold":null,"perlgem":{"SKU_BASE_ID":95695},"preorder_date":null,"prices":[{"currency":"JPY","exclude_tax":{"original_price":3200,"original_price_formatted":"¥3,200","price":3200,"price_formatted":"¥3,200","price_per_unit":null,"price_per_unit_formatted":""},"include_tax":{"original_price":3520,"original_price_formatted":"¥3,520","price":3520,"price_formatted":"¥3,520","price_per_unit":null,"price_per_unit_formatted":""},"is_discounted":false}],"purchase_limit":null,"replenishment":{"message":null},"reviews":{"average_rating":null,"number_of_questions":null,"number_of_reviews":null},"set_components":null,"shade_groups":null,"shades":[{"description":"","hex_val":"#B41E8E","image":{"height":null,"src":"","width":null},"name":"45 ストラット","smoosh_design":{"group_id":null,"name":"39::none::none"}}],"sizes":[{"key":1,"value":"4g"}],"skin":{"tone":null,"type":null,"type_description":null},"sku_badge":null,"sku_badge_image":null,"sku_display_order":44,"sku_id":"K4XH45","sku_promo_messaging":null,"sku_type":"SE","sku_url":null,"tags":{"total":7,"items":[{"id":"27172","key":"day5flashsale","value":"Day5FlashSale"},{"id":"27171","key":"day4flashsale","value":"Day4FlashSale"},{"id":"1575","key":"ベストセラー","value":"ベストセラー"},{"id":"4323","key":"just-arrived","value":"Just Arrived"},{"id":"1592","key":"メーク","value":"メーク"},{"id":"9427","key":"whatsnew","value":"what'snew"},{"id":"1605","key":"リップスティック","value":"リップスティック"}]},"texture":null,"undertone":null,"unit_of_measure":null,"unit_size":null,"unit_size_formatted":null,"upc":"020714922696","vto":{"is_color_experience":null,"is_foundation_experience":null}},{"color_family":[{"key":"violet-color","value":"violet_color"}],"coverage_options":null,"cross_sell":null,"display_status":7,"finish":null,"finish_options":null,"fragrances":[{"family":null,"key":null,"value":null}],"iln_listing":"エチルヘキサン酸セチル・オゾケライト・ヒマシ油・ポリブテン・ミツロウ・ポリエチレン・（ＰＰＧ－５１／ＳＭＤＩ）コポリマー・マイクロクリスタリンワックス・ビスジグリセリルポリアシルアジペート－２・パルミチン酸エチルヘキシル・レシチン・（ＨＤＩ／トリメチロールヘキシルラクトン）クロスポリマー・シア脂・酢酸トコフェロール・ジパルミトイルヒドロキシプロリン・カプリリルグリコール・トリベヘニン・スクワラン・ヘプタヒドロキシステアリン酸ポリグリセリル－１０・水添ポリイソブテン・水・イソステアリン酸ソルビタン・テトラ（ジ－ｔ－ブチルヒドロキシヒドロケイヒ酸）ペンタエリスリチル・ヒマワリ種子油・トロロアオイモドキエキス・ツボクサエキス・コレウスバルバツス根エキス・アルミナ・（エチレン／プロピレン／スチレン）コポリマー・パルミトイルトリペプチド－１・ホウケイ酸（Ｃａ／Ａｌ）・（ブチレン／エチレン／スチレン）コポリマー・合成金雲母・フェノキシエタノール　＋／－　マイカ・酸化チタン・シリカ・酸化鉄・黄４・硫酸Ｂａ・赤２０２・赤２０１・赤２２７・赤１０４（１）・青１・ホウケイ酸（Ｃａ／Ｎａ）・カルミン・水酸化Ａｌ・赤２２６・酸化スズ<JILN8691>","iln_version_number":"JILN8691","inventory_status":"Active","is_active":true,"is_coming_soon":null,"is_default_sku":false,"is_discountable":true,"is_displayable":null,"is_engravable":null,"is_fragrance":null,"is_giftable":null,"is_giftwrap":false,"is_inactive":null,"is_multi_shaded":null,"is_out_of_stock":null,"is_preorder":false,"is_preorderable":null,"is_promotional":null,"is_replenishable":false,"is_search_suppressed":null,"is_searchable":true,"is_shaded":null,"is_sized":null,"is_sold_out":null,"is_under_weight_hazmat":false,"is_vto_enabled":null,"life_of_product":"Basic Reorder","material_code":"K4XH460000","media":{"large":[{"alt":"ドラマティカリー ディファレント リップスティック","height":1200,"position":1,"src":"/media/export/cms/products/1200x1500/cl_sku_K4XH46_1200x1500_0.png","type":"image","width":1500}],"medium":[{"alt":"ドラマティカリー ディファレント リップスティック","height":600,"position":2,"src":"/media/export/cms/products/600x750/cl_sku_K4XH46_600x750_0.png","type":"image","width":750}],"model":null,"poster":null,"small":[{"alt":"ドラマティカリー ディファレント リップスティック","height":1200,"position":3,"src":"/media/export/cms/products/1200x1500/cl_sku_K4XH46_1200x1500_0.png","type":"image","width":1500}],"smoosh":[{"alt":"ドラマティカリー ディファレント リップスティック","height":1200,"position":0,"src":"/media/export/cms/products/1200x1500/swatches_v3/39_ns_ng.png","type":"image","width":1500}],"xl":null},"out_of_stock_threshold":null,"perlgem":{"SKU_BASE_ID":95696},"preorder_date":null,"prices":[{"currency":"JPY","exclude_tax":{"original_price":3200,"original_price_formatted":"¥3,200","price":3200,"price_formatted":"¥3,200","price_per_unit":null,"price_per_unit_formatted":""},"include_tax":{"original_price":3520,"original_price_formatted":"¥3,520","price":3520,"price_formatted":"¥3,520","price_per_unit":null,"price_per_unit_formatted":""},"is_discounted":false}],"purchase_limit":null,"replenishment":{"message":null},"reviews":{"average_rating":null,"number_of_questions":null,"number_of_reviews":null},"set_components":null,"shade_groups":null,"shades":[{"description":"","hex_val":"#894D53","image":{"height":null,"src":"","width":null},"name":"46 ルーマー ハズ イット（オンライン限定色）","smoosh_design":{"group_id":null,"name":"39::none::none"}}],"sizes":[{"key":1,"value":"4g"}],"skin":{"tone":null,"type":null,"type_description":null},"sku_badge":null,"sku_badge_image":null,"sku_display_order":45,"sku_id":"K4XH46","sku_promo_messaging":null,"sku_type":"SE","sku_url":null,"tags":{"total":6,"items":[{"id":"1575","key":"ベストセラー","value":"ベストセラー"},{"id":"4323","key":"just-arrived","value":"Just Arrived"},{"id":"1592","key":"メーク","value":"メーク"},{"id":"9427","key":"whatsnew","value":"what'snew"},{"id":"19288","key":"スペシャルセール","value":"スペシャルセール"},{"id":"1605","key":"リップスティック","value":"リップスティック"}]},"texture":null,"undertone":null,"unit_of_measure":null,"unit_size":null,"unit_size_formatted":null,"upc":"020714922702","vto":{"is_color_experience":null,"is_foundation_experience":null}},{"color_family":[{"key":"violet-color","value":"violet_color"}],"coverage_options":null,"cross_sell":null,"display_status":7,"finish":null,"finish_options":null,"fragrances":[{"family":null,"key":null,"value":null}],"iln_listing":"エチルヘキサン酸セチル・オゾケライト・ヒマシ油・ポリブテン・ミツロウ・ポリエチレン・（ＰＰＧ－５１／ＳＭＤＩ）コポリマー・マイクロクリスタリンワックス・ビスジグリセリルポリアシルアジペート－２・パルミチン酸エチルヘキシル・レシチン・（ＨＤＩ／トリメチロールヘキシルラクトン）クロスポリマー・シア脂・酢酸トコフェロール・ジパルミトイルヒドロキシプロリン・カプリリルグリコール・トリベヘニン・スクワラン・ヘプタヒドロキシステアリン酸ポリグリセリル－１０・水添ポリイソブテン・水・イソステアリン酸ソルビタン・テトラ（ジ－ｔ－ブチルヒドロキシヒドロケイヒ酸）ペンタエリスリチル・ヒマワリ種子油・トロロアオイモドキエキス・ツボクサエキス・コレウスバルバツス根エキス・アルミナ・（エチレン／プロピレン／スチレン）コポリマー・パルミトイルトリペプチド－１・ホウケイ酸（Ｃａ／Ａｌ）・（ブチレン／エチレン／スチレン）コポリマー・合成金雲母・フェノキシエタノール　＋／－　マイカ・酸化チタン・シリカ・酸化鉄・黄４・硫酸Ｂａ・赤２０２・赤２０１・赤２２７・赤１０４（１）・青１・ホウケイ酸（Ｃａ／Ｎａ）・カルミン・水酸化Ａｌ・赤２２６・酸化スズ<JILN8691>","iln_version_number":"JILN8691","inventory_status":"Active","is_active":true,"is_coming_soon":null,"is_default_sku":false,"is_discountable":true,"is_displayable":null,"is_engravable":null,"is_fragrance":null,"is_giftable":null,"is_giftwrap":false,"is_inactive":null,"is_multi_shaded":null,"is_out_of_stock":null,"is_preorder":false,"is_preorderable":null,"is_promotional":null,"is_replenishable":false,"is_search_suppressed":null,"is_searchable":true,"is_shaded":null,"is_sized":null,"is_sold_out":null,"is_under_weight_hazmat":false,"is_vto_enabled":null,"life_of_product":"Basic Reorder","material_code":"K4XH470000","media":{"large":[{"alt":"ドラマティカリー ディファレント リップスティック","height":1200,"position":1,"src":"/media/export/cms/products/1200x1500/cl_sku_K4XH47_1200x1500_0.png","type":"image","width":1500}],"medium":[{"alt":"ドラマティカリー ディファレント リップスティック","height":600,"position":2,"src":"/media/export/cms/products/600x750/cl_sku_K4XH47_600x750_0.png","type":"image","width":750}],"model":null,"poster":null,"small":[{"alt":"ドラマティカリー ディファレント リップスティック","height":1200,"position":3,"src":"/media/export/cms/products/1200x1500/cl_sku_K4XH47_1200x1500_0.png","type":"image","width":1500}],"smoosh":[{"alt":"ドラマティカリー ディファレント リップスティック","height":1200,"position":0,"src":"/media/export/cms/products/1200x1500/swatches_v3/39_ns_ng.png","type":"image","width":1500}],"xl":null},"out_of_stock_threshold":null,"perlgem":{"SKU_BASE_ID":95697},"preorder_date":null,"prices":[{"currency":"JPY","exclude_tax":{"original_price":3200,"original_price_formatted":"¥3,200","price":3200,"price_formatted":"¥3,200","price_per_unit":null,"price_per_unit_formatted":""},"include_tax":{"original_price":3520,"original_price_formatted":"¥3,520","price":3520,"price_formatted":"¥3,520","price_per_unit":null,"price_per_unit_formatted":""},"is_discounted":false}],"purchase_limit":null,"replenishment":{"message":null},"reviews":{"average_rating":null,"number_of_questions":null,"number_of_reviews":null},"set_components":null,"shade_groups":null,"shades":[{"description":"","hex_val":"#B77171","image":{"height":null,"src":"","width":null},"name":"47 ピンク スパイス（オンライン限定色）","smoosh_design":{"group_id":null,"name":"39::none::none"}}],"sizes":[{"key":1,"value":"4g"}],"skin":{"tone":null,"type":null,"type_description":null},"sku_badge":null,"sku_badge_image":null,"sku_display_order":46,"sku_id":"K4XH47","sku_promo_messaging":null,"sku_type":"SE","sku_url":null,"tags":{"total":8,"items":[{"id":"27172","key":"day5flashsale","value":"Day5FlashSale"},{"id":"27171","key":"day4flashsale","value":"Day4FlashSale"},{"id":"1575","key":"ベストセラー","value":"ベストセラー"},{"id":"4323","key":"just-arrived","value":"Just Arrived"},{"id":"1592","key":"メーク","value":"メーク"},{"id":"27174","key":"day7flashsale","value":"Day7FlashSale"},{"id":"9427","key":"whatsnew","value":"what'snew"},{"id":"1605","key":"リップスティック","value":"リップスティック"}]},"texture":null,"undertone":null,"unit_of_measure":null,"unit_size":null,"unit_size_formatted":null,"upc":"020714922719","vto":{"is_color_experience":null,"is_foundation_experience":null}},{"color_family":[{"key":"violet-color","value":"violet_color"}],"coverage_options":null,"cross_sell":null,"display_status":7,"finish":null,"finish_options":null,"fragrances":[{"family":null,"key":null,"value":null}],"iln_listing":"エチルヘキサン酸セチル・オゾケライト・ヒマシ油・ポリブテン・ミツロウ・ポリエチレン・（ＰＰＧ－５１／ＳＭＤＩ）コポリマー・マイクロクリスタリンワックス・ビスジグリセリルポリアシルアジペート－２・パルミチン酸エチルヘキシル・レシチン・（ＨＤＩ／トリメチロールヘキシルラクトン）クロスポリマー・シア脂・酢酸トコフェロール・ジパルミトイルヒドロキシプロリン・カプリリルグリコール・トリベヘニン・スクワラン・ヘプタヒドロキシステアリン酸ポリグリセリル－１０・水添ポリイソブテン・水・イソステアリン酸ソルビタン・テトラ（ジ－ｔ－ブチルヒドロキシヒドロケイヒ酸）ペンタエリスリチル・ヒマワリ種子油・トロロアオイモドキエキス・ツボクサエキス・コレウスバルバツス根エキス・アルミナ・（エチレン／プロピレン／スチレン）コポリマー・パルミトイルトリペプチド－１・ホウケイ酸（Ｃａ／Ａｌ）・（ブチレン／エチレン／スチレン）コポリマー・合成金雲母・フェノキシエタノール　＋／－　マイカ・酸化チタン・シリカ・酸化鉄・黄４・硫酸Ｂａ・赤２０２・赤２０１・赤２２７・赤１０４（１）・青１・ホウケイ酸（Ｃａ／Ｎａ）・カルミン・水酸化Ａｌ・赤２２６・酸化スズ<JILN8691>","iln_version_number":"JILN8691","inventory_status":"Active","is_active":true,"is_coming_soon":null,"is_default_sku":false,"is_discountable":true,"is_displayable":null,"is_engravable":null,"is_fragrance":null,"is_giftable":null,"is_giftwrap":false,"is_inactive":null,"is_multi_shaded":null,"is_out_of_stock":null,"is_preorder":false,"is_preorderable":null,"is_promotional":null,"is_replenishable":false,"is_search_suppressed":null,"is_searchable":true,"is_shaded":null,"is_sized":null,"is_sold_out":null,"is_under_weight_hazmat":false,"is_vto_enabled":null,"life_of_product":"Basic Reorder","material_code":"K4XH480000","media":{"large":[{"alt":"ドラマティカリー ディファレント リップスティック","height":1200,"position":1,"src":"/media/export/cms/products/1200x1500/cl_sku_K4XH48_1200x1500_0.png","type":"image","width":1500}],"medium":[{"alt":"ドラマティカリー ディファレント リップスティック","height":600,"position":2,"src":"/media/export/cms/products/600x750/cl_sku_K4XH48_600x750_0.png","type":"image","width":750}],"model":null,"poster":null,"small":[{"alt":"ドラマティカリー ディファレント リップスティック","height":1200,"position":3,"src":"/media/export/cms/products/1200x1500/cl_sku_K4XH48_1200x1500_0.png","type":"image","width":1500}],"smoosh":[{"alt":"ドラマティカリー ディファレント リップスティック","height":1200,"position":0,"src":"/media/export/cms/products/1200x1500/swatches_v3/39_ns_ng.png","type":"image","width":1500}],"xl":null},"out_of_stock_threshold":null,"perlgem":{"SKU_BASE_ID":95698},"preorder_date":null,"prices":[{"currency":"JPY","exclude_tax":{"original_price":3200,"original_price_formatted":"¥3,200","price":3200,"price_formatted":"¥3,200","price_per_unit":null,"price_per_unit_formatted":""},"include_tax":{"original_price":3520,"original_price_formatted":"¥3,520","price":3520,"price_formatted":"¥3,520","price_per_unit":null,"price_per_unit_formatted":""},"is_discounted":false}],"purchase_limit":null,"replenishment":{"message":null},"reviews":{"average_rating":null,"number_of_questions":null,"number_of_reviews":null},"set_components":null,"shade_groups":null,"shades":[{"description":"","hex_val":"#B98D94","image":{"height":null,"src":"","width":null},"name":"48 ヘザー ムーン（オンライン限定色）","smoosh_design":{"group_id":null,"name":"39::none::none"}}],"sizes":[{"key":1,"value":"4g"}],"skin":{"tone":null,"type":null,"type_description":null},"sku_badge":null,"sku_badge_image":null,"sku_display_order":47,"sku_id":"K4XH48","sku_promo_messaging":null,"sku_type":"SE","sku_url":null,"tags":{"total":8,"items":[{"id":"27172","key":"day5flashsale","value":"Day5FlashSale"},{"id":"27171","key":"day4flashsale","value":"Day4FlashSale"},{"id":"1575","key":"ベストセラー","value":"ベストセラー"},{"id":"4323","key":"just-arrived","value":"Just Arrived"},{"id":"1592","key":"メーク","value":"メーク"},{"id":"27174","key":"day7flashsale","value":"Day7FlashSale"},{"id":"9427","key":"whatsnew","value":"what'snew"},{"id":"1605","key":"リップスティック","value":"リップスティック"}]},"texture":null,"undertone":null,"unit_of_measure":null,"unit_size":null,"unit_size_formatted":null,"upc":"020714922726","vto":{"is_color_experience":null,"is_foundation_experience":null}}]},"sub_display_name":"ドラマティカリー ディファレント リップスティック","sub_header":null,"tags":{"total":9,"items":[{"id":"27172","key":"day5flashsale","parent_tag_id":"1590","product_display_order":0,"value":"Day5FlashSale"},{"id":"27171","key":"day4flashsale","parent_tag_id":"1590","product_display_order":42,"value":"Day4FlashSale"},{"id":"1575","key":"ベストセラー","parent_tag_id":null,"product_display_order":53,"value":"ベストセラー"},{"id":"4323","key":"just-arrived","parent_tag_id":null,"product_display_order":0,"value":"Just Arrived"},{"id":"1592","key":"メーク","parent_tag_id":null,"product_display_order":16,"value":"メーク"},{"id":"27174","key":"day7flashsale","parent_tag_id":"1590","product_display_order":0,"value":"Day7FlashSale"},{"id":"9427","key":"whatsnew","parent_tag_id":"9420","product_display_order":0,"value":"what'snew"},{"id":"19288","key":"スペシャルセール","parent_tag_id":"1590","product_display_order":0,"value":"スペシャルセール"},{"id":"1605","key":"リップスティック","parent_tag_id":"1592","product_display_order":8,"value":"リップスティック"}]},"usage":[{"content":null,"label":"PRODUCT USAGE","type":"product_usage"},{"content":null,"label":"HOW DOES IT WORK","type":"how_does_it_work"},{"content":"すべてのスキンタイプ","label":"WHO IT IS FOR","type":"who_it_is_for"},{"content":null,"label":"GREAT TO KNOW","type":"great_to_know"},{"content":"ロングウェアリング フォーミュラで、潤いも発色も長続きするから、いつでも塗りたてのような美しさ。<br>特徴的な３Ｄパールがふっくら、ボリュームのある唇を創り出します。<br>直塗りでも唇の輪郭をとらえてくっきり描ける、シャープな形状のブレット型も魅力。","label":"WHAT_IT_DOES","type":"what_it_does"},{"content":"潤い、発色、ふっくらが続くリップスティック","label":"WHAT_IT_IS","type":"what_it_is"}],"objectID":"60030"},{"benefit":{"statement":null,"benefits":null},"brand":null,"collection":[{"key":"redness-solutions-collection","value":"redness_solutions_collection"}],"coverage":null,"cross_sell":[{"sku_id":"6L4N01","sort_key":1},{"sku_id":"6LJ401","sort_key":2},{"sku_id":"72M701","sort_key":3},{"sku_id":"70JW01","sort_key":4},{"sku_id":"6KAK01","sort_key":5},{"sku_id":"62A401","sort_key":6}],"default_category":{"id":"12632","key":"敏感"},"description":"敏感肌の方にもお使いいただけます。<BR><BR><B>特徴</B><BR>RDソリューションズシリーズのステップ2で使用する、低刺激性フォーミュラの保湿クリーム。<BR><BR><B>効果</B><BR>使うたびに肌の状態をなめらかにします。<BR><BR><B>主な成分 / 技術</B><BR>乳酸桿菌発酵液（整肌成分）を配合したクリニーク独自マイクロバイオーム技術が、健やかなお肌を保ちます。<BR><BR><B>敏感肌用ケアのためのRDソリューションズシリーズ。</B><BR>低刺激性で敏感肌をいたわり、肌を守ります。RDソリューションズシリーズには<A href=\"/product/1689/5800/skin-care/redness/redness-solutions-soothing-cleanser-with-probiotic-technology\"> 洗顔</A>、保湿、<A href=\"/product/1689/6008/skin-care/redness/redness-solutions-daily-protective-base-broad-spectrum-spf-15\">UVケア</A>の3つのステップがあります。","display_mode":null,"display_name":"RD ソリューションズ デイリー リリーフ クリーム","display_status":7,"finish":null,"form":[{"key":"cream-form","value":"cream_form"}],"formula_type":null,"fragrance_family":null,"indexable_keywords":[{"value":"敏感"}],"is_hazmat":false,"is_product_coming_soon":null,"is_product_displayable":true,"is_product_searchable":true,"is_product_shoppable":true,"is_product_sold_out":null,"is_product_temporarily_out_of_stock":null,"is_search_suppressed":null,"key_ingredient":null,"media":{"large":null,"medium":null,"poster":null,"small":null,"videos":[{"position":null,"poster":{"height":null,"src":null,"width":null},"provider":null,"src":null},{"position":null,"poster":{"height":null,"src":null,"width":null},"provider":null,"src":null},{"position":null,"poster":{"height":null,"src":null,"width":null},"provider":null,"src":null}],"xl":null},"meta":{"description":null,"keywords":"敏感"},"parent_category":[{"id":"12632","value":"敏感"},{"id":"1667","value":"スキンケア"}],"product_badge":null,"product_id":"6007","product_title_tag":null,"product_type":"Sized","product_url":"/product/12632/6007/rd--/redness-solutions-with-probiotic-technology-daily-relief-cream","reviews":{"average_rating":null,"number_of_questions":null,"number_of_reviews":null},"shade_groups":null,"short_description":"低刺激の保湿クリームが敏感肌をいたわり健やかなお肌を保ちます。","skin":{"concern":[{"key":"red-concern","value":"red_concern"},{"key":"sensitive-concern","value":"sensitive_concern"}]},"skin_goal":null,"skus":{"total":1,"items":[{"color_family":null,"coverage_options":null,"cross_sell":null,"display_status":7,"finish":null,"finish_options":null,"fragrances":[{"family":null,"key":null,"value":null}],"iln_listing":"水・シクロペンタシロキサン・シア脂・水添ポリイソブテン・セテアリルアルコール・セテアリルグルコシド・ＢＧ・グリセリン・スクロース・パルミチン酸イソステアリル・ステアリン酸ＰＥＧ－１００・セスキステアリン酸メチルグルコース・ラウロイルカラスムギアミノ酸Ｎａ・ポリエチレン・酢酸トコフェロール・セタノール・ステアリン酸グリセリル・カルボマー・ソルビトール・アルゲエキス・グリシン・コレステロール・トロメタミン・ベヘニルアルコール・（ＨＤＩ／トリメチロールヘキシルラクトン）クロスポリマー・カフェイン・マイカ・フィトスフィンゴシン・リノール酸・酸化チタン・ビサボロール・アセチルカルニチンＨＣｌ・ＥＤＴＡ－２Ｎａ・スクワラン・イヌリン・チャ葉エキス・イタドリ根エキス・オレイン酸・乳酸桿菌発酵液・リノレン酸・水添レシチン・デカルボキシカルノシンＨＣｌ・オオムギエキス・アスコフィルムノドスムエキス・コムギ胚芽エキス・水酸化クロム・バクガ液汁・アデノシンリン酸・カプリリルグリコール・シリカ・アスパラゴプシスアルマタエキス・ヘキシレングリコール・アスパラサスリネアリス葉エキス・黄４・サッカロミセス溶解質エキス・シメチコン・青１・酵母エキス・フェノキシエタノール・サリチル酸・ソルビン酸Ｋ<JILN6243>","iln_version_number":"JILN6243","inventory_status":"Active","is_active":true,"is_coming_soon":null,"is_default_sku":false,"is_discountable":true,"is_displayable":null,"is_engravable":null,"is_fragrance":null,"is_giftable":null,"is_giftwrap":false,"is_inactive":null,"is_multi_shaded":null,"is_out_of_stock":null,"is_preorder":false,"is_preorderable":null,"is_promotional":null,"is_replenishable":false,"is_search_suppressed":null,"is_searchable":true,"is_shaded":null,"is_sized":null,"is_sold_out":null,"is_under_weight_hazmat":false,"is_vto_enabled":null,"life_of_product":"Basic Reorder","material_code":"6L4P010001","media":{"large":[{"alt":"RD ソリューションズ デイリー リリーフ クリーム","height":1200,"position":0,"src":"/media/export/cms/products/1200x1500/cl_sku_6L4P01_1200x1500_0.png","type":"image","width":1500}],"medium":[{"alt":"RD ソリューションズ デイリー リリーフ クリーム","height":600,"position":1,"src":"/media/export/cms/products/600x750/cl_sku_6L4P01_600x750_0.png","type":"image","width":750}],"model":null,"poster":null,"small":[{"alt":"RD ソリューションズ デイリー リリーフ クリーム","height":1200,"position":2,"src":"/media/export/cms/products/1200x1500/cl_sku_6L4P01_1200x1500_0.png","type":"image","width":1500}],"smoosh":null,"xl":null},"out_of_stock_threshold":null,"perlgem":{"SKU_BASE_ID":13922},"preorder_date":null,"prices":[{"currency":"JPY","exclude_tax":{"original_price":6500,"original_price_formatted":"¥6,500","price":6500,"price_formatted":"¥6,500","price_per_unit":null,"price_per_unit_formatted":""},"include_tax":{"original_price":7150,"original_price_formatted":"¥7,150","price":7150,"price_formatted":"¥7,150","price_per_unit":null,"price_per_unit_formatted":""},"is_discounted":false}],"purchase_limit":null,"replenishment":{"message":"Recommended Auto-Ship cycle: 6 weeks  Learn more >"},"reviews":{"average_rating":null,"number_of_questions":null,"number_of_reviews":null},"set_components":null,"shade_groups":null,"shades":null,"sizes":[{"key":1,"value":"50mL"}],"skin":{"tone":null,"type":[{"key":"very-dry-skintype","value":"very_dry_skintype"}],"type_description":null},"sku_badge":null,"sku_badge_image":null,"sku_display_order":0,"sku_id":"6L4P01","sku_promo_messaging":null,"sku_type":"SE","sku_url":null,"tags":{"total":10,"items":[{"id":"25565","key":"justarrivednew","value":"justarrivednew"},{"id":"1575","key":"ベストセラー","value":"ベストセラー"},{"id":"1692","key":"treat","value":"Treat"},{"id":"13301","key":"乳液クリーム","value":"乳液・クリーム"},{"id":"13051","key":"スキンケア-ベストセラー","value":"スキンケア ベストセラー"},{"id":"13302","key":"クリーム","value":"クリーム"},{"id":"1687","key":"乾燥","value":"乾燥"},{"id":"1691","key":"protect","value":"Protect"},{"id":"12632","key":"敏感","value":"敏感"},{"id":"12517","key":"oil-free","value":"Oil-Free"}]},"texture":null,"undertone":null,"unit_of_measure":null,"unit_size":null,"unit_size_formatted":null,"upc":"020714297923","vto":{"is_color_experience":null,"is_foundation_experience":null}}]},"sub_display_name":"RD ソリューションズ デイリー リリーフ クリーム","sub_header":null,"tags":{"total":10,"items":[{"id":"25565","key":"justarrivednew","parent_tag_id":null,"product_display_order":1,"value":"justarrivednew"},{"id":"1575","key":"ベストセラー","parent_tag_id":null,"product_display_order":85,"value":"ベストセラー"},{"id":"1692","key":"treat","parent_tag_id":"1689","product_display_order":5,"value":"Treat"},{"id":"13301","key":"乳液クリーム","parent_tag_id":"1667","product_display_order":21,"value":"乳液・クリーム"},{"id":"13051","key":"スキンケア-ベストセラー","parent_tag_id":"1667","product_display_order":31,"value":"スキンケア ベストセラー"},{"id":"13302","key":"クリーム","parent_tag_id":"1667","product_display_order":33,"value":"クリーム"},{"id":"1687","key":"乾燥","parent_tag_id":"1667","product_display_order":13,"value":"乾燥"},{"id":"1691","key":"protect","parent_tag_id":"1689","product_display_order":0,"value":"Protect"},{"id":"12632","key":"敏感","parent_tag_id":"1667","product_display_order":0,"value":"敏感"},{"id":"12517","key":"oil-free","parent_tag_id":"1667","product_display_order":23,"value":"Oil-Free"}]},"usage":[{"content":"<ul><li>朝晩のお手入れの際にお使いください。</li><li>洗顔後の清潔な肌に、目の周りを避けて馴染ませてください。</li></ul><h3 style=\" margin-top: 1rem; \">ヒント</h3><ul><li><A href=\"/product/1690/5800/\">RD ソリューションズ マイルド クレンザーの後にお使いください。</a></li><li>日焼け止めは毎日お使いください。日焼けは赤みが気になる肌をより敏感にさせることがあります。クリニークの低刺激性フォーミュラの日焼け止め下地、<a href=\"/product/1691/6008/\">RD ソリューションズ デイリー プロテクティブ ベース 15</a>をお使いください。</li></ul>","label":"PRODUCT USAGE","type":"product_usage"},{"content":null,"label":"HOW DOES IT WORK","type":"how_does_it_work"},{"content":null,"label":"WHO IT IS FOR","type":"who_it_is_for"},{"content":null,"label":"GREAT TO KNOW","type":"great_to_know"},{"content":null,"label":"WHAT_IT_DOES","type":"what_it_does"},{"content":null,"label":"WHAT_IT_IS","type":"what_it_is"}],"objectID":"6007"},{"benefit":{"statement":null,"benefits":null},"brand":null,"collection":null,"coverage":null,"cross_sell":null,"default_category":{"id":"23355","key":"cliniqueid"},"description":"<b>◎保湿(モイスチャー ベース)</b><br><div>ドラマティカリー ディファレント モイスチャライジング ローション プラス (乳液) 乾燥〜混合肌用</div>","display_mode":null,"display_name":"クリニーク iD ドラマティカリー ディファレント モイスチャライジング ローション プラス","display_status":7,"finish":null,"form":null,"formula_type":null,"fragrance_family":null,"indexable_keywords":null,"is_hazmat":false,"is_product_coming_soon":null,"is_product_displayable":true,"is_product_searchable":true,"is_product_shoppable":true,"is_product_sold_out":null,"is_product_temporarily_out_of_stock":null,"is_search_suppressed":null,"key_ingredient":null,"media":{"large":null,"medium":null,"poster":null,"small":null,"videos":[{"position":null,"poster":{"height":null,"src":null,"width":null},"provider":"YouTube","src":null},{"position":null,"poster":{"height":null,"src":null,"width":null},"provider":"YouTube","src":null},{"position":null,"poster":{"height":null,"src":null,"width":null},"provider":"YouTube","src":null}],"xl":null},"meta":{"description":null,"keywords":null},"parent_category":[{"id":"23355","value":"CliniqueiD"},{"id":"1667","value":"スキンケア"}],"product_badge":null,"product_id":"60150","product_title_tag":null,"product_type":"Other","product_url":"/product/23355/60150/cliniqueid/id--/clinique-id-dramatically-different-moisturizing-lotion","reviews":{"average_rating":null,"number_of_questions":null,"number_of_reviews":null},"shade_groups":null,"short_description":"<br><b style='font-weight:700;'>◎保湿（モイスチャー ベース）</b><br><div>ドラマティカリー ディファレント モイスチャライジング ローション プラス（乳液）乾燥〜混合肌用</div>","skin":null,"skin_goal":null,"skus":{"total":1,"items":[{"color_family":null,"coverage_options":null,"cross_sell":null,"display_status":7,"finish":null,"finish_options":null,"fragrances":[{"family":null,"key":null,"value":null}],"iln_listing":"水・ミネラルオイル・グリセリン・ワセリン・ステアリン酸・ステアリン酸グリセリル・ゴマ油・尿素・ＴＥＡ・コレステロール・ペンチレングリコール・ジカプリン酸ＰＧ・ヒマワリ油粕・ＥＤＴＡ－３Ｎａ・ＢＧ・ヒアルロン酸Ｎａ・オオムギ種子エキス・キュウリ果実エキス・黄４・黄５・赤２２７・フェノキシエタノール<JILN6631>","iln_version_number":"JILN6631","inventory_status":"Active","is_active":true,"is_coming_soon":null,"is_default_sku":false,"is_discountable":true,"is_displayable":null,"is_engravable":null,"is_fragrance":null,"is_giftable":null,"is_giftwrap":false,"is_inactive":null,"is_multi_shaded":null,"is_out_of_stock":null,"is_preorder":false,"is_preorderable":null,"is_promotional":null,"is_replenishable":false,"is_search_suppressed":null,"is_searchable":true,"is_shaded":null,"is_sized":null,"is_sold_out":null,"is_under_weight_hazmat":false,"is_vto_enabled":null,"life_of_product":"Basic Reorder","material_code":"KALC010000","media":{"large":[{"alt":"クリニーク iD ドラマティカリー ディファレント モイスチャライジング ローション プラス","height":1200,"position":0,"src":"/media/export/cms/products/1200x1500/cl_sku_KALC01_1200x1500_0.png","type":"image","width":1500}],"medium":[{"alt":"クリニーク iD ドラマティカリー ディファレント モイスチャライジング ローション プラス","height":600,"position":1,"src":"/media/export/cms/products/600x750/cl_sku_KALC01_600x750_0.png","type":"image","width":750}],"model":null,"poster":null,"small":[{"alt":"クリニーク iD ドラマティカリー ディファレント モイスチャライジング ローション プラス","height":1200,"position":2,"src":"/media/export/cms/products/1200x1500/cl_sku_KALC01_1200x1500_0.png","type":"image","width":1500}],"smoosh":null,"xl":null},"out_of_stock_threshold":null,"perlgem":{"SKU_BASE_ID":95762},"preorder_date":null,"prices":[{"currency":"JPY","exclude_tax":{"original_price":4800,"original_price_formatted":"¥4,800","price":4800,"price_formatted":"¥4,800","price_per_unit":null,"price_per_unit_formatted":""},"include_tax":{"original_price":5280,"original_price_formatted":"¥5,280","price":5280,"price_formatted":"¥5,280","price_per_unit":null,"price_per_unit_formatted":""},"is_discounted":false}],"purchase_limit":null,"replenishment":{"message":null},"reviews":{"average_rating":null,"number_of_questions":null,"number_of_reviews":null},"set_components":null,"shade_groups":null,"shades":null,"sizes":[{"key":1,"value":"115mL"}],"skin":{"tone":null,"type":null,"type_description":null},"sku_badge":null,"sku_badge_image":null,"sku_display_order":0,"sku_id":"KALC01","sku_promo_messaging":null,"sku_type":"SE","sku_url":null,"tags":{"total":1,"items":[{"id":"23355","key":"cliniqueid","value":"CliniqueiD"}]},"texture":null,"undertone":null,"unit_of_measure":null,"unit_size":null,"unit_size_formatted":null,"upc":"020714949525","vto":{"is_color_experience":null,"is_foundation_experience":null}}]},"sub_display_name":"クリニーク iD ドラマティカリー ディファレント モイスチャライジング ローション プラス","sub_header":null,"tags":{"total":1,"items":[{"id":"23355","key":"cliniqueid","parent_tag_id":"1667","product_display_order":15,"value":"CliniqueiD"}]},"usage":[{"content":null,"label":"PRODUCT USAGE","type":"product_usage"},{"content":null,"label":"HOW DOES IT WORK","type":"how_does_it_work"},{"content":null,"label":"WHO IT IS FOR","type":"who_it_is_for"},{"content":null,"label":"GREAT TO KNOW","type":"great_to_know"},{"content":null,"label":"WHAT_IT_DOES","type":"what_it_does"},{"content":null,"label":"WHAT_IT_IS","type":"what_it_is"}],"objectID":"60150"},{"benefit":{"statement":null,"benefits":null},"brand":null,"collection":null,"coverage":null,"cross_sell":null,"default_category":{"id":"23355","key":"cliniqueid"},"description":"◎保湿（モイスチャー ベース）ドラマティカリー ディファレント ハイドレーティング ジェリー（ジェル状保湿液）すべてのスキンタイプ用","display_mode":null,"display_name":"クリニーク iD ドラマティカリー ディファレント ハイドレーティング ジェリー","display_status":7,"finish":null,"form":null,"formula_type":null,"fragrance_family":null,"indexable_keywords":null,"is_hazmat":false,"is_product_coming_soon":null,"is_product_displayable":true,"is_product_searchable":true,"is_product_shoppable":true,"is_product_sold_out":null,"is_product_temporarily_out_of_stock":null,"is_search_suppressed":null,"key_ingredient":null,"media":{"large":null,"medium":null,"poster":null,"small":null,"videos":[{"position":null,"poster":{"height":null,"src":null,"width":null},"provider":"YouTube","src":null},{"position":null,"poster":{"height":null,"src":null,"width":null},"provider":"YouTube","src":null},{"position":null,"poster":{"height":null,"src":null,"width":null},"provider":"YouTube","src":null}],"xl":null},"meta":{"description":null,"keywords":null},"parent_category":[{"id":"23355","value":"CliniqueiD"},{"id":"1667","value":"スキンケア"}],"product_badge":null,"product_id":"60152","product_title_tag":null,"product_type":"Other","product_url":"/product/23355/60152/cliniqueid/id--/clinique-id-dramatically-different-hydrating-jelly","reviews":{"average_rating":null,"number_of_questions":null,"number_of_reviews":null},"shade_groups":null,"short_description":"<br><b style='font-weight:700;'>◎保湿（モイスチャー ベース）</b><br>ドラマティカリー ディファレント ハイドレーティング ジェリー（ジェル状保湿液）すべてのスキンタイプ用","skin":null,"skin_goal":null,"skus":{"total":1,"items":[{"color_family":null,"coverage_options":null,"cross_sell":null,"display_status":7,"finish":null,"finish_options":null,"fragrances":[{"family":null,"key":null,"value":null}],"iln_listing":"水・ビスＰＥＧ－１８メチルエーテルジメチルシラン・ＢＧ・グリセリン・スクロース・ヒドロキシエチルウレア・カルボマー・カプリリルグリコール・トレハロース・ポリソルベート８０・カフェイン・ＰＰＧ－６デシルテトラデセス－３０・ソルビトール・ポリアスパラギン酸Ｎａ・水酸化Ｎａ・ジカプリン酸ＰＧ・ＥＤＴＡ－２Ｎａ・エチルヘキシルグリセリン・ヘキシレングリコール・ヒマワリ油粕・クエン酸Ｎａ・ヒアルロン酸Ｎａ・加水分解コメエキス・クエン酸・オオムギ種子エキス・キュウリ果実エキス・パジナパボニカ葉状体エキス・カギイバラノリエキス・シマテングサエキス・フェノキシエタノール<JILN8499>","iln_version_number":"JILN8499","inventory_status":"Active","is_active":true,"is_coming_soon":null,"is_default_sku":false,"is_discountable":true,"is_displayable":null,"is_engravable":null,"is_fragrance":null,"is_giftable":null,"is_giftwrap":false,"is_inactive":null,"is_multi_shaded":null,"is_out_of_stock":null,"is_preorder":false,"is_preorderable":null,"is_promotional":null,"is_replenishable":false,"is_search_suppressed":null,"is_searchable":true,"is_shaded":null,"is_sized":null,"is_sold_out":null,"is_under_weight_hazmat":false,"is_vto_enabled":null,"life_of_product":"Basic Reorder","material_code":"KALF010000","media":{"large":[{"alt":"クリニーク iD ドラマティカリー ディファレント ハイドレーティング ジェリー","height":1200,"position":0,"src":"/media/export/cms/products/1200x1500/cl_sku_KALF01_1200x1500_0.png","type":"image","width":1500}],"medium":[{"alt":"クリニーク iD ドラマティカリー ディファレント ハイドレーティング ジェリー","height":600,"position":1,"src":"/media/export/cms/products/600x750/cl_sku_KALF01_600x750_0.png","type":"image","width":750}],"model":null,"poster":null,"small":[{"alt":"クリニーク iD ドラマティカリー ディファレント ハイドレーティング ジェリー","height":1200,"position":2,"src":"/media/export/cms/products/1200x1500/cl_sku_KALF01_1200x1500_0.png","type":"image","width":1500}],"smoosh":null,"xl":null},"out_of_stock_threshold":null,"perlgem":{"SKU_BASE_ID":95764},"preorder_date":null,"prices":[{"currency":"JPY","exclude_tax":{"original_price":4800,"original_price_formatted":"¥4,800","price":4800,"price_formatted":"¥4,800","price_per_unit":null,"price_per_unit_formatted":""},"include_tax":{"original_price":5280,"original_price_formatted":"¥5,280","price":5280,"price_formatted":"¥5,280","price_per_unit":null,"price_per_unit_formatted":""},"is_discounted":false}],"purchase_limit":null,"replenishment":{"message":null},"reviews":{"average_rating":null,"number_of_questions":null,"number_of_reviews":null},"set_components":null,"shade_groups":null,"shades":null,"sizes":[{"key":1,"value":"115mL"}],"skin":{"tone":null,"type":null,"type_description":null},"sku_badge":null,"sku_badge_image":null,"sku_display_order":0,"sku_id":"KALF01","sku_promo_messaging":null,"sku_type":"SE","sku_url":null,"tags":{"total":1,"items":[{"id":"23355","key":"cliniqueid","value":"CliniqueiD"}]},"texture":null,"undertone":null,"unit_of_measure":null,"unit_size":null,"unit_size_formatted":null,"upc":"020714949549","vto":{"is_color_experience":null,"is_foundation_experience":null}}]},"sub_display_name":"クリニーク iD ドラマティカリー ディファレント ハイドレーティング ジェリー","sub_header":null,"tags":{"total":1,"items":[{"id":"23355","key":"cliniqueid","parent_tag_id":"1667","product_display_order":13,"value":"CliniqueiD"}]},"usage":[{"content":null,"label":"PRODUCT USAGE","type":"product_usage"},{"content":null,"label":"HOW DOES IT WORK","type":"how_does_it_work"},{"content":null,"label":"WHO IT IS FOR","type":"who_it_is_for"},{"content":null,"label":"GREAT TO KNOW","type":"great_to_know"},{"content":null,"label":"WHAT_IT_DOES","type":"what_it_does"},{"content":null,"label":"WHAT_IT_IS","type":"what_it_is"}],"objectID":"60152"},{"benefit":{"statement":null,"benefits":null},"brand":null,"collection":[{"key":"dramatically-dif-collection","value":"dramatically_dif_collection"}],"coverage":null,"cross_sell":null,"default_category":{"id":"13301","key":"乳液クリーム"},"description":"<div>クリニーク史上初。カスタマイズ モイスチャライザー誕生。<br>自分に必要なものだけを選びたい、そんな時代だから。これからは、自分のモイスチャライザーも、自分自身でつくる。クリニークは、あなたの肌にぴったりのスキンケアをお届けします。</div><div><br></div><div>“クリニーク iD”は、自分仕様にカスタマイズできるモイスチャライザー。<br>まず、5種類の肌ニーズに応える美容成分「カートリッジ コンセントレート」から、今の自分が一番気になるものを選びます。次に3種類の保湿「モイスチャー ベース」から、自分のスキンタイプや好みの触感のものを1つ選びます。<br>「カートリッジ」を「モイスチャー ベース」に差し込めば、完成。シンプルで簡単。自分専用のモイスチャライザーで、なりたい肌へ。</div><div><br></div><font color=\"85b095\"><b>カートリッジ：</b></font>エネルギー*1<br><br>タウリン*2配合の美容液成分が、肌をみずみずしく整え、<br><div>疲れた肌に活きいきとした印象と輝きをもたらします。</div><div><br></div><div>*1エネルギーに満ち溢れるような印象に整える *2整肌成分</div><br><h2>モイスチャーベースを選んで、「カートに追加」をクリックしてください</h2>","display_mode":null,"display_name":"＜エネルギー＞カートリッジ コンセントレート FT","display_status":7,"finish":null,"form":[{"key":"gel-form","value":"gel_form"},{"key":"lotion-form","value":"lotion_form"},{"key":"watery-form","value":"watery_form"}],"formula_type":null,"fragrance_family":null,"indexable_keywords":[{"value":"Clinique iD"},{"value":" クリニークiD"},{"value":" 乳液"},{"value":" スキンケア"},{"value":" エネルギー"},{"value":"cid"},{"value":"clid"}],"is_hazmat":false,"is_product_coming_soon":null,"is_product_displayable":true,"is_product_searchable":true,"is_product_shoppable":true,"is_product_sold_out":null,"is_product_temporarily_out_of_stock":null,"is_search_suppressed":null,"key_ingredient":null,"media":{"large":[{"alt":"＜エネルギー＞カートリッジ コンセントレート FT","height":1200,"position":0,"src":"/media/export/cms/products/1200x1500/cl_prod_60154_1200x1500_0.png","type":"image","width":1500},{"alt":"＜エネルギー＞カートリッジ コンセントレート FT","height":1200,"position":1,"src":"/media/export/cms/products/1200x1500/cl_prod_60154_1200x1500_1.png","type":"image","width":1500},{"alt":"＜エネルギー＞カートリッジ コンセントレート FT","height":1200,"position":2,"src":"/media/export/cms/products/1200x1500/cl_prod_60154_1200x1500_2.png","type":"image","width":1500},{"alt":"＜エネルギー＞カートリッジ コンセントレート FT","height":1200,"position":3,"src":"/media/export/cms/products/1200x1500/cl_prod_60154_1200x1500_3.png","type":"image","width":1500}],"medium":null,"poster":null,"small":[{"alt":"＜エネルギー＞カートリッジ コンセントレート FT","height":1200,"position":4,"src":"/media/export/cms/products/1200x1500/cl_prod_60154_1200x1500_0.png","type":"image","width":1500},{"alt":"＜エネルギー＞カートリッジ コンセントレート FT","height":1200,"position":5,"src":"/media/export/cms/products/1200x1500/cl_prod_60154_1200x1500_1.png","type":"image","width":1500},{"alt":"＜エネルギー＞カートリッジ コンセントレート FT","height":1200,"position":6,"src":"/media/export/cms/products/1200x1500/cl_prod_60154_1200x1500_2.png","type":"image","width":1500},{"alt":"＜エネルギー＞カートリッジ コンセントレート FT","height":1200,"position":7,"src":"/media/export/cms/products/1200x1500/cl_prod_60154_1200x1500_3.png","type":"image","width":1500}],"videos":[{"position":null,"poster":{"height":null,"src":null,"width":null},"provider":"YouTube","src":null},{"position":null,"poster":{"height":null,"src":null,"width":null},"provider":"YouTube","src":null},{"position":null,"poster":{"height":null,"src":null,"width":null},"provider":"YouTube","src":null}],"xl":null},"meta":{"description":null,"keywords":"Clinique iD, クリニークiD, 乳液, スキンケア, エネルギー"},"parent_category":[{"id":"13301","value":"乳液・クリーム"},{"id":"1667","value":"スキンケア"}],"product_badge":null,"product_id":"60154","product_title_tag":null,"product_type":"Other","product_url":"/product/13301/60154/-ft/cartridge-concentrate-ft-fatigue","reviews":{"average_rating":null,"number_of_questions":null,"number_of_reviews":null},"shade_groups":null,"short_description":"<div>クリニーク史上初。カスタマイズ モイスチャライザー誕生。<br>自分に必要なものだけを選びたい、そんな時代だから。これからは、自分のモイスチャライザーも、自分自身でつくる。クリニークは、あなたの肌にぴったりのスキンケアをお届けします。</div><div><br></div><div>“クリニーク iD”は、自分仕様にカスタマイズできるモイスチャライザー。<br>まず、5種類の肌ニーズに応える美容成分「カートリッジ コンセントレート」から、今の自分が一番気になるものを選びます。次に3種類の保湿「モイスチャー ベース」から、自分のスキンタイプや好みの触感のものを1つ選びます。<br>「カートリッジ」を「モイスチャー ベース」に差し込めば、完成。シンプルで簡単。自分専用のモイスチャライザーで、なりたい肌へ。</div><div><br></div><font color=\"85b095\"><b>カートリッジ：</b></font>エネルギー*1<br><br>タウリン*2配合の美容液成分が、肌をみずみずしく整え、<br><div>疲れた肌に活きいきとした印象と輝きをもたらします。</div><div><br></div><div>*1エネルギーに満ち溢れるような印象に整える *2整肌成分</div>","skin":{"concern":[{"key":"fatigue-concern","value":"fatigue_concern"}]},"skin_goal":null,"skus":{"total":1,"items":[{"color_family":null,"coverage_options":null,"cross_sell":null,"display_status":7,"finish":null,"finish_options":null,"fragrances":[{"family":null,"key":null,"value":null}],"iln_listing":"水・ＢＧ・グリコール酸・ペンチレングリコール・カフェイン・水酸化Ｎａ・ＲＮＡ－Ｎａ・アセチルカルニチンＨＣｌ・アデノシンリン酸・乳酸桿菌発酵液・カプリリルグリコール・キサンタンガム・チャエキス・ネムノキ樹皮エキス・グリセリン・タウリン・ヘキシレングリコール・ＥＤＴＡ－２Ｎａ・リン脂質・ステアラミドプロピルジメチルアミン・ステアリン酸・黄４・赤５０４・フェノキシエタノール・サリチル酸・ソルビン酸Ｋ・安息香酸Ｎａ<JILN8662>","iln_version_number":"JILN8662","inventory_status":"Active","is_active":true,"is_coming_soon":null,"is_default_sku":true,"is_discountable":true,"is_displayable":null,"is_engravable":null,"is_fragrance":null,"is_giftable":null,"is_giftwrap":false,"is_inactive":null,"is_multi_shaded":null,"is_out_of_stock":null,"is_preorder":false,"is_preorderable":null,"is_promotional":null,"is_replenishable":false,"is_search_suppressed":null,"is_searchable":true,"is_shaded":null,"is_sized":null,"is_sold_out":null,"is_under_weight_hazmat":false,"is_vto_enabled":null,"life_of_product":"Basic Reorder","material_code":"KALH010000","media":{"large":[{"alt":"＜エネルギー＞カートリッジ コンセントレート FT","height":1200,"position":0,"src":"/media/export/cms/products/1200x1500/cl_sku_KALH01_1200x1500_0.png","type":"image","width":1500}],"medium":[{"alt":"＜エネルギー＞カートリッジ コンセントレート FT","height":600,"position":1,"src":"/media/export/cms/products/600x750/cl_sku_KALH01_600x750_0.png","type":"image","width":750},{"alt":"＜エネルギー＞カートリッジ コンセントレート FT","height":600,"position":2,"src":"/media/export/cms/products/600x750/cl_sku_KALH01_600x750_1.png","type":"image","width":750}],"model":null,"poster":null,"small":[{"alt":"＜エネルギー＞カートリッジ コンセントレート FT","height":1200,"position":3,"src":"/media/export/cms/products/1200x1500/cl_sku_KALH01_1200x1500_0.png","type":"image","width":1500}],"smoosh":null,"xl":null},"out_of_stock_threshold":null,"perlgem":{"SKU_BASE_ID":95766},"preorder_date":null,"prices":[{"currency":"JPY","exclude_tax":{"original_price":1700,"original_price_formatted":"¥1,700","price":1700,"price_formatted":"¥1,700","price_per_unit":null,"price_per_unit_formatted":""},"include_tax":{"original_price":1870,"original_price_formatted":"¥1,870","price":1870,"price_formatted":"¥1,870","price_per_unit":null,"price_per_unit_formatted":""},"is_discounted":false}],"purchase_limit":null,"replenishment":{"message":null},"reviews":{"average_rating":null,"number_of_questions":null,"number_of_reviews":null},"set_components":null,"shade_groups":null,"shades":null,"sizes":[{"key":1,"value":"10mL"}],"skin":{"tone":null,"type":null,"type_description":null},"sku_badge":null,"sku_badge_image":null,"sku_display_order":0,"sku_id":"KALH01","sku_promo_messaging":null,"sku_type":"SE","sku_url":null,"tags":{"total":10,"items":[{"id":"1687","key":"乾燥","value":"乾燥"},{"id":"25565","key":"justarrivednew","value":"justarrivednew"},{"id":"27174","key":"day7flashsale","value":"Day7FlashSale"},{"id":"13301","key":"乳液クリーム","value":"乳液・クリーム"},{"id":"13304","key":"スペシャルケア","value":"スペシャルケア"},{"id":"1574","key":"ステップ３潤す","value":"ステップ３：潤す"},{"id":"1667","key":"スキンケア","value":"スキンケア"},{"id":"27168","key":"day1flashsale","value":"Day1FlashSale"},{"id":"23355","key":"cliniqueid","value":"CliniqueiD"},{"id":"25415","key":"cliniqueid","value":"CliniqueiD"}]},"texture":null,"undertone":null,"unit_of_measure":null,"unit_size":null,"unit_size_formatted":null,"upc":"020714949563","vto":{"is_color_experience":null,"is_foundation_experience":null}}]},"sub_display_name":"＜エネルギー＞カートリッジ コンセントレート FT","sub_header":null,"tags":{"total":10,"items":[{"id":"1687","key":"乾燥","parent_tag_id":"1667","product_display_order":64,"value":"乾燥"},{"id":"25565","key":"justarrivednew","parent_tag_id":null,"product_display_order":0,"value":"justarrivednew"},{"id":"27174","key":"day7flashsale","parent_tag_id":"1590","product_display_order":0,"value":"Day7FlashSale"},{"id":"13301","key":"乳液クリーム","parent_tag_id":"1667","product_display_order":10,"value":"乳液・クリーム"},{"id":"13304","key":"スペシャルケア","parent_tag_id":"1667","product_display_order":17,"value":"スペシャルケア"},{"id":"1574","key":"ステップ３潤す","parent_tag_id":"1570","product_display_order":4,"value":"ステップ３：潤す"},{"id":"1667","key":"スキンケア","parent_tag_id":null,"product_display_order":29,"value":"スキンケア"},{"id":"27168","key":"day1flashsale","parent_tag_id":"1590","product_display_order":0,"value":"Day1FlashSale"},{"id":"23355","key":"cliniqueid","parent_tag_id":"1667","product_display_order":4,"value":"CliniqueiD"},{"id":"25415","key":"cliniqueid","parent_tag_id":"1687","product_display_order":0,"value":"CliniqueiD"}]},"usage":[{"content":null,"label":"PRODUCT USAGE","type":"product_usage"},{"content":null,"label":"HOW DOES IT WORK","type":"how_does_it_work"},{"content":null,"label":"WHO IT IS FOR","type":"who_it_is_for"},{"content":null,"label":"GREAT TO KNOW","type":"great_to_know"},{"content":null,"label":"WHAT_IT_DOES","type":"what_it_does"},{"content":null,"label":"WHAT_IT_IS","type":"what_it_is"}],"objectID":"60154"},{"benefit":{"statement":null,"benefits":null},"brand":null,"collection":[{"key":"dramatically-dif-collection","value":"dramatically_dif_collection"}],"coverage":null,"cross_sell":null,"default_category":{"id":"13301","key":"乳液クリーム"},"description":"<div>クリニーク史上初。カスタマイズ モイスチャライザー誕生。<br>自分に必要なものだけを選びたい、そんな時代だから。これからは、自分のモイスチャライザーも、自分自身でつくる。<br>クリニークは、あなたの肌にぴったりのスキンケアをお届けします。<br>“クリニーク iD”は、自分仕様にカスタマイズできるモイスチャライザー。<br><br>まず、5種類の肌ニーズに応える美容成分「カートリッジ コンセントレート」から、今の自分が一番気になるものを選びます。次に3種類の保湿「モイスチャー ベース」から、自分のスキンタイプや好みの触感のものを1つ選びます。<br>「カートリッジ」を「モイスチャー ベース」に差し込めば、完成。シンプルで簡単。自分専用のモイスチャライザーで、なりたい肌へ。<br><br></div><font color=\"85b095\"><b>カートリッジ：</b></font>エイジングケア*1<br><br>ホエイプロテイン*2配合の美容液成分が、肌にふっくらとしたハリを<br><div>与え、乾燥小ジワを目立たなく*3、エイジレスな肌印象へ。</div><div><br></div><div>*1年齢に応じた肌に潤いを与えるお手入れ *2整肌成分 *3 効能評価試験済(保湿モイスチャライザーと混合時)</div><br><h2>モイスチャーベースを選んで、「カートに追加」をクリックしてください</h2>","display_mode":null,"display_name":"＜エイジングケア＞カートリッジ コンセントレート LW","display_status":7,"finish":null,"form":[{"key":"gel-form","value":"gel_form"},{"key":"lotion-form","value":"lotion_form"},{"key":"watery-form","value":"watery_form"}],"formula_type":null,"fragrance_family":null,"indexable_keywords":[{"value":"Clinique iD"},{"value":" クリニークiD"},{"value":" 乳液"},{"value":" スキンケア"},{"value":" エイジングケア"},{"value":"cid"},{"value":"clid"}],"is_hazmat":false,"is_product_coming_soon":null,"is_product_displayable":true,"is_product_searchable":true,"is_product_shoppable":true,"is_product_sold_out":null,"is_product_temporarily_out_of_stock":null,"is_search_suppressed":null,"key_ingredient":null,"media":{"large":[{"alt":"＜エイジングケア＞カートリッジ コンセントレート LW","height":1200,"position":0,"src":"/media/export/cms/products/1200x1500/cl_prod_60156_1200x1500_0.png","type":"image","width":1500},{"alt":"＜エイジングケア＞カートリッジ コンセントレート LW","height":1200,"position":1,"src":"/media/export/cms/products/1200x1500/cl_prod_60156_1200x1500_1.png","type":"image","width":1500},{"alt":"＜エイジングケア＞カートリッジ コンセントレート LW","height":1200,"position":2,"src":"/media/export/cms/products/1200x1500/cl_prod_60156_1200x1500_2.png","type":"image","width":1500},{"alt":"＜エイジングケア＞カートリッジ コンセントレート LW","height":1200,"position":3,"src":"/media/export/cms/products/1200x1500/cl_prod_60156_1200x1500_3.png","type":"image","width":1500}],"medium":null,"poster":null,"small":[{"alt":"＜エイジングケア＞カートリッジ コンセントレート LW","height":1200,"position":4,"src":"/media/export/cms/products/1200x1500/cl_prod_60156_1200x1500_0.png","type":"image","width":1500},{"alt":"＜エイジングケア＞カートリッジ コンセントレート LW","height":1200,"position":5,"src":"/media/export/cms/products/1200x1500/cl_prod_60156_1200x1500_1.png","type":"image","width":1500},{"alt":"＜エイジングケア＞カートリッジ コンセントレート LW","height":1200,"position":6,"src":"/media/export/cms/products/1200x1500/cl_prod_60156_1200x1500_2.png","type":"image","width":1500},{"alt":"＜エイジングケア＞カートリッジ コンセントレート LW","height":1200,"position":7,"src":"/media/export/cms/products/1200x1500/cl_prod_60156_1200x1500_3.png","type":"image","width":1500}],"videos":[{"position":null,"poster":{"height":null,"src":null,"width":null},"provider":"YouTube","src":null},{"position":null,"poster":{"height":null,"src":null,"width":null},"provider":"YouTube","src":null},{"position":null,"poster":{"height":null,"src":null,"width":null},"provider":"YouTube","src":null}],"xl":null},"meta":{"description":null,"keywords":"Clinique iD, クリニークiD, 乳液, スキンケア, エイジングケア"},"parent_category":[{"id":"13301","value":"乳液・クリーム"},{"id":"1667","value":"スキンケア"}],"product_badge":null,"product_id":"60156","product_title_tag":null,"product_type":"Other","product_url":"/product/13301/60156/-lw/cartridge-concentrate-lw-lines-wrinkle","reviews":{"average_rating":null,"number_of_questions":null,"number_of_reviews":null},"shade_groups":null,"short_description":"<div>クリニーク史上初。カスタマイズ モイスチャライザー誕生。<br>自分に必要なものだけを選びたい、そんな時代だから。これからは、自分のモイスチャライザーも、自分自身でつくる。<br>クリニークは、あなたの肌にぴったりのスキンケアをお届けします。<br>“クリニーク iD”は、自分仕様にカスタマイズできるモイスチャライザー。<br><br>まず、5種類の肌ニーズに応える美容成分「カートリッジ コンセントレート」から、今の自分が一番気になるものを選びます。次に3種類の保湿「モイスチャー ベース」から、自分のスキンタイプや好みの触感のものを1つ選びます。<br>「カートリッジ」を「モイスチャー ベース」に差し込めば、完成。シンプルで簡単。自分専用のモイスチャライザーで、なりたい肌へ。<br><br></div><font color=\"85b095\"><b>カートリッジ：</b></font>エイジングケア*1<br><br>ホエイプロテイン*2配合の美容液成分が、肌にふっくらとしたハリを<br><div>与え、乾燥小ジワを目立たなく*3、エイジレスな肌印象へ。</div><div><br></div><div>*1年齢に応じた肌に潤いを与えるお手入れ *2整肌成分 *3 効能評価試験済(保湿モイスチャライザーと混合時)</div>","skin":{"concern":[{"key":"anti-aging-concern","value":"anti_aging_concern"}]},"skin_goal":null,"skus":{"total":1,"items":[{"color_family":null,"coverage_options":null,"cross_sell":null,"display_status":7,"finish":null,"finish_options":null,"fragrances":[{"family":null,"key":null,"value":null}],"iln_listing":"水・ＢＧ・ホエイタンパク（牛乳）・ペンチレングリコール・グリセリン・クエン酸Ｎａ・アーモンドエキス・カフェイン・ヒドロキシプロピルメチルセルロース・プルラン・カプリリルグリコール・キサンタンガム・エチルヘキシルグリセリン・タウリン・ヘキシレングリコール・レシチン・ＥＤＴＡ－２Ｎａ・ポルフィリジウムクルエンタムエキス・カルボマー・ミクロコッカス溶解液・ポリソルベート２０・アセチルヘキサペプチド－８・赤２２７・青１・パルミトイルトリペプチド－１・パルミトイルテトラペプチド－７・フェノキシエタノール・ソルビン酸Ｋ<JILN8653>","iln_version_number":"JILN8653","inventory_status":"Active","is_active":true,"is_coming_soon":null,"is_default_sku":true,"is_discountable":true,"is_displayable":null,"is_engravable":null,"is_fragrance":null,"is_giftable":null,"is_giftwrap":false,"is_inactive":null,"is_multi_shaded":null,"is_out_of_stock":null,"is_preorder":false,"is_preorderable":null,"is_promotional":null,"is_replenishable":false,"is_search_suppressed":null,"is_searchable":true,"is_shaded":null,"is_sized":null,"is_sold_out":null,"is_under_weight_hazmat":false,"is_vto_enabled":null,"life_of_product":"Basic Reorder","material_code":"KALK010000","media":{"large":[{"alt":"＜エイジングケア＞カートリッジ コンセントレート LW","height":1200,"position":0,"src":"/media/export/cms/products/1200x1500/cl_sku_KALK01_1200x1500_0.png","type":"image","width":1500}],"medium":[{"alt":"＜エイジングケア＞カートリッジ コンセントレート LW","height":600,"position":1,"src":"/media/export/cms/products/600x750/cl_sku_KALK01_600x750_0.png","type":"image","width":750},{"alt":"＜エイジングケア＞カートリッジ コンセントレート LW","height":600,"position":2,"src":"/media/export/cms/products/600x750/cl_sku_KALK01_600x750_1.png","type":"image","width":750}],"model":null,"poster":null,"small":[{"alt":"＜エイジングケア＞カートリッジ コンセントレート LW","height":1200,"position":3,"src":"/media/export/cms/products/1200x1500/cl_sku_KALK01_1200x1500_0.png","type":"image","width":1500}],"smoosh":null,"xl":null},"out_of_stock_threshold":null,"perlgem":{"SKU_BASE_ID":95768},"preorder_date":null,"prices":[{"currency":"JPY","exclude_tax":{"original_price":1700,"original_price_formatted":"¥1,700","price":1700,"price_formatted":"¥1,700","price_per_unit":null,"price_per_unit_formatted":""},"include_tax":{"original_price":1870,"original_price_formatted":"¥1,870","price":1870,"price_formatted":"¥1,870","price_per_unit":null,"price_per_unit_formatted":""},"is_discounted":false}],"purchase_limit":null,"replenishment":{"message":null},"reviews":{"average_rating":null,"number_of_questions":null,"number_of_reviews":null},"set_components":null,"shade_groups":null,"shades":null,"sizes":[{"key":1,"value":"10mL"}],"skin":{"tone":null,"type":null,"type_description":null},"sku_badge":null,"sku_badge_image":null,"sku_display_order":0,"sku_id":"KALK01","sku_promo_messaging":null,"sku_type":"SE","sku_url":null,"tags":{"total":10,"items":[{"id":"27174","key":"day7flashsale","value":"Day7FlashSale"},{"id":"1574","key":"ステップ３潤す","value":"ステップ３：潤す"},{"id":"25415","key":"cliniqueid","value":"CliniqueiD"},{"id":"13304","key":"スペシャルケア","value":"スペシャルケア"},{"id":"23355","key":"cliniqueid","value":"CliniqueiD"},{"id":"27168","key":"day1flashsale","value":"Day1FlashSale"},{"id":"13301","key":"乳液クリーム","value":"乳液・クリーム"},{"id":"14706","key":"スペシャルケア","value":"スペシャルケア"},{"id":"1687","key":"乾燥","value":"乾燥"},{"id":"1667","key":"スキンケア","value":"スキンケア"}]},"texture":null,"undertone":null,"unit_of_measure":null,"unit_size":null,"unit_size_formatted":null,"upc":"020714949587","vto":{"is_color_experience":null,"is_foundation_experience":null}}]},"sub_display_name":"＜エイジングケア＞カートリッジ コンセントレート LW","sub_header":null,"tags":{"total":10,"items":[{"id":"27174","key":"day7flashsale","parent_tag_id":"1590","product_display_order":0,"value":"Day7FlashSale"},{"id":"1574","key":"ステップ３潤す","parent_tag_id":"1570","product_display_order":3,"value":"ステップ３：潤す"},{"id":"25415","key":"cliniqueid","parent_tag_id":"1687","product_display_order":0,"value":"CliniqueiD"},{"id":"13304","key":"スペシャルケア","parent_tag_id":"1667","product_display_order":11,"value":"スペシャルケア"},{"id":"23355","key":"cliniqueid","parent_tag_id":"1667","product_display_order":1,"value":"CliniqueiD"},{"id":"27168","key":"day1flashsale","parent_tag_id":"1590","product_display_order":0,"value":"Day1FlashSale"},{"id":"13301","key":"乳液クリーム","parent_tag_id":"1667","product_display_order":7,"value":"乳液・クリーム"},{"id":"14706","key":"スペシャルケア","parent_tag_id":"1667","product_display_order":8,"value":"スペシャルケア"},{"id":"1687","key":"乾燥","parent_tag_id":"1667","product_display_order":78,"value":"乾燥"},{"id":"1667","key":"スキンケア","parent_tag_id":null,"product_display_order":36,"value":"スキンケア"}]},"usage":[{"content":null,"label":"PRODUCT USAGE","type":"product_usage"},{"content":null,"label":"HOW DOES IT WORK","type":"how_does_it_work"},{"content":null,"label":"WHO IT IS FOR","type":"who_it_is_for"},{"content":null,"label":"GREAT TO KNOW","type":"great_to_know"},{"content":null,"label":"WHAT_IT_DOES","type":"what_it_does"},{"content":null,"label":"WHAT_IT_IS","type":"what_it_is"}],"objectID":"60156"},{"benefit":{"statement":null,"benefits":null},"brand":null,"collection":null,"coverage":[{"key":"sheer-coverage","value":"sheer_coverage"}],"cross_sell":[{"sku_id":"60QH61","sort_key":1},{"sku_id":"62A401","sort_key":2},{"sku_id":"60QH01","sort_key":3},{"sku_id":"69KL01","sort_key":4},{"sku_id":"6CY401","sort_key":5},{"sku_id":"6F3701","sort_key":6}],"default_category":{"id":"1607","key":"フェース-パウダー"},"description":"<div>軽く細かいウルトラ シアーな粒子で透明なヴェールをまとったような仕上がりになるプレストタイプのパウダー。一日中テカリを防ぎます。色のつかないトランス ルーセント タイプ。</div><div><br></div><div>※コンパクトの形状は画像と異なる場合がございます。<br></div>","display_mode":null,"display_name":"ステイ マット シアー<br>プレスト パウダー","display_status":7,"finish":[{"key":"matte-finish","value":"matte_finish"}],"form":[{"key":"powder-form","value":"powder_form"}],"formula_type":null,"fragrance_family":null,"indexable_keywords":[{"value":"ファンデーション"},{"value":"メークアップ"},{"value":"メイクアップ"},{"value":"パウダー"},{"value":"トランスルーセント"},{"value":"Tゾーン"},{"value":"テカリ"},{"value":"化粧直し"},{"value":"プレストパウダー"}],"is_hazmat":false,"is_product_coming_soon":null,"is_product_displayable":true,"is_product_searchable":true,"is_product_shoppable":true,"is_product_sold_out":null,"is_product_temporarily_out_of_stock":null,"is_search_suppressed":null,"key_ingredient":null,"media":{"large":null,"medium":null,"poster":null,"small":null,"videos":[{"position":null,"poster":{"height":null,"src":null,"width":null},"provider":null,"src":null},{"position":null,"poster":{"height":null,"src":null,"width":null},"provider":null,"src":null},{"position":null,"poster":{"height":null,"src":null,"width":null},"provider":null,"src":null}],"xl":null},"meta":{"description":null,"keywords":"powder, powder makeup, oil free makeup, oil free powder, oil control"},"parent_category":[{"id":"1607","value":"フェース パウダー"},{"id":"1592","value":"メーク"}],"product_badge":null,"product_id":"6069","product_title_tag":null,"product_type":"Shaded","product_url":"/product/1607/6069/-/stay-matte-sheer-pressed-powder","reviews":{"average_rating":null,"number_of_questions":null,"number_of_reviews":null},"shade_groups":null,"short_description":"透明なヴェールをまとったような仕上がりになるプレストタイプのパウダー。一日中テカリを防ぎます。","skin":{"concern":[{"key":"oil-free-concern","value":"oil_free_concern"}]},"skin_goal":null,"skus":{"total":1,"items":[{"color_family":null,"coverage_options":null,"cross_sell":null,"display_status":7,"finish":null,"finish_options":null,"fragrances":[{"family":null,"key":null,"value":null}],"iln_listing":"（ＨＤＩ／トリメチロールヘキシルラクトン）クロスポリマー・ラウロイルリシン・フェニルトリメチコン・ステアリン酸亜鉛・ジメチコン・トリエトキシカプリリルシラン・ネオペンタン酸イソステアリル・トリメチルシロキシケイ酸・ヒドロキシアパタイト・セスキオレイン酸ソルビタン・ケイ酸Ｃａ・ＥＤＴＡ－４Ｎａ・クロルフェネシン・ソルビン酸Ｋ　＋／－　マイカ・タルク・シリカ・酸化鉄<JILN3307>","iln_version_number":"JILN3307","inventory_status":"Active","is_active":true,"is_coming_soon":null,"is_default_sku":false,"is_discountable":true,"is_displayable":null,"is_engravable":null,"is_fragrance":null,"is_giftable":null,"is_giftwrap":false,"is_inactive":null,"is_multi_shaded":null,"is_out_of_stock":null,"is_preorder":false,"is_preorderable":null,"is_promotional":null,"is_replenishable":false,"is_search_suppressed":null,"is_searchable":true,"is_shaded":null,"is_sized":null,"is_sold_out":null,"is_under_weight_hazmat":false,"is_vto_enabled":null,"life_of_product":"Basic Reorder","material_code":"6HX1010001","media":{"large":[{"alt":"ステイ マット シアー<br>プレスト パウダー","height":1200,"position":1,"src":"/media/export/cms/products/1200x1500/cl_sku_6HX101_1200x1500_0.png","type":"image","width":1500}],"medium":[{"alt":"ステイ マット シアー<br>プレスト パウダー","height":600,"position":2,"src":"/media/export/cms/products/600x750/cl_sku_6HX101_600x750_0.png","type":"image","width":750}],"model":null,"poster":null,"small":[{"alt":"ステイ マット シアー<br>プレスト パウダー","height":1200,"position":3,"src":"/media/export/cms/products/1200x1500/cl_sku_6HX101_1200x1500_0.png","type":"image","width":1500}],"smoosh":[{"alt":"ステイ マット シアー<br>プレスト パウダー","height":1200,"position":0,"src":"/media/export/cms/products/1200x1500/swatches_v3/02_ns_ng.png","type":"image","width":1500}],"xl":null},"out_of_stock_threshold":null,"perlgem":{"SKU_BASE_ID":13699},"preorder_date":null,"prices":[{"currency":"JPY","exclude_tax":{"original_price":4200,"original_price_formatted":"¥4,200","price":4200,"price_formatted":"¥4,200","price_per_unit":null,"price_per_unit_formatted":""},"include_tax":{"original_price":4620,"original_price_formatted":"¥4,620","price":4620,"price_formatted":"¥4,620","price_per_unit":null,"price_per_unit_formatted":""},"is_discounted":false}],"purchase_limit":null,"replenishment":{"message":"Never run low on your favourites. Sign up for Auto-Ship. Learn more >"},"reviews":{"average_rating":null,"number_of_questions":null,"number_of_reviews":null},"set_components":null,"shade_groups":null,"shades":[{"description":"","hex_val":"#F0D0B2","image":{"height":null,"src":"","width":null},"name":"101 インビジブル マット","smoosh_design":{"group_id":null,"name":"02::none::none"}}],"sizes":[{"key":1,"value":null}],"skin":{"tone":null,"type":null,"type_description":null},"sku_badge":null,"sku_badge_image":null,"sku_display_order":0,"sku_id":"6HX101","sku_promo_messaging":null,"sku_type":"SE","sku_url":null,"tags":{"total":11,"items":[{"id":"20525","key":"shop-the-movie-02","value":"Shop the Movie 02"},{"id":"27171","key":"day4flashsale","value":"Day4FlashSale"},{"id":"27172","key":"day5flashsale","value":"Day5FlashSale"},{"id":"9428","key":"top10","value":"top10"},{"id":"1607","key":"フェース-パウダー","value":"フェース パウダー"},{"id":"1575","key":"ベストセラー","value":"ベストセラー"},{"id":"17726","key":"base-makeup","value":"Base Makeup"},{"id":"13770","key":"gwp","value":"GWP"},{"id":"9425","key":"top-rated-makeup","value":"top rated makeup"},{"id":"27174","key":"day7flashsale","value":"Day7FlashSale"},{"id":"12537","key":"メークアップ-ベストセラー","value":"メークアップ ベストセラー"}]},"texture":null,"undertone":null,"unit_of_measure":null,"unit_size":null,"unit_size_formatted":null,"upc":"020714266912","vto":{"is_color_experience":null,"is_foundation_experience":null}}]},"sub_display_name":"ステイ マット シアー<br>プレスト パウダー","sub_header":null,"tags":{"total":14,"items":[{"id":"20525","key":"shop-the-movie-02","parent_tag_id":"1000020","product_display_order":5,"value":"Shop the Movie 02"},{"id":"27171","key":"day4flashsale","parent_tag_id":"1590","product_display_order":0,"value":"Day4FlashSale"},{"id":"19288","key":"スペシャルセール","parent_tag_id":"1590","product_display_order":0,"value":"スペシャルセール"},{"id":"1599","key":"ファンデーション","parent_tag_id":"1592","product_display_order":14,"value":"ファンデーション"},{"id":"27172","key":"day5flashsale","parent_tag_id":"1590","product_display_order":116,"value":"Day5FlashSale"},{"id":"9428","key":"top10","parent_tag_id":"9420","product_display_order":0,"value":"top10"},{"id":"25016","key":"top-sellers","parent_tag_id":"4323","product_display_order":0,"value":"Top Sellers"},{"id":"1607","key":"フェース-パウダー","parent_tag_id":"1592","product_display_order":7,"value":"フェース パウダー"},{"id":"1575","key":"ベストセラー","parent_tag_id":null,"product_display_order":49,"value":"ベストセラー"},{"id":"17726","key":"base-makeup","parent_tag_id":"1592","product_display_order":21,"value":"Base Makeup"},{"id":"13770","key":"gwp","parent_tag_id":null,"product_display_order":0,"value":"GWP"},{"id":"9425","key":"top-rated-makeup","parent_tag_id":"9420","product_display_order":0,"value":"top rated makeup"},{"id":"27174","key":"day7flashsale","parent_tag_id":"1590","product_display_order":0,"value":"Day7FlashSale"},{"id":"12537","key":"メークアップ-ベストセラー","parent_tag_id":"1592","product_display_order":35,"value":"メークアップ ベストセラー"}]},"usage":[{"content":"付属のスポンジ、またはお手持ちのブラシで、顔全体、またはオイリーな部分につけます","label":"PRODUCT USAGE","type":"product_usage"},{"content":null,"label":"HOW DOES IT WORK","type":"how_does_it_work"},{"content":null,"label":"WHO IT IS FOR","type":"who_it_is_for"},{"content":null,"label":"GREAT TO KNOW","type":"great_to_know"},{"content":null,"label":"WHAT_IT_DOES","type":"what_it_does"},{"content":null,"label":"WHAT_IT_IS","type":"what_it_is"}],"objectID":"6069"},{"benefit":{"statement":null,"benefits":null},"brand":null,"collection":null,"coverage":null,"cross_sell":[{"sku_id":"62AH01","sort_key":1},{"sku_id":"6ACH01","sort_key":2},{"sku_id":"61MT01","sort_key":3}],"default_category":{"id":"1579","key":"クリニーク-ハッピー"},"description":"爽やかなハッピーの香りとリッチな潤いで、全身を包みこみます。ホイップクリームのようなふんわりとした贅沢な感触。","display_mode":null,"display_name":"クリニーク ハッピー<br>ボディ クリーム","display_status":7,"finish":null,"form":null,"formula_type":null,"fragrance_family":null,"indexable_keywords":[{"value":"フレグランス"},{"value":"香水"},{"value":"ハッピー"},{"value":"ボディクリーム"},{"value":"ボディ"},{"value":"happy"},{"value":"body"},{"value":"body cream"},{"value":"ボディケア"}],"is_hazmat":false,"is_product_coming_soon":null,"is_product_displayable":true,"is_product_searchable":true,"is_product_shoppable":true,"is_product_sold_out":null,"is_product_temporarily_out_of_stock":null,"is_search_suppressed":null,"key_ingredient":null,"media":{"large":null,"medium":null,"poster":null,"small":null,"videos":[{"position":null,"poster":{"height":null,"src":null,"width":null},"provider":null,"src":null},{"position":null,"poster":{"height":null,"src":null,"width":null},"provider":null,"src":null},{"position":null,"poster":{"height":null,"src":null,"width":null},"provider":null,"src":null}],"xl":null},"meta":{"description":null,"keywords":"HAND CREAM, lotion"},"parent_category":[{"id":"1579","value":"クリニーク ハッピー"},{"id":"1577","value":"フレグランス"}],"product_badge":null,"product_id":"6072","product_title_tag":null,"product_type":"Sized","product_url":"/product/1579/6072/clinique-happy-body-cream","reviews":{"average_rating":null,"number_of_questions":null,"number_of_reviews":null},"shade_groups":null,"short_description":"ハッピーの香りの贅沢なボディクリーム。","skin":null,"skin_goal":null,"skus":{"total":1,"items":[{"color_family":null,"coverage_options":null,"cross_sell":null,"display_status":7,"finish":null,"finish_options":null,"fragrances":[{"family":null,"key":null,"value":null}],"iln_listing":"水・ＢＧ・トリ（カプリル酸／カプリン酸）グリセリル・香料・セテアリルアルコール・コハク酸ジオクチル・ステアリン酸ＰＥＧ－４０・グリセリン・ステアリン酸グリコール・カプリリルグリコール・ステアリン酸グリセリル・ジメチコン・トリカプリリン・ラウリン酸ソルビタン・カルボマー・ＥＤＴＡ－２Ｎａ・ステアラミドＡＭＰ・水酸化Ｋ・黄５・黄４・赤５０４・フェノキシエタノール<JILN4052>","iln_version_number":"JILN4052","inventory_status":"Active","is_active":true,"is_coming_soon":null,"is_default_sku":false,"is_discountable":true,"is_displayable":null,"is_engravable":null,"is_fragrance":null,"is_giftable":null,"is_giftwrap":false,"is_inactive":null,"is_multi_shaded":null,"is_out_of_stock":null,"is_preorder":false,"is_preorderable":null,"is_promotional":null,"is_replenishable":false,"is_search_suppressed":null,"is_searchable":true,"is_shaded":null,"is_sized":null,"is_sold_out":null,"is_under_weight_hazmat":false,"is_vto_enabled":null,"life_of_product":"Basic Reorder","material_code":"64MG010001","media":{"large":[{"alt":"クリニーク ハッピー<br>ボディ クリーム","height":1200,"position":0,"src":"/media/export/cms/products/1200x1500/cl_sku_64MG01_1200x1500_0.png","type":"image","width":1500}],"medium":[{"alt":"クリニーク ハッピー<br>ボディ クリーム","height":600,"position":1,"src":"/media/export/cms/products/600x750/cl_sku_64MG01_600x750_0.png","type":"image","width":750}],"model":null,"poster":null,"small":[{"alt":"クリニーク ハッピー<br>ボディ クリーム","height":1200,"position":2,"src":"/media/export/cms/products/1200x1500/cl_sku_64MG01_1200x1500_0.png","type":"image","width":1500}],"smoosh":null,"xl":null},"out_of_stock_threshold":null,"perlgem":{"SKU_BASE_ID":12221},"preorder_date":null,"prices":[{"currency":"JPY","exclude_tax":{"original_price":4800,"original_price_formatted":"¥4,800","price":4800,"price_formatted":"¥4,800","price_per_unit":null,"price_per_unit_formatted":""},"include_tax":{"original_price":5280,"original_price_formatted":"¥5,280","price":5280,"price_formatted":"¥5,280","price_per_unit":null,"price_per_unit_formatted":""},"is_discounted":false}],"purchase_limit":null,"replenishment":{"message":"Never run low on your favourites. Sign up for Auto-Ship. Learn more >"},"reviews":{"average_rating":null,"number_of_questions":null,"number_of_reviews":null},"set_components":null,"shade_groups":null,"shades":null,"sizes":[{"key":1,"value":"200mL"}],"skin":{"tone":null,"type":null,"type_description":null},"sku_badge":null,"sku_badge_image":null,"sku_display_order":0,"sku_id":"64MG01","sku_promo_messaging":null,"sku_type":"SE","sku_url":null,"tags":{"total":5,"items":[{"id":"1660","key":"ボディケア","value":"ボディケア　"},{"id":"16916","key":"gift-ideas-for-events","value":"Gift Ideas for Events"},{"id":"1686","key":"ボディケア","value":"ボディケア"},{"id":"1579","key":"クリニーク-ハッピー","value":"クリニーク ハッピー"},{"id":"1584","key":"セットギフト","value":"セット＆ギフト"}]},"texture":null,"undertone":null,"unit_of_measure":null,"unit_size":null,"unit_size_formatted":null,"upc":"020714097738","vto":{"is_color_experience":null,"is_foundation_experience":null}}]},"sub_display_name":"クリニーク ハッピー<br>ボディ クリーム","sub_header":null,"tags":{"total":5,"items":[{"id":"1660","key":"ボディケア","parent_tag_id":"1659","product_display_order":17,"value":"ボディケア　"},{"id":"16916","key":"gift-ideas-for-events","parent_tag_id":"1000020","product_display_order":27,"value":"Gift Ideas for Events"},{"id":"1686","key":"ボディケア","parent_tag_id":"1667","product_display_order":16,"value":"ボディケア"},{"id":"1579","key":"クリニーク-ハッピー","parent_tag_id":"1577","product_display_order":10,"value":"クリニーク ハッピー"},{"id":"1584","key":"セットギフト","parent_tag_id":"1582","product_display_order":33,"value":"セット＆ギフト"}]},"usage":[{"content":"適量をとり、清潔な肌にマッサージするように、優しくじませます。","label":"PRODUCT USAGE","type":"product_usage"},{"content":null,"label":"HOW DOES IT WORK","type":"how_does_it_work"},{"content":null,"label":"WHO IT IS FOR","type":"who_it_is_for"},{"content":null,"label":"GREAT TO KNOW","type":"great_to_know"},{"content":null,"label":"WHAT_IT_DOES","type":"what_it_does"},{"content":null,"label":"WHAT_IT_IS","type":"what_it_is"}],"objectID":"6072"},{"benefit":{"statement":null,"benefits":null},"brand":null,"collection":null,"coverage":null,"cross_sell":null,"default_category":{"id":"13303","key":"美容液"},"description":"美容皮膚科学から着想。<br>ビタミンA（レチノール）＊1とビタミンC＊2配合の革新的＊3エイジングケア＊4美容液、誕生。<br><br>待てないあなたへ。さあ、AとCの力で短期勝負を。<br>日中用のC「フレッシュ プレスト C10 デイリー ブースター」は、<br>使ってすぐにその感触に驚くはず。しっとり、透明感のある輝く肌へ。<br>そして使うごとに、キメが整い、なめらかに。<br>夜用のA「フレッシュ プレスト A オーバーナイト ブースター」は、<br>角質層のすみずみまで深く潤して、活き活きとした印象のハリ肌に。<br>乾燥小ジワも潤して、ふっくらと目立たなく＊５。<br><br>「フレッシュ」とはパワフルということ。<br>AとCを新鮮なうちに使い切る、濃密な集中エイジングケア美容液のセットで、エイジレスな肌印象がはじまります。<br><br>＊1 製品の安定剤 ＊2 アスコルビン酸：製品の抗酸化剤 ＊3 クリニーク内 ＊4年齢に応じた肌に潤いを与えるお手入れ　＊５効能評価試験済み<br><br>日中用2本＋夜用2本 ","display_mode":null,"display_name":"フレッシュ プレスト デイ & ナイト ブースター＜VC2本×VA2本＞","display_status":7,"finish":null,"form":null,"formula_type":null,"fragrance_family":null,"indexable_keywords":null,"is_hazmat":false,"is_product_coming_soon":null,"is_product_displayable":true,"is_product_searchable":true,"is_product_shoppable":true,"is_product_sold_out":null,"is_product_temporarily_out_of_stock":null,"is_search_suppressed":null,"key_ingredient":null,"media":{"large":null,"medium":null,"poster":null,"small":null,"videos":[{"position":null,"poster":{"height":null,"src":null,"width":null},"provider":null,"src":null},{"position":null,"poster":{"height":null,"src":null,"width":null},"provider":null,"src":null},{"position":null,"poster":{"height":null,"src":null,"width":null},"provider":null,"src":null}],"xl":null},"meta":{"description":null,"keywords":null},"parent_category":[{"id":"13303","value":"美容液"},{"id":"1667","value":"スキンケア"}],"product_badge":null,"product_id":"61061","product_title_tag":null,"product_type":"Other","product_url":"/product/13303/61061/--/fresh-pressed-day-night-booster","reviews":{"average_rating":null,"number_of_questions":null,"number_of_reviews":null},"shade_groups":null,"short_description":"美容皮膚科学から着想。<br>ビタミンA（レチノール）＊1とビタミンC＊2配合の革新的＊3エイジングケア＊4美容液、誕生。<br><br>待てないあなたへ。さあ、AとCの力で短期勝負を。<br>日中用のC「フレッシュ プレスト C10 デイリー ブースター」は、<br>使ってすぐにその感触に驚くはず。しっとり、透明感のある輝く肌へ。<br>そして使うごとに、キメが整い、なめらかに。<br>夜用のA「フレッシュ プレスト A オーバーナイト ブースター」は、<br>角質層のすみずみまで深く潤して、活き活きとした印象のハリ肌に。<br>乾燥小ジワも潤して、ふっくらと目立たなく＊５。<br><br>「フレッシュ」とはパワフルということ。<br>AとCを新鮮なうちに使い切る、濃密な集中エイジングケア美容液のセットで、エイジレスな肌印象がはじまります。<br><br>＊1 製品の安定剤 ＊2 アスコルビン酸：製品の抗酸化剤 ＊3 クリニーク内 ＊4年齢に応じた肌に潤いを与えるお手入れ　＊５効能評価試験済み<br><br>日中用2本＋夜用2本","skin":null,"skin_goal":null,"skus":{"total":1,"items":[{"color_family":null,"coverage_options":null,"cross_sell":null,"display_status":7,"finish":null,"finish_options":null,"fragrances":[{"family":null,"key":null,"value":null}],"iln_listing":null,"iln_version_number":null,"inventory_status":"Active","is_active":true,"is_coming_soon":null,"is_default_sku":false,"is_discountable":true,"is_displayable":null,"is_engravable":null,"is_fragrance":null,"is_giftable":null,"is_giftwrap":false,"is_inactive":null,"is_multi_shaded":null,"is_out_of_stock":null,"is_preorder":false,"is_preorderable":null,"is_promotional":null,"is_replenishable":false,"is_search_suppressed":null,"is_searchable":true,"is_shaded":null,"is_sized":null,"is_sold_out":null,"is_under_weight_hazmat":false,"is_vto_enabled":null,"life_of_product":"Basic Reorder","material_code":"K60T010000","media":{"large":[{"alt":"フレッシュ プレスト デイ & ナイト ブースター＜VC2本×VA2本＞","height":1200,"position":0,"src":"/media/export/cms/products/1200x1500/cl_sku_K60T01_1200x1500_0.png","type":"image","width":1500}],"medium":[{"alt":"フレッシュ プレスト デイ & ナイト ブースター＜VC2本×VA2本＞","height":600,"position":1,"src":"/media/export/cms/products/600x750/cl_sku_K60T01_600x750_0.png","type":"image","width":750}],"model":null,"poster":null,"small":[{"alt":"フレッシュ プレスト デイ & ナイト ブースター＜VC2本×VA2本＞","height":1200,"position":2,"src":"/media/export/cms/products/1200x1500/cl_sku_K60T01_1200x1500_0.png","type":"image","width":1500}],"smoosh":null,"xl":null},"out_of_stock_threshold":null,"perlgem":{"SKU_BASE_ID":97068},"preorder_date":null,"prices":[{"currency":"JPY","exclude_tax":{"original_price":10000,"original_price_formatted":"¥10,000","price":10000,"price_formatted":"¥10,000","price_per_unit":null,"price_per_unit_formatted":""},"include_tax":{"original_price":11000,"original_price_formatted":"¥11,000","price":11000,"price_formatted":"¥11,000","price_per_unit":null,"price_per_unit_formatted":""},"is_discounted":false}],"purchase_limit":null,"replenishment":{"message":null},"reviews":{"average_rating":null,"number_of_questions":null,"number_of_reviews":null},"set_components":null,"shade_groups":null,"shades":null,"sizes":[{"key":1,"value":"VC 8.5ml X2 / VA 6ml X2"}],"skin":{"tone":null,"type":null,"type_description":null},"sku_badge":null,"sku_badge_image":null,"sku_display_order":0,"sku_id":"K60T01","sku_promo_messaging":null,"sku_type":"SE","sku_url":null,"tags":{"total":6,"items":[{"id":"18919","key":"fresh-pressed","value":"Fresh Pressed"},{"id":"13303","key":"美容液","value":"美容液"},{"id":"13304","key":"スペシャルケア","value":"スペシャルケア"},{"id":"1667","key":"スキンケア","value":"スキンケア"},{"id":"14706","key":"スペシャルケア","value":"スペシャルケア"},{"id":"28314","key":"エイジングケアクリームセット","value":"エイジングケアクリームセット"}]},"texture":null,"undertone":null,"unit_of_measure":null,"unit_size":null,"unit_size_formatted":null,"upc":"020714908645","vto":{"is_color_experience":null,"is_foundation_experience":null}}]},"sub_display_name":"フレッシュ プレスト デイ & ナイト ブースター＜VC2本×VA2本＞","sub_header":null,"tags":{"total":6,"items":[{"id":"18919","key":"fresh-pressed","parent_tag_id":"1667","product_display_order":0,"value":"Fresh Pressed"},{"id":"13303","key":"美容液","parent_tag_id":"1667","product_display_order":1,"value":"美容液"},{"id":"13304","key":"スペシャルケア","parent_tag_id":"1667","product_display_order":14,"value":"スペシャルケア"},{"id":"1667","key":"スキンケア","parent_tag_id":null,"product_display_order":71,"value":"スキンケア"},{"id":"14706","key":"スペシャルケア","parent_tag_id":"1667","product_display_order":9,"value":"スペシャルケア"},{"id":"28314","key":"エイジングケアクリームセット","parent_tag_id":"1667","product_display_order":8,"value":"エイジングケアクリームセット"}]},"usage":[{"content":null,"label":"PRODUCT USAGE","type":"product_usage"},{"content":null,"label":"HOW DOES IT WORK","type":"how_does_it_work"},{"content":null,"label":"WHO IT IS FOR","type":"who_it_is_for"},{"content":null,"label":"GREAT TO KNOW","type":"great_to_know"},{"content":null,"label":"WHAT_IT_DOES","type":"what_it_does"},{"content":null,"label":"WHAT_IT_IS","type":"what_it_is"}],"objectID":"61061"},{"benefit":{"statement":null,"benefits":null},"brand":null,"collection":null,"coverage":null,"cross_sell":[{"sku_id":"6F4G01","sort_key":1},{"sku_id":"6F4901","sort_key":2},{"sku_id":"68LE01","sort_key":3},{"sku_id":"6F0K01","sort_key":4},{"sku_id":"6G0P03","sort_key":5},{"sku_id":"6F3701","sort_key":6}],"default_category":{"id":"1608","key":"メークツール"},"description":"まぶたなど広い面に、ムラなく色をぼかすのに最適な、大きめのアイ シャドウ ブラシ。","display_mode":null,"display_name":"アイ シェイダー ブラシ","display_status":7,"finish":null,"form":null,"formula_type":null,"fragrance_family":null,"indexable_keywords":[{"value":"アイシャドウブラシ"}],"is_hazmat":false,"is_product_coming_soon":null,"is_product_displayable":true,"is_product_searchable":true,"is_product_shoppable":true,"is_product_sold_out":null,"is_product_temporarily_out_of_stock":null,"is_search_suppressed":null,"key_ingredient":null,"media":{"large":null,"medium":null,"poster":null,"small":null,"videos":[{"position":null,"poster":{"height":null,"src":null,"width":null},"provider":null,"src":null},{"position":null,"poster":{"height":null,"src":null,"width":null},"provider":null,"src":null},{"position":null,"poster":{"height":null,"src":null,"width":null},"provider":null,"src":null}],"xl":null},"meta":{"description":null,"keywords":"sombra"},"parent_category":[{"id":"1608","value":"メークツール"},{"id":"1592","value":"メーク"}],"product_badge":null,"product_id":"6139","product_title_tag":null,"product_type":"Other","product_url":"/product/1608/6139/eye-shader-brush","reviews":{"average_rating":null,"number_of_questions":null,"number_of_reviews":null},"shade_groups":null,"short_description":"まぶたなど広い面に、ムラなく色をぼかすのに最適な、大きめのアイ シャドウ ブラシ。","skin":null,"skin_goal":null,"skus":{"total":1,"items":[{"color_family":null,"coverage_options":null,"cross_sell":null,"display_status":7,"finish":null,"finish_options":null,"fragrances":[{"family":null,"key":null,"value":null}],"iln_listing":null,"iln_version_number":null,"inventory_status":"Active","is_active":true,"is_coming_soon":null,"is_default_sku":false,"is_discountable":true,"is_displayable":null,"is_engravable":null,"is_fragrance":null,"is_giftable":null,"is_giftwrap":false,"is_inactive":null,"is_multi_shaded":null,"is_out_of_stock":null,"is_preorder":false,"is_preorderable":null,"is_promotional":null,"is_replenishable":false,"is_search_suppressed":null,"is_searchable":true,"is_shaded":null,"is_sized":null,"is_sold_out":null,"is_under_weight_hazmat":false,"is_vto_enabled":null,"life_of_product":"Basic Reorder","material_code":"6F48010001","media":{"large":[{"alt":"アイ シェイダー ブラシ","height":1200,"position":0,"src":"/media/export/cms/products/1200x1500/cl_sku_6F4801_1200x1500_0.png","type":"image","width":1500}],"medium":[{"alt":"アイ シェイダー ブラシ","height":600,"position":1,"src":"/media/export/cms/products/600x750/cl_sku_6F4801_600x750_0.png","type":"image","width":750}],"model":null,"poster":null,"small":[{"alt":"アイ シェイダー ブラシ","height":1200,"position":2,"src":"/media/export/cms/products/1200x1500/cl_sku_6F4801_1200x1500_0.png","type":"image","width":1500}],"smoosh":null,"xl":null},"out_of_stock_threshold":null,"perlgem":{"SKU_BASE_ID":13294},"preorder_date":null,"prices":[{"currency":"JPY","exclude_tax":{"original_price":3500,"original_price_formatted":"¥3,500","price":3500,"price_formatted":"¥3,500","price_per_unit":null,"price_per_unit_formatted":""},"include_tax":{"original_price":3850,"original_price_formatted":"¥3,850","price":3850,"price_formatted":"¥3,850","price_per_unit":null,"price_per_unit_formatted":""},"is_discounted":false}],"purchase_limit":null,"replenishment":{"message":"Never run low on your favourites. Sign up for Auto-Ship. Learn more >"},"reviews":{"average_rating":null,"number_of_questions":null,"number_of_reviews":null},"set_components":null,"shade_groups":null,"shades":null,"sizes":[{"key":1,"value":null}],"skin":{"tone":null,"type":null,"type_description":null},"sku_badge":null,"sku_badge_image":null,"sku_display_order":0,"sku_id":"6F4801","sku_promo_messaging":null,"sku_type":"SE","sku_url":null,"tags":{"total":6,"items":[{"id":"27170","key":"day3flashsale","value":"Day3FlashSale"},{"id":"27172","key":"day5flashsale","value":"Day5FlashSale"},{"id":"1608","key":"メークツール","value":"メークツール"},{"id":"12520","key":"eye-lip-brushes","value":"Eye & Lip Brushes"},{"id":"1598","key":"アイシャドウ","value":"アイシャドウ"},{"id":"27174","key":"day7flashsale","value":"Day7FlashSale"}]},"texture":null,"undertone":null,"unit_of_measure":null,"unit_size":null,"unit_size_formatted":null,"upc":"020714228057","vto":{"is_color_experience":null,"is_foundation_experience":null}}]},"sub_display_name":"アイ シェイダー ブラシ","sub_header":null,"tags":{"total":6,"items":[{"id":"27170","key":"day3flashsale","parent_tag_id":"1590","product_display_order":0,"value":"Day3FlashSale"},{"id":"27172","key":"day5flashsale","parent_tag_id":"1590","product_display_order":123,"value":"Day5FlashSale"},{"id":"1608","key":"メークツール","parent_tag_id":"1592","product_display_order":8,"value":"メークツール"},{"id":"12520","key":"eye-lip-brushes","parent_tag_id":"1608","product_display_order":1,"value":"Eye & Lip Brushes"},{"id":"1598","key":"アイシャドウ","parent_tag_id":"1592","product_display_order":18,"value":"アイシャドウ"},{"id":"27174","key":"day7flashsale","parent_tag_id":"1590","product_display_order":0,"value":"Day7FlashSale"}]},"usage":[{"content":"ブラシにアイ シャドウをとり、軽く余分な粉を落としてからまぶたにのせます。","label":"PRODUCT USAGE","type":"product_usage"},{"content":null,"label":"HOW DOES IT WORK","type":"how_does_it_work"},{"content":null,"label":"WHO IT IS FOR","type":"who_it_is_for"},{"content":null,"label":"GREAT TO KNOW","type":"great_to_know"},{"content":null,"label":"WHAT_IT_DOES","type":"what_it_does"},{"content":null,"label":"WHAT_IT_IS","type":"what_it_is"}],"objectID":"6139"},{"benefit":{"statement":null,"benefits":null},"brand":null,"collection":null,"coverage":null,"cross_sell":[{"sku_id":"6M2301","sort_key":1},{"sku_id":"645J01","sort_key":2},{"sku_id":"6F3701","sort_key":3},{"sku_id":"60MK01","sort_key":4},{"sku_id":"69KL01","sort_key":5},{"sku_id":"6HX101","sort_key":6}],"default_category":{"id":"1597","key":"アイライナー"},"description":"クリーミーなテクスチャーとリッチな発色のペンシルタイプのアイライナー。瞬時に美しいラインが完成。にじまず、濃くも薄くも、思いのままに。アイ シャドウもきれいになじみます。<span style=\"FONT-SIZE: 10pt; FONT-FAMILY: \"ＭＳ ゴシック\"; COLOR: #1f497d\"></span><span style=\"FONT-SIZE: 10pt; COLOR: #1f497d\" lang=\"EN-US\"></span>","display_mode":null,"display_name":"クリーム シェイパー フォー アイ","display_status":7,"finish":null,"form":null,"formula_type":null,"fragrance_family":null,"indexable_keywords":[{"value":"color"},{"value":"カラー"},{"value":"メークアップ"},{"value":"メイクアップ"},{"value":"eyeliner"},{"value":"makeup"},{"value":"make up"},{"value":"アイライナー"},{"value":"アイペンシル"}],"is_hazmat":false,"is_product_coming_soon":null,"is_product_displayable":true,"is_product_searchable":true,"is_product_shoppable":true,"is_product_sold_out":null,"is_product_temporarily_out_of_stock":null,"is_search_suppressed":null,"key_ingredient":null,"media":{"large":null,"medium":null,"poster":null,"small":null,"videos":[{"position":null,"poster":{"height":null,"src":null,"width":null},"provider":null,"src":null},{"position":null,"poster":{"height":null,"src":null,"width":null},"provider":null,"src":null},{"position":null,"poster":{"height":null,"src":null,"width":null},"provider":null,"src":null}],"xl":null},"meta":{"description":null,"keywords":"Eyeliner"},"parent_category":[{"id":"1597","value":"アイライナー"},{"id":"1592","value":"メーク"}],"product_badge":null,"product_id":"6140","product_title_tag":null,"product_type":"Shaded","product_url":"/product/1597/6140/-/cream-shaper-for-eyes","reviews":{"average_rating":null,"number_of_questions":null,"number_of_reviews":null},"shade_groups":null,"short_description":"クリーミーなテクスチャーとリッチな発色のペンシルタイプのアイライナー。瞬時に美しいラインが完成。<BR><P class=MsoNormal style=\"MARGIN: 0mm 0mm 0pt\"><SPAN style='FONT-SIZE: 10pt; FONT-FAMILY: \"ＭＳ ゴシック\"; COLOR: #1f497d'>※現在売り切れのカラーは、</SPAN><SPAN lang=EN-US style=\"FONT-SIZE: 10pt; COLOR: #1f497d\">2016</SPAN><SPAN style='FONT-SIZE: 10pt; FONT-FAMILY: \"ＭＳ ゴシック\"; COLOR: #1f497d'>年7</SPAN><SPAN style='FONT-SIZE: 10pt; FONT-FAMILY: \"ＭＳ ゴシック\"; COLOR: #1f497d'>月25</SPAN><SPAN style='FONT-SIZE: 10pt; FONT-FAMILY: \"ＭＳ ゴシック\"; COLOR: #1f497d'>日（時間未定）に再入荷を予定しております。ご迷惑をおかけし、申し訳ありません。</SPAN><SPAN lang=EN-US style=\"FONT-SIZE: 10pt; COLOR: #1f497d\"><?xml:namespace prefix = \"o\" ns = \"urn:schemas-microsoft-com:office:office\" /><o:p></o:p></SPAN></P>","skin":null,"skin_goal":null,"skus":{"total":3,"items":[{"color_family":null,"coverage_options":null,"cross_sell":null,"display_status":7,"finish":null,"finish_options":null,"fragrances":[{"family":null,"key":null,"value":null}],"iln_listing":"シクロペンタシロキサン・パラフィン・（Ｃ１１,１２）イソパラフィン・ポリブテン・水添綿実油・ホホバ種子油・セレシン・オゾケライト・マイクロクリスタリンワックス・トコフェロール・パルミチン酸アスコルビル　＋／－　マイカ・酸化鉄・酸化チタン・グンジョウ・コンジョウ・カルミン<JILN3088>","iln_version_number":"JILN3088","inventory_status":"Active","is_active":true,"is_coming_soon":null,"is_default_sku":false,"is_discountable":true,"is_displayable":null,"is_engravable":null,"is_fragrance":null,"is_giftable":null,"is_giftwrap":false,"is_inactive":null,"is_multi_shaded":null,"is_out_of_stock":null,"is_preorder":false,"is_preorderable":null,"is_promotional":null,"is_replenishable":false,"is_search_suppressed":null,"is_searchable":true,"is_shaded":null,"is_sized":null,"is_sold_out":null,"is_under_weight_hazmat":false,"is_vto_enabled":null,"life_of_product":"Basic Reorder","material_code":"6FP2010001","media":{"large":[{"alt":"クリーム シェイパー フォー アイ","height":1200,"position":1,"src":"/media/export/cms/products/1200x1500/cl_sku_6FP201_1200x1500_0.png","type":"image","width":1500}],"medium":[{"alt":"クリーム シェイパー フォー アイ","height":600,"position":2,"src":"/media/export/cms/products/600x750/cl_sku_6FP201_600x750_0.png","type":"image","width":750}],"model":null,"poster":null,"small":[{"alt":"クリーム シェイパー フォー アイ","height":1200,"position":3,"src":"/media/export/cms/products/1200x1500/cl_sku_6FP201_1200x1500_0.png","type":"image","width":1500}],"smoosh":[{"alt":"クリーム シェイパー フォー アイ","height":1200,"position":0,"src":"/media/export/cms/products/1200x1500/swatches_v3/53_ns_ng.png","type":"image","width":1500}],"xl":null},"out_of_stock_threshold":null,"perlgem":{"SKU_BASE_ID":13435},"preorder_date":null,"prices":[{"currency":"JPY","exclude_tax":{"original_price":2200,"original_price_formatted":"¥2,200","price":2200,"price_formatted":"¥2,200","price_per_unit":null,"price_per_unit_formatted":""},"include_tax":{"original_price":2420,"original_price_formatted":"¥2,420","price":2420,"price_formatted":"¥2,420","price_per_unit":null,"price_per_unit_formatted":""},"is_discounted":false}],"purchase_limit":null,"replenishment":{"message":"Never run low on your favourites. Sign up for Auto-Ship. Learn more >"},"reviews":{"average_rating":null,"number_of_questions":null,"number_of_reviews":null},"set_components":null,"shade_groups":null,"shades":[{"description":"ほんのりシルバーパールが入ったブラック","hex_val":"#151e2c","image":{"height":null,"src":"","width":null},"name":"101 ブラック ダイアモンド","smoosh_design":{"group_id":null,"name":"53::none::none"}}],"sizes":[{"key":1,"value":null}],"skin":{"tone":null,"type":null,"type_description":null},"sku_badge":null,"sku_badge_image":null,"sku_display_order":0,"sku_id":"6FP201","sku_promo_messaging":null,"sku_type":"SE","sku_url":null,"tags":{"total":3,"items":[{"id":"27171","key":"day4flashsale","value":"Day4FlashSale"},{"id":"27172","key":"day5flashsale","value":"Day5FlashSale"},{"id":"1597","key":"アイライナー","value":"アイライナー"}]},"texture":null,"undertone":null,"unit_of_measure":null,"unit_size":null,"unit_size_formatted":null,"upc":"020714236922","vto":{"is_color_experience":null,"is_foundation_experience":null}},{"color_family":null,"coverage_options":null,"cross_sell":null,"display_status":7,"finish":null,"finish_options":null,"fragrances":[{"family":null,"key":null,"value":null}],"iln_listing":"シクロペンタシロキサン・パラフィン・（Ｃ１１,１２）イソパラフィン・ポリブテン・水添綿実油・ホホバ種子油・セレシン・オゾケライト・マイクロクリスタリンワックス・トコフェロール・パルミチン酸アスコルビル　＋／－　マイカ・酸化鉄・酸化チタン・グンジョウ・コンジョウ・カルミン<JILN3088>","iln_version_number":"JILN3088","inventory_status":"Active","is_active":true,"is_coming_soon":null,"is_default_sku":false,"is_discountable":true,"is_displayable":null,"is_engravable":null,"is_fragrance":null,"is_giftable":null,"is_giftwrap":false,"is_inactive":null,"is_multi_shaded":null,"is_out_of_stock":null,"is_preorder":false,"is_preorderable":null,"is_promotional":null,"is_replenishable":false,"is_search_suppressed":null,"is_searchable":true,"is_shaded":null,"is_sized":null,"is_sold_out":null,"is_under_weight_hazmat":false,"is_vto_enabled":null,"life_of_product":"Basic Reorder","material_code":"6FP2030001","media":{"large":[{"alt":"クリーム シェイパー フォー アイ","height":1200,"position":1,"src":"/media/export/cms/products/1200x1500/cl_sku_6FP203_1200x1500_0.png","type":"image","width":1500}],"medium":[{"alt":"クリーム シェイパー フォー アイ","height":600,"position":2,"src":"/media/export/cms/products/600x750/cl_sku_6FP203_600x750_0.png","type":"image","width":750}],"model":null,"poster":null,"small":[{"alt":"クリーム シェイパー フォー アイ","height":1200,"position":3,"src":"/media/export/cms/products/1200x1500/cl_sku_6FP203_1200x1500_0.png","type":"image","width":1500}],"smoosh":[{"alt":"クリーム シェイパー フォー アイ","height":1200,"position":0,"src":"/media/export/cms/products/1200x1500/swatches_v3/53_ns_ng.png","type":"image","width":1500}],"xl":null},"out_of_stock_threshold":null,"perlgem":{"SKU_BASE_ID":13437},"preorder_date":null,"prices":[{"currency":"JPY","exclude_tax":{"original_price":2200,"original_price_formatted":"¥2,200","price":2200,"price_formatted":"¥2,200","price_per_unit":null,"price_per_unit_formatted":""},"include_tax":{"original_price":2420,"original_price_formatted":"¥2,420","price":2420,"price_formatted":"¥2,420","price_per_unit":null,"price_per_unit_formatted":""},"is_discounted":false}],"purchase_limit":null,"replenishment":{"message":"Never run low on your favourites. Sign up for Auto-Ship. Learn more >"},"reviews":{"average_rating":null,"number_of_questions":null,"number_of_reviews":null},"set_components":null,"shade_groups":null,"shades":[{"description":"ゴールドパールの入ったブラックがかったグリーン","hex_val":"#46372b","image":{"height":null,"src":"","width":null},"name":"103 エジプシャン","smoosh_design":{"group_id":null,"name":"53::none::none"}}],"sizes":[{"key":1,"value":null}],"skin":{"tone":null,"type":null,"type_description":null},"sku_badge":null,"sku_badge_image":null,"sku_display_order":1,"sku_id":"6FP203","sku_promo_messaging":null,"sku_type":"SE","sku_url":null,"tags":{"total":5,"items":[{"id":"27171","key":"day4flashsale","value":"Day4FlashSale"},{"id":"27174","key":"day7flashsale","value":"Day7FlashSale"},{"id":"9423","key":"coral-crush-trend","value":"Coral Crush Trend"},{"id":"27172","key":"day5flashsale","value":"Day5FlashSale"},{"id":"1597","key":"アイライナー","value":"アイライナー"}]},"texture":null,"undertone":null,"unit_of_measure":null,"unit_size":null,"unit_size_formatted":null,"upc":"020714236946","vto":{"is_color_experience":null,"is_foundation_experience":null}},{"color_family":null,"coverage_options":null,"cross_sell":null,"display_status":7,"finish":null,"finish_options":null,"fragrances":[{"family":null,"key":null,"value":null}],"iln_listing":"シクロペンタシロキサン・パラフィン・（Ｃ１１,１２）イソパラフィン・ポリブテン・水添綿実油・ホホバ種子油・セレシン・オゾケライト・マイクロクリスタリンワックス・トコフェロール・パルミチン酸アスコルビル　＋／－　マイカ・酸化鉄・酸化チタン・グンジョウ・コンジョウ・カルミン<JILN3088>","iln_version_number":"JILN3088","inventory_status":"Active","is_active":true,"is_coming_soon":null,"is_default_sku":false,"is_discountable":true,"is_displayable":null,"is_engravable":null,"is_fragrance":null,"is_giftable":null,"is_giftwrap":false,"is_inactive":null,"is_multi_shaded":null,"is_out_of_stock":null,"is_preorder":false,"is_preorderable":null,"is_promotional":null,"is_replenishable":false,"is_search_suppressed":null,"is_searchable":true,"is_shaded":null,"is_sized":null,"is_sold_out":null,"is_under_weight_hazmat":false,"is_vto_enabled":null,"life_of_product":"Basic Reorder","material_code":"6FP2050001","media":{"large":[{"alt":"クリーム シェイパー フォー アイ","height":1200,"position":1,"src":"/media/export/cms/products/1200x1500/cl_sku_6FP205_1200x1500_0.png","type":"image","width":1500}],"medium":[{"alt":"クリーム シェイパー フォー アイ","height":600,"position":2,"src":"/media/export/cms/products/600x750/cl_sku_6FP205_600x750_0.png","type":"image","width":750}],"model":null,"poster":null,"small":[{"alt":"クリーム シェイパー フォー アイ","height":1200,"position":3,"src":"/media/export/cms/products/1200x1500/cl_sku_6FP205_1200x1500_0.png","type":"image","width":1500}],"smoosh":[{"alt":"クリーム シェイパー フォー アイ","height":1200,"position":0,"src":"/media/export/cms/products/1200x1500/swatches_v3/53_ns_ng.png","type":"image","width":1500}],"xl":null},"out_of_stock_threshold":null,"perlgem":{"SKU_BASE_ID":13439},"preorder_date":null,"prices":[{"currency":"JPY","exclude_tax":{"original_price":2200,"original_price_formatted":"¥2,200","price":2200,"price_formatted":"¥2,200","price_per_unit":null,"price_per_unit_formatted":""},"include_tax":{"original_price":2420,"original_price_formatted":"¥2,420","price":2420,"price_formatted":"¥2,420","price_per_unit":null,"price_per_unit_formatted":""},"is_discounted":false}],"purchase_limit":null,"replenishment":{"message":"Never run low on your favourites. Sign up for Auto-Ship. Learn more >"},"reviews":{"average_rating":null,"number_of_questions":null,"number_of_reviews":null},"set_components":null,"shade_groups":null,"shades":[{"description":"ブロンズパールの入ったチョコレートブラウン","hex_val":"#4e2f2d","image":{"height":null,"src":"","width":null},"name":"105 チョコレート ラスター","smoosh_design":{"group_id":null,"name":"53::none::none"}}],"sizes":[{"key":1,"value":null}],"skin":{"tone":null,"type":null,"type_description":null},"sku_badge":null,"sku_badge_image":null,"sku_display_order":3,"sku_id":"6FP205","sku_promo_messaging":null,"sku_type":"SE","sku_url":null,"tags":{"total":4,"items":[{"id":"27171","key":"day4flashsale","value":"Day4FlashSale"},{"id":"27174","key":"day7flashsale","value":"Day7FlashSale"},{"id":"27172","key":"day5flashsale","value":"Day5FlashSale"},{"id":"1597","key":"アイライナー","value":"アイライナー"}]},"texture":null,"undertone":null,"unit_of_measure":null,"unit_size":null,"unit_size_formatted":null,"upc":"020714236960","vto":{"is_color_experience":null,"is_foundation_experience":null}}]},"sub_display_name":"クリーム シェイパー フォー アイ","sub_header":null,"tags":{"total":5,"items":[{"id":"27171","key":"day4flashsale","parent_tag_id":"1590","product_display_order":12,"value":"Day4FlashSale"},{"id":"27174","key":"day7flashsale","parent_tag_id":"1590","product_display_order":0,"value":"Day7FlashSale"},{"id":"9423","key":"coral-crush-trend","parent_tag_id":"9420","product_display_order":10,"value":"Coral Crush Trend"},{"id":"27172","key":"day5flashsale","parent_tag_id":"1590","product_display_order":0,"value":"Day5FlashSale"},{"id":"1597","key":"アイライナー","parent_tag_id":"1592","product_display_order":4,"value":"アイライナー"}]},"usage":[{"content":"まつげとまつげの間を埋めるようにラインを描きます。ペンシルは付属のシャープナーで削ってご使用下さい。","label":"PRODUCT USAGE","type":"product_usage"},{"content":null,"label":"HOW DOES IT WORK","type":"how_does_it_work"},{"content":null,"label":"WHO IT IS FOR","type":"who_it_is_for"},{"content":null,"label":"GREAT TO KNOW","type":"great_to_know"},{"content":null,"label":"WHAT_IT_DOES","type":"what_it_does"},{"content":null,"label":"WHAT_IT_IS","type":"what_it_is"}],"objectID":"6140"},{"benefit":{"statement":null,"benefits":null},"brand":null,"collection":null,"coverage":null,"cross_sell":[{"sku_id":"6AK801","sort_key":1},{"sku_id":"7G2K01","sort_key":2},{"sku_id":"7JJ001","sort_key":3},{"sku_id":"7F1C01","sort_key":4},{"sku_id":"7AY401","sort_key":5},{"sku_id":"7G2K01","sort_key":6}],"default_category":{"id":"14706","key":"スペシャルケア"},"description":"口もと用の集中トリートメント。保湿成分配合で、ぷるんとした弾むような唇を目指します。","display_mode":null,"display_name":"リペアウェア インテンシブ<br>リップ トリートメント","display_status":7,"finish":null,"form":null,"formula_type":null,"fragrance_family":null,"indexable_keywords":[{"value":"リペア"},{"value":"トリートメント"},{"value":"スキンケア"},{"value":"skincare"},{"value":"skin care"},{"value":"潤いケア"},{"value":"モイスチャライザー"},{"value":"保湿"},{"value":"保湿ケア"},{"value":"アンチエイジング"},{"value":"老化"},{"value":"しわ"},{"value":"小じわ"},{"value":"小ジワ"},{"value":"シワ"},{"value":"乾燥"},{"value":"リップケア"},{"value":"リップトリートメン"},{"value":"リペアウェア"}],"is_hazmat":false,"is_product_coming_soon":null,"is_product_displayable":true,"is_product_searchable":true,"is_product_shoppable":true,"is_product_sold_out":null,"is_product_temporarily_out_of_stock":null,"is_search_suppressed":null,"key_ingredient":null,"media":{"large":null,"medium":null,"poster":null,"small":null,"videos":[{"position":null,"poster":{"height":null,"src":null,"width":null},"provider":null,"src":null},{"position":null,"poster":{"height":null,"src":null,"width":null},"provider":null,"src":null},{"position":null,"poster":{"height":null,"src":null,"width":null},"provider":null,"src":null}],"xl":null},"meta":{"description":null,"keywords":"Repair, wear, MOISTURE, stick, Wrinkles, repairware, age, ware, age"},"parent_category":[{"id":"14706","value":"スペシャルケア"},{"id":"1667","value":"スキンケア"}],"product_badge":null,"product_id":"6152","product_title_tag":null,"product_type":"Other","product_url":"/product/14706/6152/repairwear","reviews":{"average_rating":null,"number_of_questions":null,"number_of_reviews":null},"shade_groups":null,"short_description":"口もと用の集中トリートメント。 ","skin":null,"skin_goal":null,"skus":{"total":1,"items":[{"color_family":null,"coverage_options":null,"cross_sell":null,"display_status":7,"finish":null,"finish_options":null,"fragrances":[{"family":null,"key":null,"value":null}],"iln_listing":"オクチルドデカノール・マイカ・(アジピン酸/カプリン酸/カプリル酸/ヘプタン酸）ペンタエリスリチル・ワセリン・ビスジグリセリルポリアシルアジペート－２・ポリエチレン・水添ジリノレイルアルコール・ステアロキシメチルポリシロキサン・シリカ・ポリブテン・マイクロクリスタリンワックス・水・ヒドロキシエチルエチルセルロース・セスキステアリン酸メチルグルコース・エチルセルロース・ＰＣＡラウリル・（Ｃ２０－４０）パレス－１０・コレステロール・アストロカリウムムルムル脂・コーヒー種子エキス・スクワラン・リノール酸・酢酸トコフェロール・グリセリン・エチルヘキシルグリセリン・イソステアリン酸ポリグリセリル－４・オレイン酸・セチルジメチコンコポリオール・ラウリン酸ヘキシル・ヨーロッパシラカバ樹皮エキス・ＢＨＴ・メタクリル酸アリルクロスポリマー・ブクリョウエキス・オオムギエキス・リノレン酸・ジカプリン酸ＰＧ・フィトスフィンゴシン・ダイズタンパク・コムギ胚芽油・レシチン・アセチルカルニチンHCl・ＲＮＡ－Ｎａ・コレステロール（羊毛）・イタドリ根エキス・シア脂・テオブロマグランジフロルム種子脂・黄４・炭酸Ｃａ・赤２０２・ローズマリーエキス・マレイン酸アスコルビルトコフェリル・セイヨウハッカ油・トリ（カプリル酸／カプリン酸）グリセリル・ＢＧ・硫酸Ｋ・ノルジヒドログアイアレチン酸・サッカロミセス溶解質エキス・トリエトキシカプリリルシラン・ロブスタコーヒーノキ種子エキス・ステアリン酸エチルヘキシル・カルボマー・パルミチン酸エチルヘキシル・キサンタンガム・ＤＮＡ－Ｎａ<JILN2962>","iln_version_number":"JILN2962","inventory_status":"Active","is_active":true,"is_coming_soon":null,"is_default_sku":false,"is_discountable":true,"is_displayable":null,"is_engravable":null,"is_fragrance":null,"is_giftable":null,"is_giftwrap":false,"is_inactive":null,"is_multi_shaded":null,"is_out_of_stock":null,"is_preorder":false,"is_preorderable":null,"is_promotional":null,"is_replenishable":false,"is_search_suppressed":null,"is_searchable":true,"is_shaded":null,"is_sized":null,"is_sold_out":null,"is_under_weight_hazmat":false,"is_vto_enabled":null,"life_of_product":"Basic Reorder","material_code":"6FGH010001","media":{"large":[{"alt":"リペアウェア インテンシブ<br>リップ トリートメント","height":1200,"position":0,"src":"/media/export/cms/products/1200x1500/cl_sku_6FGH01_1200x1500_0.png","type":"image","width":1500}],"medium":[{"alt":"リペアウェア インテンシブ<br>リップ トリートメント","height":600,"position":1,"src":"/media/export/cms/products/600x750/cl_sku_6FGH01_600x750_0.png","type":"image","width":750}],"model":null,"poster":null,"small":[{"alt":"リペアウェア インテンシブ<br>リップ トリートメント","height":1200,"position":2,"src":"/media/export/cms/products/1200x1500/cl_sku_6FGH01_1200x1500_0.png","type":"image","width":1500}],"smoosh":null,"xl":null},"out_of_stock_threshold":null,"perlgem":{"SKU_BASE_ID":13392},"preorder_date":null,"prices":[{"currency":"JPY","exclude_tax":{"original_price":4000,"original_price_formatted":"¥4,000","price":4000,"price_formatted":"¥4,000","price_per_unit":null,"price_per_unit_formatted":""},"include_tax":{"original_price":4400,"original_price_formatted":"¥4,400","price":4400,"price_formatted":"¥4,400","price_per_unit":null,"price_per_unit_formatted":""},"is_discounted":false}],"purchase_limit":null,"replenishment":{"message":"Recommended Auto-Ship cycle: 4 weeks  Learn more >"},"reviews":{"average_rating":null,"number_of_questions":null,"number_of_reviews":null},"set_components":null,"shade_groups":null,"shades":null,"sizes":[{"key":1,"value":null}],"skin":{"tone":null,"type":null,"type_description":null},"sku_badge":null,"sku_badge_image":null,"sku_display_order":1,"sku_id":"6FGH01","sku_promo_messaging":null,"sku_type":"SE","sku_url":null,"tags":{"total":8,"items":[{"id":"14706","key":"スペシャルケア","value":"スペシャルケア"},{"id":"25356","key":"lip-care","value":"Lip Care"},{"id":"1683","key":"アイ-リップ-ケア","value":"アイ & リップ ケア"},{"id":"27174","key":"day7flashsale","value":"Day7FlashSale"},{"id":"13304","key":"スペシャルケア","value":"スペシャルケア"},{"id":"27169","key":"day2flashsale","value":"Day2FlashSale"},{"id":"1674","key":"ディ-エイジング","value":"ディ-エイジング"},{"id":"27172","key":"day5flashsale","value":"Day5FlashSale"}]},"texture":null,"undertone":null,"unit_of_measure":null,"unit_size":null,"unit_size_formatted":null,"upc":"020714233907","vto":{"is_color_experience":null,"is_foundation_experience":null}}]},"sub_display_name":"リペアウェア インテンシブ<br>リップ トリートメント","sub_header":null,"tags":{"total":8,"items":[{"id":"14706","key":"スペシャルケア","parent_tag_id":"1667","product_display_order":40,"value":"スペシャルケア"},{"id":"25356","key":"lip-care","parent_tag_id":"1667","product_display_order":0,"value":"Lip Care"},{"id":"1683","key":"アイ-リップ-ケア","parent_tag_id":"1667","product_display_order":14,"value":"アイ & リップ ケア"},{"id":"27174","key":"day7flashsale","parent_tag_id":"1590","product_display_order":0,"value":"Day7FlashSale"},{"id":"13304","key":"スペシャルケア","parent_tag_id":"1667","product_display_order":35,"value":"スペシャルケア"},{"id":"27169","key":"day2flashsale","parent_tag_id":"1590","product_display_order":0,"value":"Day2FlashSale"},{"id":"1674","key":"ディ-エイジング","parent_tag_id":"1667","product_display_order":12,"value":"ディ-エイジング"},{"id":"27172","key":"day5flashsale","parent_tag_id":"1590","product_display_order":117,"value":"Day5FlashSale"}]},"usage":[{"content":"<ul><li>朝と晩にお使いください。</li><li>朝はリップカラーを塗る前にお使いください。</li></ul>","label":"PRODUCT USAGE","type":"product_usage"},{"content":null,"label":"HOW DOES IT WORK","type":"how_does_it_work"},{"content":null,"label":"WHO IT IS FOR","type":"who_it_is_for"},{"content":null,"label":"GREAT TO KNOW","type":"great_to_know"},{"content":null,"label":"WHAT_IT_DOES","type":"what_it_does"},{"content":null,"label":"WHAT_IT_IS","type":"what_it_is"}],"objectID":"6152"},{"benefit":{"statement":null,"benefits":null},"brand":null,"collection":null,"coverage":null,"cross_sell":[{"sku_id":"6K0G01","sort_key":1},{"sku_id":"7WJ801","sort_key":2},{"sku_id":"79AE64","sort_key":3},{"sku_id":"6KNA01","sort_key":4},{"sku_id":"7F1C01","sort_key":5},{"sku_id":"68LE01","sort_key":6}],"default_category":{"id":"1668","key":"アクネ"},"description":"＜医薬部外品＞<BR>過剰な皮脂をコントロールし、ニキビを予防する、洗い流すタイプのクレイ マスク。肌表面や毛穴の中の余分な皮脂をクレイ（泥）が吸着して取り除き、ニキビができにくい清潔な肌に整えます。<BR>オール スキンタイプ","display_mode":null,"display_name":"アクネ オイル コントロール クレンジング マスク(医薬部外品）","display_status":7,"finish":null,"form":null,"formula_type":null,"fragrance_family":null,"indexable_keywords":[{"value":"acne"},{"value":"アクネ"},{"value":"ニキビ"},{"value":"にきび"},{"value":"トリートメント"},{"value":"スキンケア"},{"value":"skincare"},{"value":"skin care"},{"value":"フォーム"},{"value":"洗顔ソープ"},{"value":"ソープ"},{"value":"薬用"}],"is_hazmat":false,"is_product_coming_soon":null,"is_product_displayable":true,"is_product_searchable":true,"is_product_shoppable":true,"is_product_sold_out":null,"is_product_temporarily_out_of_stock":null,"is_search_suppressed":null,"key_ingredient":null,"media":{"large":null,"medium":null,"poster":null,"small":null,"videos":[{"position":null,"poster":{"height":null,"src":null,"width":null},"provider":null,"src":null},{"position":null,"poster":{"height":null,"src":null,"width":null},"provider":null,"src":null},{"position":null,"poster":{"height":null,"src":null,"width":null},"provider":null,"src":null}],"xl":null},"meta":{"description":null,"keywords":"acne,アクネ,ニキビ,にきび,トリートメント,スキンケア,skincare,skin care,フォーム,洗顔ソープ,ソープ,薬用"},"parent_category":[{"id":"1668","value":"アクネ"},{"id":"1667","value":"スキンケア"}],"product_badge":null,"product_id":"6179","product_title_tag":null,"product_type":"Sized","product_url":"/product/1668/6179/-/anti-blemish-solutions","reviews":{"average_rating":null,"number_of_questions":null,"number_of_reviews":null},"shade_groups":null,"short_description":"過剰な皮脂をコントロールし、ニキビを予防する、洗い流すタイプのクレイ マスク。ニキビができにくい清潔な肌に整えます。＜医薬部外品＞<BR>オール スキンタイプ","skin":null,"skin_goal":null,"skus":{"total":1,"items":[{"color_family":null,"coverage_options":null,"cross_sell":null,"display_status":7,"finish":null,"finish_options":null,"fragrances":[{"family":null,"key":null,"value":null}],"iln_listing":"サリチル酸*、精製水、カオリン、１，３－ブチレングリコール、ケイ酸アルミニウムマグネシウム、酸化チタン、ヤシ油脂肪酸メチルタウリンナトリウム液、モノステアリン酸ポリエチレングリコール、親油型モノステアリン酸グリセリル、キサンタンガム、Ｎ－アセチルグルコサミン、Ｌ－アルギニン、１，２－オクタンジオール、白糖、ゲンチアナエキス、エデト酸塩、アロエ液汁末（２）、酢酸トコフェロール、水素添加大豆リン脂質、ローマカミツレ油、海藻エキス（４）、海藻エキス（１）、フェノキシエタノール、クロルフェネシン、ソルビン酸、ソルビン酸塩<QDILN0150>　*は有効成分　無印はその他の成分","iln_version_number":null,"inventory_status":"Active","is_active":true,"is_coming_soon":null,"is_default_sku":false,"is_discountable":true,"is_displayable":null,"is_engravable":null,"is_fragrance":null,"is_giftable":null,"is_giftwrap":false,"is_inactive":null,"is_multi_shaded":null,"is_out_of_stock":null,"is_preorder":false,"is_preorderable":null,"is_promotional":null,"is_replenishable":false,"is_search_suppressed":null,"is_searchable":true,"is_shaded":null,"is_sized":null,"is_sold_out":null,"is_under_weight_hazmat":false,"is_vto_enabled":null,"life_of_product":"Basic Reorder","material_code":"68G5010001","media":{"large":[{"alt":"アクネ オイル コントロール クレンジング マスク(医薬部外品）","height":1200,"position":0,"src":"/media/export/cms/products/1200x1500/cl_sku_68G501_1200x1500_0.png","type":"image","width":1500}],"medium":[{"alt":"アクネ オイル コントロール クレンジング マスク(医薬部外品）","height":600,"position":1,"src":"/media/export/cms/products/600x750/cl_sku_68G501_600x750_0.png","type":"image","width":750}],"model":null,"poster":null,"small":[{"alt":"アクネ オイル コントロール クレンジング マスク(医薬部外品）","height":1200,"position":2,"src":"/media/export/cms/products/1200x1500/cl_sku_68G501_1200x1500_0.png","type":"image","width":1500}],"smoosh":null,"xl":null},"out_of_stock_threshold":null,"perlgem":{"SKU_BASE_ID":12596},"preorder_date":null,"prices":[{"currency":"JPY","exclude_tax":{"original_price":3000,"original_price_formatted":"¥3,000","price":3000,"price_formatted":"¥3,000","price_per_unit":null,"price_per_unit_formatted":""},"include_tax":{"original_price":3300,"original_price_formatted":"¥3,300","price":3300,"price_formatted":"¥3,300","price_per_unit":null,"price_per_unit_formatted":""},"is_discounted":false}],"purchase_limit":null,"replenishment":{"message":"Recommended Auto-Ship cycle: 12 weeks  Learn more >"},"reviews":{"average_rating":null,"number_of_questions":null,"number_of_reviews":null},"set_components":null,"shade_groups":null,"shades":null,"sizes":[{"key":1,"value":"100mL"}],"skin":{"tone":null,"type":null,"type_description":null},"sku_badge":null,"sku_badge_image":null,"sku_display_order":0,"sku_id":"68G501","sku_promo_messaging":null,"sku_type":"SE","sku_url":null,"tags":{"total":10,"items":[{"id":"1979","key":"acne-solutions","value":"Acne Solutions"},{"id":"15036","key":"マスク","value":"マスク"},{"id":"14598","key":"アクネ","value":"アクネ"},{"id":"16741","key":"blackheads","value":"Blackheads"},{"id":"1672","key":"スペシャルケア","value":"スペシャルケア"},{"id":"1668","key":"アクネ","value":"アクネ"},{"id":"13304","key":"スペシャルケア","value":"スペシャルケア"},{"id":"14706","key":"スペシャルケア","value":"スペシャルケア"},{"id":"12796","key":"oil-control","value":"Oil-Control"},{"id":"12517","key":"oil-free","value":"Oil-Free"}]},"texture":null,"undertone":null,"unit_of_measure":null,"unit_size":null,"unit_size_formatted":null,"upc":"020714336615","vto":{"is_color_experience":null,"is_foundation_experience":null}}]},"sub_display_name":"アクネ オイル コントロール クレンジング マスク(医薬部外品）","sub_header":null,"tags":{"total":10,"items":[{"id":"1979","key":"acne-solutions","parent_tag_id":"1668","product_display_order":5,"value":"Acne Solutions"},{"id":"15036","key":"マスク","parent_tag_id":"1667","product_display_order":3,"value":"マスク"},{"id":"14598","key":"アクネ","parent_tag_id":"1570","product_display_order":5,"value":"アクネ"},{"id":"16741","key":"blackheads","parent_tag_id":"1667","product_display_order":18,"value":"Blackheads"},{"id":"1672","key":"スペシャルケア","parent_tag_id":"1668","product_display_order":4,"value":"スペシャルケア"},{"id":"1668","key":"アクネ","parent_tag_id":"1667","product_display_order":13,"value":"アクネ"},{"id":"13304","key":"スペシャルケア","parent_tag_id":"1667","product_display_order":50,"value":"スペシャルケア"},{"id":"14706","key":"スペシャルケア","parent_tag_id":"1667","product_display_order":21,"value":"スペシャルケア"},{"id":"12796","key":"oil-control","parent_tag_id":"1667","product_display_order":0,"value":"Oil-Control"},{"id":"12517","key":"oil-free","parent_tag_id":"1667","product_display_order":26,"value":"Oil-Free"}]},"usage":[{"content":"洗顔後、乾いた清潔な肌にご使用ください。目のまわり、眉、髪の生え際を避けて、肌が隠れる程度に薄くのばします。約5分後、ぬるま湯でよく洗い流します。その後、アクネ クラリファイング ローション、アクネ クリアリング モイスチャライザーをお使いください。週に2～3回のご使用をおすすめします。","label":"PRODUCT USAGE","type":"product_usage"},{"content":null,"label":"HOW DOES IT WORK","type":"how_does_it_work"},{"content":null,"label":"WHO IT IS FOR","type":"who_it_is_for"},{"content":null,"label":"GREAT TO KNOW","type":"great_to_know"},{"content":null,"label":"WHAT_IT_DOES","type":"what_it_does"},{"content":null,"label":"WHAT_IT_IS","type":"what_it_is"}],"objectID":"6179"},{"benefit":{"statement":null,"benefits":null},"brand":null,"collection":null,"coverage":null,"cross_sell":[{"sku_id":"6F4G01","sort_key":1},{"sku_id":"68LE01","sort_key":2},{"sku_id":"6K9P01","sort_key":3},{"sku_id":"6K9P01","sort_key":4},{"sku_id":"6F4G01","sort_key":5},{"sku_id":"7JHT01","sort_key":6}],"default_category":{"id":"1608","key":"メークツール"},"description":"使いやすいコシのある極細の毛先で繊細なラインが自由自在に描けるアイ ライナーブラシ。","display_mode":null,"display_name":"アイ ライナー ブラシ","display_status":7,"finish":null,"form":null,"formula_type":null,"fragrance_family":null,"indexable_keywords":[{"value":"アイライナーブラシ"},{"value":"メークアップブラシ"}],"is_hazmat":false,"is_product_coming_soon":null,"is_product_displayable":true,"is_product_searchable":true,"is_product_shoppable":true,"is_product_sold_out":null,"is_product_temporarily_out_of_stock":null,"is_search_suppressed":null,"key_ingredient":null,"media":{"large":null,"medium":null,"poster":null,"small":null,"videos":[{"position":null,"poster":{"height":null,"src":null,"width":null},"provider":null,"src":null},{"position":null,"poster":{"height":null,"src":null,"width":null},"provider":null,"src":null},{"position":null,"poster":{"height":null,"src":null,"width":null},"provider":null,"src":null}],"xl":null},"meta":{"description":null,"keywords":"eyeliner, brushes, liner"},"parent_category":[{"id":"1608","value":"メークツール"},{"id":"1592","value":"メーク"}],"product_badge":null,"product_id":"6219","product_title_tag":null,"product_type":"Other","product_url":"/product/1608/6219/eye-liner-brush","reviews":{"average_rating":null,"number_of_questions":null,"number_of_reviews":null},"shade_groups":null,"short_description":"使いやすいコシのある極細の毛先で繊細なラインが自由自在に描けるアイ ライナーブラシ。","skin":null,"skin_goal":null,"skus":{"total":1,"items":[{"color_family":null,"coverage_options":null,"cross_sell":null,"display_status":7,"finish":null,"finish_options":null,"fragrances":[{"family":null,"key":null,"value":null}],"iln_listing":null,"iln_version_number":null,"inventory_status":"Active","is_active":true,"is_coming_soon":null,"is_default_sku":false,"is_discountable":true,"is_displayable":null,"is_engravable":null,"is_fragrance":null,"is_giftable":null,"is_giftwrap":false,"is_inactive":null,"is_multi_shaded":null,"is_out_of_stock":null,"is_preorder":false,"is_preorderable":null,"is_promotional":null,"is_replenishable":false,"is_search_suppressed":null,"is_searchable":true,"is_shaded":null,"is_sized":null,"is_sold_out":null,"is_under_weight_hazmat":false,"is_vto_enabled":null,"life_of_product":"Basic Reorder","material_code":"6KK1010002","media":{"large":[{"alt":"アイ ライナー ブラシ","height":1200,"position":0,"src":"/media/export/cms/products/1200x1500/cl_sku_6KK101_1200x1500_0.png","type":"image","width":1500}],"medium":[{"alt":"アイ ライナー ブラシ","height":600,"position":1,"src":"/media/export/cms/products/600x750/cl_sku_6KK101_600x750_0.png","type":"image","width":750}],"model":null,"poster":null,"small":[{"alt":"アイ ライナー ブラシ","height":1200,"position":2,"src":"/media/export/cms/products/1200x1500/cl_sku_6KK101_1200x1500_0.png","type":"image","width":1500}],"smoosh":null,"xl":null},"out_of_stock_threshold":null,"perlgem":{"SKU_BASE_ID":13857},"preorder_date":null,"prices":[{"currency":"JPY","exclude_tax":{"original_price":2800,"original_price_formatted":"¥2,800","price":2800,"price_formatted":"¥2,800","price_per_unit":null,"price_per_unit_formatted":""},"include_tax":{"original_price":3080,"original_price_formatted":"¥3,080","price":3080,"price_formatted":"¥3,080","price_per_unit":null,"price_per_unit_formatted":""},"is_discounted":false}],"purchase_limit":null,"replenishment":{"message":"Never run low on your favourites. Sign up for Auto-Ship. Learn more >"},"reviews":{"average_rating":null,"number_of_questions":null,"number_of_reviews":null},"set_components":null,"shade_groups":null,"shades":null,"sizes":[{"key":1,"value":null}],"skin":{"tone":null,"type":null,"type_description":null},"sku_badge":null,"sku_badge_image":null,"sku_display_order":0,"sku_id":"6KK101","sku_promo_messaging":null,"sku_type":"SE","sku_url":null,"tags":{"total":6,"items":[{"id":"27170","key":"day3flashsale","value":"Day3FlashSale"},{"id":"19288","key":"スペシャルセール","value":"スペシャルセール"},{"id":"27174","key":"day7flashsale","value":"Day7FlashSale"},{"id":"27172","key":"day5flashsale","value":"Day5FlashSale"},{"id":"1608","key":"メークツール","value":"メークツール"},{"id":"25565","key":"justarrivednew","value":"justarrivednew"}]},"texture":null,"undertone":null,"unit_of_measure":null,"unit_size":null,"unit_size_formatted":null,"upc":"020714290467","vto":{"is_color_experience":null,"is_foundation_experience":null}}]},"sub_display_name":"アイ ライナー ブラシ","sub_header":null,"tags":{"total":6,"items":[{"id":"27170","key":"day3flashsale","parent_tag_id":"1590","product_display_order":0,"value":"Day3FlashSale"},{"id":"19288","key":"スペシャルセール","parent_tag_id":"1590","product_display_order":0,"value":"スペシャルセール"},{"id":"27174","key":"day7flashsale","parent_tag_id":"1590","product_display_order":0,"value":"Day7FlashSale"},{"id":"27172","key":"day5flashsale","parent_tag_id":"1590","product_display_order":73,"value":"Day5FlashSale"},{"id":"1608","key":"メークツール","parent_tag_id":"1592","product_display_order":9,"value":"メークツール"},{"id":"25565","key":"justarrivednew","parent_tag_id":null,"product_display_order":1,"value":"justarrivednew"}]},"usage":[{"content":"お手入れは、専用のブラシ クレンザーをご使用ください。","label":"PRODUCT USAGE","type":"product_usage"},{"content":null,"label":"HOW DOES IT WORK","type":"how_does_it_work"},{"content":null,"label":"WHO IT IS FOR","type":"who_it_is_for"},{"content":null,"label":"GREAT TO KNOW","type":"great_to_know"},{"content":null,"label":"WHAT_IT_DOES","type":"what_it_does"},{"content":null,"label":"WHAT_IT_IS","type":"what_it_is"}],"objectID":"6219"},{"benefit":{"statement":null,"benefits":null},"brand":null,"collection":null,"coverage":null,"cross_sell":[{"sku_id":"69KL01","sort_key":1},{"sku_id":"68LE01","sort_key":2},{"sku_id":"6EM601","sort_key":3},{"sku_id":"60QH61","sort_key":4},{"sku_id":"6CY401","sort_key":5},{"sku_id":"71MC01","sort_key":6}],"default_category":{"id":"13305","key":"メーク下地uvケア"},"description":"紫外線(Ａ波・Ｂ波）、赤外線から肌を保護する日焼け止めクリーム。高温多湿な過酷な環境下でも、肌に透明なバリアをつくることで有害な太陽光線を跳ね返し、ダメージを防ぎます。なめらかにのび、キメを整えるので、メーク下地としても最適。　SPF40/PA++<BR>オール スキンタイプ","display_mode":null,"display_name":"スーパー シティ ブロック 40","display_status":7,"finish":null,"form":null,"formula_type":null,"fragrance_family":null,"indexable_keywords":[{"value":"日焼け止め;メーク下地"},{"value":"SPF40"},{"value":"日焼け"},{"value":"紫外線"},{"value":"シティ ブロック"},{"value":"シティブロック"},{"value":"下地"},{"value":"化粧下地"}],"is_hazmat":false,"is_product_coming_soon":null,"is_product_displayable":true,"is_product_searchable":true,"is_product_shoppable":true,"is_product_sold_out":null,"is_product_temporarily_out_of_stock":null,"is_search_suppressed":null,"key_ingredient":null,"media":{"large":null,"medium":null,"poster":null,"small":null,"videos":[{"position":null,"poster":{"height":null,"src":null,"width":null},"provider":null,"src":null},{"position":null,"poster":{"height":null,"src":null,"width":null},"provider":null,"src":null},{"position":null,"poster":{"height":null,"src":null,"width":null},"provider":null,"src":null}],"xl":null},"meta":{"description":null,"keywords":"sunscreen, sun, screen, primer"},"parent_category":[{"id":"13305","value":"メーク下地・UVケア"},{"id":"1667","value":"スキンケア"}],"product_badge":null,"product_id":"6236","product_title_tag":null,"product_type":"Other","product_url":"/product/13305/6236/uv/-40/super-city-block-spf40","reviews":{"average_rating":null,"number_of_questions":null,"number_of_reviews":null},"shade_groups":null,"short_description":"紫外線(Ａ波・Ｂ波）、赤外線から肌を保護する日焼け止めクリーム。メーク下地としても最適。SPF40/PA++<BR>オール スキンタイプ","skin":null,"skin_goal":null,"skus":{"total":1,"items":[{"color_family":null,"coverage_options":null,"cross_sell":null,"display_status":7,"finish":null,"finish_options":null,"fragrances":[{"family":null,"key":null,"value":null}],"iln_listing":"水・トリイソステアリン酸イソプロピルチタン・メトキシケイヒ酸エチルヘキシル・ＢＧ・酸化チタン・クエン酸トリオクチルドデシル・ステアリン酸・水酸化Ａｌ・ジメチコン・ネオペンタン酸オクチルドデシル・ステアレス－２・サリチル酸オクチル・シリカ・レシチン・硫酸Ｂａ・トリステアリン酸ソルビタン・ケイ酸（Ａｌ／Ｍｇ）・ポリリシノレイン酸ポリグリセリル・ポリエチレン・酵母エキス・カプリリルグリコール・酸化鉄・スクワラン・トリカプリリン・セテス－２・ステアリン酸ＰＥＧ－４０・ジメチコンコポリオール・キサンタンガム・フェノキシエタノール・酸化亜鉛・ステアレス－２０・ＥＤＴＡ－２Ｎａ・酢酸トコフェロール・マイカ・ジカプリン酸ＰＧ・ステアリン酸Ｎａ・ＲＮＡ－Ｎａ・ＢＨＴ・グリチルリチン酸２Ｋ・ヘキシレングリコール・ヒマワリ油粕・パンテチン・ローズマリーエキス・ゲンチアナエキス・ローマカミツレ花油・グリセリン・クエン酸・リン酸アスコルビルＭｇ・オオムギエキス・甘草フラボノイド・ヨーロッパシラカバ樹皮エキス・グルコース・キュウリ果実エキス・イザヨイバラエキス・サッカロミセス溶解質エキス・トウキ根エキス・ナツメ果実エキス・ブクリョウエキス・クチナシエキス・ウンシュウミカン果皮エキス・シャクヤク根エキス・ベニバナエキス・ボタンエキス・紅藻エキス<JILN2798>","iln_version_number":"JILN2798","inventory_status":"Active","is_active":true,"is_coming_soon":null,"is_default_sku":false,"is_discountable":true,"is_displayable":null,"is_engravable":null,"is_fragrance":null,"is_giftable":null,"is_giftwrap":false,"is_inactive":null,"is_multi_shaded":null,"is_out_of_stock":null,"is_preorder":false,"is_preorderable":null,"is_promotional":null,"is_replenishable":false,"is_search_suppressed":null,"is_searchable":true,"is_shaded":null,"is_sized":null,"is_sold_out":null,"is_under_weight_hazmat":false,"is_vto_enabled":null,"life_of_product":"Basic Reorder","material_code":"6GEN010001","media":{"large":[{"alt":"スーパー シティ ブロック 40","height":1200,"position":0,"src":"/media/export/cms/products/1200x1500/cl_sku_6GEN01_1200x1500_0.png","type":"image","width":1500}],"medium":[{"alt":"スーパー シティ ブロック 40","height":600,"position":1,"src":"/media/export/cms/products/600x750/cl_sku_6GEN01_600x750_0.png","type":"image","width":750}],"model":null,"poster":null,"small":[{"alt":"スーパー シティ ブロック 40","height":1200,"position":2,"src":"/media/export/cms/products/1200x1500/cl_sku_6GEN01_1200x1500_0.png","type":"image","width":1500}],"smoosh":null,"xl":null},"out_of_stock_threshold":null,"perlgem":{"SKU_BASE_ID":13550},"preorder_date":null,"prices":[{"currency":"JPY","exclude_tax":{"original_price":5200,"original_price_formatted":"¥5,200","price":5200,"price_formatted":"¥5,200","price_per_unit":null,"price_per_unit_formatted":""},"include_tax":{"original_price":5720,"original_price_formatted":"¥5,720","price":5720,"price_formatted":"¥5,720","price_per_unit":null,"price_per_unit_formatted":""},"is_discounted":false}],"purchase_limit":null,"replenishment":{"message":"Recommended Auto-Ship cycle: 12 weeks  Learn more >"},"reviews":{"average_rating":null,"number_of_questions":null,"number_of_reviews":null},"set_components":null,"shade_groups":null,"shades":null,"sizes":[{"key":1,"value":"40mL"}],"skin":{"tone":null,"type":null,"type_description":null},"sku_badge":null,"sku_badge_image":null,"sku_display_order":0,"sku_id":"6GEN01","sku_promo_messaging":null,"sku_type":"SE","sku_url":null,"tags":{"total":8,"items":[{"id":"17726","key":"base-makeup","value":"Base Makeup"},{"id":"1660","key":"ボディケア","value":"ボディケア　"},{"id":"12517","key":"oil-free","value":"Oil-Free"},{"id":"1661","key":"サンケア","value":"サンケア"},{"id":"13305","key":"メーク下地uvケア","value":"メーク下地・UVケア"},{"id":"1659","key":"ボディサンケア","value":"ボディ＆サンケア"},{"id":"19288","key":"スペシャルセール","value":"スペシャルセール"},{"id":"11265","key":"メーク下地uvベース","value":"メーク下地・UVベース"}]},"texture":null,"undertone":null,"unit_of_measure":null,"unit_size":null,"unit_size_formatted":null,"upc":"020714247362","vto":{"is_color_experience":null,"is_foundation_experience":null}}]},"sub_display_name":"スーパー シティ ブロック 40","sub_header":null,"tags":{"total":8,"items":[{"id":"17726","key":"base-makeup","parent_tag_id":"1592","product_display_order":17,"value":"Base Makeup"},{"id":"1660","key":"ボディケア","parent_tag_id":"1659","product_display_order":16,"value":"ボディケア　"},{"id":"12517","key":"oil-free","parent_tag_id":"1667","product_display_order":17,"value":"Oil-Free"},{"id":"1661","key":"サンケア","parent_tag_id":"1659","product_display_order":10,"value":"サンケア"},{"id":"13305","key":"メーク下地uvケア","parent_tag_id":"1667","product_display_order":2,"value":"メーク下地・UVケア"},{"id":"1659","key":"ボディサンケア","parent_tag_id":null,"product_display_order":0,"value":"ボディ＆サンケア"},{"id":"19288","key":"スペシャルセール","parent_tag_id":"1590","product_display_order":0,"value":"スペシャルセール"},{"id":"11265","key":"メーク下地uvベース","parent_tag_id":"1592","product_display_order":4,"value":"メーク下地・UVベース"}]},"usage":[{"content":"毎朝、スキンケアの後、適量（パール粒大）をとり、顔全体に透明になるまでよくのばしてください。","label":"PRODUCT USAGE","type":"product_usage"},{"content":null,"label":"HOW DOES IT WORK","type":"how_does_it_work"},{"content":null,"label":"WHO IT IS FOR","type":"who_it_is_for"},{"content":null,"label":"GREAT TO KNOW","type":"great_to_know"},{"content":null,"label":"WHAT_IT_DOES","type":"what_it_does"},{"content":null,"label":"WHAT_IT_IS","type":"what_it_is"}],"objectID":"6236"},{"benefit":{"statement":null,"benefits":null},"brand":null,"collection":null,"coverage":null,"cross_sell":[{"sku_id":"67F901","sort_key":1},{"sku_id":"Z21901","sort_key":2},{"sku_id":"67FE01","sort_key":3},{"sku_id":null,"sort_key":4},{"sku_id":"7ELF01","sort_key":5},{"sku_id":"6FME01","sort_key":6}],"default_category":{"id":"1624","key":"洗顔シェービング"},"description":"ひんやり爽快な感触で、ヒゲ剃り後の不快感をやわらげ、アロエ成分配合で肌に潤いを与えます。<br>オール スキンタイプ<br>※製品パッケージは画像と異なる場合がございます。","display_mode":null,"display_name":"ポスト シェーブ スーザ―","display_status":7,"finish":null,"form":null,"formula_type":null,"fragrance_family":null,"indexable_keywords":[{"value":"メンズ製品"},{"value":"メンズ"},{"value":"メンズコスメ"}],"is_hazmat":true,"is_product_coming_soon":null,"is_product_displayable":true,"is_product_searchable":true,"is_product_shoppable":true,"is_product_sold_out":null,"is_product_temporarily_out_of_stock":null,"is_search_suppressed":null,"key_ingredient":null,"media":{"large":null,"medium":null,"poster":null,"small":null,"videos":[{"position":null,"poster":{"height":null,"src":null,"width":null},"provider":null,"src":null},{"position":null,"poster":{"height":null,"src":null,"width":null},"provider":null,"src":null},{"position":null,"poster":{"height":null,"src":null,"width":null},"provider":null,"src":null}],"xl":null},"meta":{"description":null,"keywords":"ssfm, men"},"parent_category":[{"id":"1624","value":"洗顔・シェービング"},{"id":"1623","value":"シェービング"},{"id":"1609","value":"メンズ"}],"product_badge":null,"product_id":"6251","product_title_tag":null,"product_type":"Sized","product_url":"/product/1624/6251/post-shave-soother","reviews":{"average_rating":null,"number_of_questions":null,"number_of_reviews":null},"shade_groups":null,"short_description":"ひんやり爽快な感触で、ヒゲ剃り後の不快感をやわらげます。<br>オール スキンタイプ<br>※製品パッケージは画像と異なる場合がございます。","skin":null,"skin_goal":null,"skus":{"total":1,"items":[{"color_family":null,"coverage_options":null,"cross_sell":null,"display_status":7,"finish":null,"finish_options":null,"fragrances":[{"family":null,"key":null,"value":null}],"iln_listing":null,"iln_version_number":null,"inventory_status":"Active","is_active":true,"is_coming_soon":null,"is_default_sku":false,"is_discountable":true,"is_displayable":null,"is_engravable":null,"is_fragrance":null,"is_giftable":null,"is_giftwrap":false,"is_inactive":null,"is_multi_shaded":null,"is_out_of_stock":null,"is_preorder":false,"is_preorderable":null,"is_promotional":null,"is_replenishable":false,"is_search_suppressed":null,"is_searchable":true,"is_shaded":null,"is_sized":null,"is_sold_out":null,"is_under_weight_hazmat":null,"is_vto_enabled":null,"life_of_product":"Basic Reorder","material_code":"6517050001","media":{"large":[{"alt":"ポスト シェーブ スーザ―","height":1200,"position":0,"src":"/media/export/cms/products/1200x1500/cl_sku_651705_1200x1500_0.png","type":"image","width":1500}],"medium":[{"alt":"ポスト シェーブ スーザ―","height":600,"position":1,"src":"/media/export/cms/products/600x750/cl_sku_651705_600x750_0.png","type":"image","width":750}],"model":null,"poster":null,"small":[{"alt":"ポスト シェーブ スーザ―","height":1200,"position":2,"src":"/media/export/cms/products/1200x1500/cl_sku_651705_1200x1500_0.png","type":"image","width":1500}],"smoosh":null,"xl":null},"out_of_stock_threshold":null,"perlgem":{"SKU_BASE_ID":12276},"preorder_date":null,"prices":[{"currency":"JPY","exclude_tax":{"original_price":2800,"original_price_formatted":"¥2,800","price":2800,"price_formatted":"¥2,800","price_per_unit":null,"price_per_unit_formatted":""},"include_tax":{"original_price":3080,"original_price_formatted":"¥3,080","price":3080,"price_formatted":"¥3,080","price_per_unit":null,"price_per_unit_formatted":""},"is_discounted":false}],"purchase_limit":null,"replenishment":{"message":"Recommended Auto-Ship cycle: 8 weeks  Learn more >"},"reviews":{"average_rating":null,"number_of_questions":null,"number_of_reviews":null},"set_components":null,"shade_groups":null,"shades":null,"sizes":[{"key":1,"value":"75ｍL"}],"skin":{"tone":null,"type":null,"type_description":null},"sku_badge":null,"sku_badge_image":null,"sku_display_order":0,"sku_id":"651705","sku_promo_messaging":null,"sku_type":"SE","sku_url":null,"tags":{"total":3,"items":[{"id":"17696","key":"gifts-for-him","value":"Gifts for him"},{"id":"1624","key":"洗顔シェービング","value":"洗顔・シェービング"},{"id":"1623","key":"シェービング","value":"シェービング"}]},"texture":null,"undertone":null,"unit_of_measure":null,"unit_size":null,"unit_size_formatted":null,"upc":"020714004569","vto":{"is_color_experience":null,"is_foundation_experience":null}}]},"sub_display_name":"ポスト シェーブ スーザ―","sub_header":null,"tags":{"total":3,"items":[{"id":"17696","key":"gifts-for-him","parent_tag_id":"1000020","product_display_order":4,"value":"Gifts for him"},{"id":"1624","key":"洗顔シェービング","parent_tag_id":"1623","product_display_order":6,"value":"洗顔・シェービング"},{"id":"1623","key":"シェービング","parent_tag_id":"1609","product_display_order":0,"value":"シェービング"}]},"usage":[{"content":"ヒゲ剃り後の肌に適量を軽くなじませます。乾燥が気になる部分は、その後、エム ローションなどで潤いを補います。","label":"PRODUCT USAGE","type":"product_usage"},{"content":null,"label":"HOW DOES IT WORK","type":"how_does_it_work"},{"content":null,"label":"WHO IT IS FOR","type":"who_it_is_for"},{"content":null,"label":"GREAT TO KNOW","type":"great_to_know"},{"content":null,"label":"WHAT_IT_DOES","type":"what_it_does"},{"content":null,"label":"WHAT_IT_IS","type":"what_it_is"}],"objectID":"6251"},{"benefit":{"statement":null,"benefits":null},"brand":null,"collection":null,"coverage":null,"cross_sell":[{"sku_id":"60MK01","sort_key":1},{"sku_id":"68LE01","sort_key":2},{"sku_id":"6F3701","sort_key":3},{"sku_id":"69KL01","sort_key":4},{"sku_id":"76GF01","sort_key":5},{"sku_id":"667H01","sort_key":6}],"default_category":{"id":"1673","key":"クレンジング洗顔"},"description":"泡立てるタイプのクレンジング フォーム。持ちのよいメークもすっきり落とせます。<BR>スキンタイプ2用(乾燥～混合肌)<br><small>※パッケージは画像と異なる場合がございます。</small>","display_mode":null,"display_name":"リンス オフ<br>クレンジング フォーム","display_status":7,"finish":null,"form":null,"formula_type":null,"fragrance_family":null,"indexable_keywords":null,"is_hazmat":false,"is_product_coming_soon":null,"is_product_displayable":true,"is_product_searchable":true,"is_product_shoppable":true,"is_product_sold_out":null,"is_product_temporarily_out_of_stock":null,"is_search_suppressed":null,"key_ingredient":null,"media":{"large":[{"alt":"リンス オフ<br>クレンジング フォーム","height":1200,"position":0,"src":"/media/export/cms/products/1200x1500/cl_prod_6254_1200x1500_0.png","type":"image","width":1500}],"medium":null,"poster":null,"small":[{"alt":"リンス オフ<br>クレンジング フォーム","height":1200,"position":1,"src":"/media/export/cms/products/1200x1500/cl_prod_6254_1200x1500_0.png","type":"image","width":1500}],"videos":[{"position":null,"poster":{"height":null,"src":null,"width":null},"provider":"YouTube","src":null},{"position":null,"poster":{"height":null,"src":null,"width":null},"provider":"YouTube","src":null},{"position":null,"poster":{"height":null,"src":null,"width":null},"provider":"YouTube","src":null}],"xl":null},"meta":{"description":null,"keywords":"soap"},"parent_category":[{"id":"1673","value":"クレンジング・洗顔"},{"id":"1667","value":"スキンケア"}],"product_badge":null,"product_id":"6254","product_title_tag":null,"product_type":"Sized","product_url":"/product/1673/6254/rinse-off-foaming-cleanser","reviews":{"average_rating":null,"number_of_questions":null,"number_of_reviews":null},"shade_groups":null,"short_description":"持ちのよいメークもすっきり洗い流せるクレンジング フォーム。","skin":null,"skin_goal":null,"skus":{"total":1,"items":[{"color_family":null,"coverage_options":null,"cross_sell":null,"display_status":7,"finish":null,"finish_options":null,"fragrances":[{"family":null,"key":null,"value":null}],"iln_listing":null,"iln_version_number":null,"inventory_status":"Active","is_active":true,"is_coming_soon":null,"is_default_sku":true,"is_discountable":true,"is_displayable":null,"is_engravable":null,"is_fragrance":null,"is_giftable":null,"is_giftwrap":false,"is_inactive":null,"is_multi_shaded":null,"is_out_of_stock":null,"is_preorder":false,"is_preorderable":null,"is_promotional":null,"is_replenishable":false,"is_search_suppressed":null,"is_searchable":true,"is_shaded":null,"is_sized":null,"is_sold_out":null,"is_under_weight_hazmat":false,"is_vto_enabled":null,"life_of_product":"Basic Reorder","material_code":"663E010001","media":{"large":[{"alt":"リンス オフ<br>クレンジング フォーム","height":1200,"position":0,"src":"/media/export/cms/products/1200x1500/cl_sku_663E01_1200x1500_0.png","type":"image","width":1500}],"medium":[{"alt":"リンス オフ<br>クレンジング フォーム","height":600,"position":1,"src":"/media/export/cms/products/600x750/cl_sku_663E01_600x750_0.png","type":"image","width":750},{"alt":"リンス オフ<br>クレンジング フォーム","height":600,"position":2,"src":"/media/export/cms/products/600x750/cl_sku_663E01_600x750_1.png","type":"image","width":750}],"model":null,"poster":null,"small":[{"alt":"リンス オフ<br>クレンジング フォーム","height":1200,"position":3,"src":"/media/export/cms/products/1200x1500/cl_sku_663E01_1200x1500_0.png","type":"image","width":1500}],"smoosh":null,"xl":null},"out_of_stock_threshold":null,"perlgem":{"SKU_BASE_ID":14895},"preorder_date":null,"prices":[{"currency":"JPY","exclude_tax":{"original_price":3200,"original_price_formatted":"¥3,200","price":3200,"price_formatted":"¥3,200","price_per_unit":null,"price_per_unit_formatted":""},"include_tax":{"original_price":3520,"original_price_formatted":"¥3,520","price":3520,"price_formatted":"¥3,520","price_per_unit":null,"price_per_unit_formatted":""},"is_discounted":false}],"purchase_limit":null,"replenishment":{"message":null},"reviews":{"average_rating":null,"number_of_questions":null,"number_of_reviews":null},"set_components":null,"shade_groups":null,"shades":[{"description":"","hex_val":"","image":{"height":null,"src":"","width":null},"name":"","smoosh_design":{"group_id":null,"name":""}}],"sizes":[{"key":1,"value":"150mL"}],"skin":{"tone":null,"type":[{"key":"dry-skintype","value":"dry_skintype"},{"key":"combination-skintype","value":"combination_skintype"},{"key":"oily-skintype","value":"oily_skintype"}],"type_description":null},"sku_badge":null,"sku_badge_image":null,"sku_display_order":0,"sku_id":"663E01","sku_promo_messaging":null,"sku_type":"SE","sku_url":null,"tags":{"total":6,"items":[{"id":"27172","key":"day5flashsale","value":"Day5FlashSale"},{"id":"28804","key":"クレンジング","value":"クレンジング"},{"id":"27174","key":"day7flashsale","value":"Day7FlashSale"},{"id":"1575","key":"ベストセラー","value":"ベストセラー"},{"id":"1673","key":"クレンジング洗顔","value":"クレンジング・洗顔"},{"id":"27173","key":"day6flashsale","value":"Day6FlashSale"}]},"texture":null,"undertone":null,"unit_of_measure":null,"unit_size":145,"unit_size_formatted":null,"upc":"020714015459","vto":{"is_color_experience":null,"is_foundation_experience":null}}]},"sub_display_name":"リンス オフ<br>クレンジング フォーム","sub_header":null,"tags":{"total":6,"items":[{"id":"27172","key":"day5flashsale","parent_tag_id":"1590","product_display_order":30,"value":"Day5FlashSale"},{"id":"28804","key":"クレンジング","parent_tag_id":"1667","product_display_order":3,"value":"クレンジング"},{"id":"27174","key":"day7flashsale","parent_tag_id":"1590","product_display_order":0,"value":"Day7FlashSale"},{"id":"1575","key":"ベストセラー","parent_tag_id":null,"product_display_order":60,"value":"ベストセラー"},{"id":"1673","key":"クレンジング洗顔","parent_tag_id":"1667","product_display_order":11,"value":"クレンジング・洗顔"},{"id":"27173","key":"day6flashsale","parent_tag_id":"1590","product_display_order":0,"value":"Day6FlashSale"}]},"usage":[{"content":"よく泡立てたフォームを顔全体（目のまわりは除く）にのばし、軽くマッサージします。その後、洗い流します。","label":"PRODUCT USAGE","type":"product_usage"},{"content":null,"label":"HOW DOES IT WORK","type":"how_does_it_work"},{"content":null,"label":"WHO IT IS FOR","type":"who_it_is_for"},{"content":null,"label":"GREAT TO KNOW","type":"great_to_know"},{"content":null,"label":"WHAT_IT_DOES","type":"what_it_does"},{"content":null,"label":"WHAT_IT_IS","type":"what_it_is"}],"objectID":"6254"},{"benefit":{"statement":null,"benefits":null},"brand":null,"collection":null,"coverage":null,"cross_sell":null,"default_category":{"id":"1599","key":"ファンデーション"},"description":"シミ・色ムラ、ゼロの “均一美白肌”<font size=\"1\">*1</font>へ。<br>新・薬用美白クッション ファンデ誕生<br><br>シミ、色ムラのない均一美肌を叶える「イーブン ベター」のファンデーション シリーズに、美白有効成分<font size=\"1\">*２</font>配合。使うごとに肌に透明感を与えて明るく輝くようにカバーする、新・薬用美白クッション ファンデが誕生。<br>それは、今の肌悩みを美しくカバーしながら、未来の肌のために美白するファンデ。<br>肌に乗せた瞬間、リキッドが肌に吸い付くように、軽やかにフィット。<br>瞬時に、気になるシミ・色ムラをカバーして、スキントーンもアップ。<br>ふわっとヴェールをまとったような、なめらかなセミマット仕上がりで、ドキッとするほど、明るい、透明感のある「均一美白肌」<font size=\"1\">*1</font>を叶えます。<br>ファンデをつけている間、まるで美白美容液が角質層のすみずみまで染み込むように、美白有効成分がメラニンの生成を抑え、シミ・ソバカスを防御。<br>汗・湿気に強い「ウォーター レジスタント処方」で、時間がたっても崩れにくく、つけたての美しさをキープ。シアーからミディアムまで、お好みのカバー力に調整可能。<br>日本人の肌色を美しく引き立てる、全10色展開です。<br><br><font size=\"1\">※美白とは、メラニンの生成を抑え、シミ・ソバカスを防ぐこと。*1メークアップ効果による*2L-アスコルビン酸 2-グルコシド</font>","display_mode":null,"display_name":"イーブン ベター ブライトニング クッション コンパクト 33 ※医薬部外品 SPF33/PA＋＋＋（ケース付）","display_status":7,"finish":null,"form":null,"formula_type":null,"fragrance_family":null,"indexable_keywords":null,"is_hazmat":false,"is_product_coming_soon":null,"is_product_displayable":true,"is_product_searchable":true,"is_product_shoppable":true,"is_product_sold_out":null,"is_product_temporarily_out_of_stock":null,"is_search_suppressed":null,"key_ingredient":null,"media":{"large":null,"medium":null,"poster":null,"small":null,"videos":[{"position":null,"poster":{"height":null,"src":null,"width":null},"provider":null,"src":null},{"position":null,"poster":{"height":null,"src":null,"width":null},"provider":null,"src":null},{"position":null,"poster":{"height":null,"src":null,"width":null},"provider":null,"src":null}],"xl":null},"meta":{"description":null,"keywords":null},"parent_category":[{"id":"1599","value":"ファンデーション"},{"id":"1592","value":"メーク"}],"product_badge":null,"product_id":"63111","product_title_tag":null,"product_type":"Shaded","product_url":"/product/1599/63111/--33-spf33pa/even-better-brightening-cushion-compact-33","reviews":{"average_rating":null,"number_of_questions":null,"number_of_reviews":null},"shade_groups":null,"short_description":"シミ・色ムラ、ゼロの “均一美白肌”<font size=\"1\">*1</font>へ。<br>新・薬用美白クッション ファンデ誕生<br><br>シミ、色ムラのない均一美肌を叶える「イーブン ベター」のファンデーション シリーズに、美白有効成分<font size=\"1\">*２</font>配合。使うごとに肌に透明感を与えて明るく輝くようにカバーする、新・薬用美白クッション ファンデが誕生。<br>それは、今の肌悩みを美しくカバーしながら、未来の肌のために美白するファンデ。<br>肌に乗せた瞬間、リキッドが肌に吸い付くように、軽やかにフィット。<br>瞬時に、気になるシミ・色ムラをカバーして、スキントーンもアップ。<br>ふわっとヴェールをまとったような、なめらかなセミマット仕上がりで、ドキッとするほど、明るい、透明感のある「均一美白肌」<font size=\"1\">*1</font>を叶えます。<br>ファンデをつけている間、まるで美白美容液が角質層のすみずみまで染み込むように、美白有効成分がメラニンの生成を抑え、シミ・ソバカスを防御。<br>汗・湿気に強い「ウォーター レジスタント処方」で、時間がたっても崩れにくく、つけたての美しさをキープ。シアーからミディアムまで、お好みのカバー力に調整可能。<br>日本人の肌色を美しく引き立てる、全10色展開です。<br><br><font size=\"1\">※美白とは、メラニンの生成を抑え、シミ・ソバカスを防ぐこと。*1メークアップ効果による*2L-アスコルビン酸 2-グルコシド</font>","skin":null,"skin_goal":null,"skus":{"total":4,"items":[{"color_family":null,"coverage_options":null,"cross_sell":null,"display_status":7,"finish":null,"finish_options":null,"fragrances":[{"family":null,"key":null,"value":null}],"iln_listing":"Ｌ－アスコルビン酸　２－グルコシド*、グリチルレチン酸ステアリル*、精製水、トリス（トリメチルシロキシ）メチルシラン、ジメチコン、微粒子酸化Ｔi、ジ２－エチルヘキサン酸ネオペンチルグリコール、ＢＧ、マイカ、硫酸Ｂａ、酸化チタン、ＰＥＧ－９　ポリジメチルシロキシエチル　ジメチコン、ペンチレングリコール、タルク、水酸化Ａｌ、アクリル酸アルキル共重合体メチルポリシロキサンエステル、濃グリセリン、ポリアクリル酸アルキル、ＰＥＧ２００００、黄酸化鉄、架橋型ジメチコン、架橋型ポリエーテル変性シリコーン混合物、ジイソステアリン酸ポリグリセリル、ステアリン酸、塩化Ｎａ、クエン酸Ｎａ、酸化Ａｌ、天然ビタミンＥ、ベンガラ、水酸化ナトリウム、ＢＨＴ、グリシン、クエン酸、メチルハイドロジェンポリシロキサン、チャエキス（１）、黒酸化鉄、硫酸Ｍｇ、フェノキシエタノール<QDILN317>　*は有効成分　無印はその他の成分","iln_version_number":null,"inventory_status":"Active","is_active":true,"is_coming_soon":null,"is_default_sku":false,"is_discountable":true,"is_displayable":null,"is_engravable":null,"is_fragrance":null,"is_giftable":null,"is_giftwrap":false,"is_inactive":null,"is_multi_shaded":null,"is_out_of_stock":null,"is_preorder":false,"is_preorderable":null,"is_promotional":null,"is_replenishable":false,"is_search_suppressed":null,"is_searchable":true,"is_shaded":null,"is_sized":null,"is_sold_out":null,"is_under_weight_hazmat":false,"is_vto_enabled":null,"life_of_product":"Basic Reorder","material_code":"K9EX610000","media":{"large":[{"alt":"イーブン ベター ブライトニング クッション コンパクト 33 ※医薬部外品 SPF33/PA＋＋＋（ケース付）","height":1200,"position":1,"src":"/media/export/cms/products/1200x1500/cl_sku_K9EX61_1200x1500_0.png","type":"image","width":1500}],"medium":[{"alt":"イーブン ベター ブライトニング クッション コンパクト 33 ※医薬部外品 SPF33/PA＋＋＋（ケース付）","height":600,"position":2,"src":"/media/export/cms/products/600x750/cl_sku_K9EX61_600x750_0.png","type":"image","width":750}],"model":null,"poster":null,"small":[{"alt":"イーブン ベター ブライトニング クッション コンパクト 33 ※医薬部外品 SPF33/PA＋＋＋（ケース付）","height":1200,"position":3,"src":"/media/export/cms/products/1200x1500/cl_sku_K9EX61_1200x1500_0.png","type":"image","width":1500}],"smoosh":[{"alt":"イーブン ベター ブライトニング クッション コンパクト 33 ※医薬部外品 SPF33/PA＋＋＋（ケース付）","height":1200,"position":0,"src":"/media/export/cms/products/1200x1500/swatches_v3/41_ns_ng.png","type":"image","width":1500}],"xl":null},"out_of_stock_threshold":null,"perlgem":{"SKU_BASE_ID":99625},"preorder_date":null,"prices":[{"currency":"JPY","exclude_tax":{"original_price":5300,"original_price_formatted":"¥5,300","price":5300,"price_formatted":"¥5,300","price_per_unit":null,"price_per_unit_formatted":""},"include_tax":{"original_price":5830,"original_price_formatted":"¥5,830","price":5830,"price_formatted":"¥5,830","price_per_unit":null,"price_per_unit_formatted":""},"is_discounted":false}],"purchase_limit":null,"replenishment":{"message":null},"reviews":{"average_rating":null,"number_of_questions":null,"number_of_reviews":null},"set_components":null,"shade_groups":null,"shades":[{"description":"","hex_val":"#F6D5BF","image":{"height":null,"src":"","width":null},"name":"61 アイボリー","smoosh_design":{"group_id":null,"name":"41::none::none"}}],"sizes":[{"key":1,"value":null}],"skin":{"tone":null,"type":null,"type_description":null},"sku_badge":null,"sku_badge_image":null,"sku_display_order":0,"sku_id":"K9EX61","sku_promo_messaging":null,"sku_type":"SE","sku_url":null,"tags":{"total":3,"items":[{"id":"1592","key":"メーク","value":"メーク"},{"id":"1599","key":"ファンデーション","value":"ファンデーション"},{"id":"19570","key":"おすすめ製品","value":"おすすめ製品"}]},"texture":null,"undertone":null,"unit_of_measure":null,"unit_size":null,"unit_size_formatted":null,"upc":"020714972561","vto":{"is_color_experience":null,"is_foundation_experience":null}},{"color_family":null,"coverage_options":null,"cross_sell":null,"display_status":7,"finish":null,"finish_options":null,"fragrances":[{"family":null,"key":null,"value":null}],"iln_listing":"Ｌ－アスコルビン酸　２－グルコシド*、グリチルレチン酸ステアリル*、精製水、トリス（トリメチルシロキシ）メチルシラン、ジメチコン、微粒子酸化Ｔi、ジ２－エチルヘキサン酸ネオペンチルグリコール、ＢＧ、マイカ、硫酸Ｂａ、酸化チタン、ＰＥＧ－９　ポリジメチルシロキシエチル　ジメチコン、ペンチレングリコール、タルク、水酸化Ａｌ、アクリル酸アルキル共重合体メチルポリシロキサンエステル、濃グリセリン、ポリアクリル酸アルキル、ＰＥＧ２００００、黄酸化鉄、架橋型ジメチコン、架橋型ポリエーテル変性シリコーン混合物、ジイソステアリン酸ポリグリセリル、ステアリン酸、塩化Ｎａ、クエン酸Ｎａ、酸化Ａｌ、天然ビタミンＥ、ベンガラ、水酸化ナトリウム、ＢＨＴ、グリシン、クエン酸、メチルハイドロジェンポリシロキサン、チャエキス（１）、黒酸化鉄、硫酸Ｍｇ、フェノキシエタノール<QDILN317>　*は有効成分　無印はその他の成分","iln_version_number":null,"inventory_status":"Active","is_active":true,"is_coming_soon":null,"is_default_sku":false,"is_discountable":true,"is_displayable":null,"is_engravable":null,"is_fragrance":null,"is_giftable":null,"is_giftwrap":false,"is_inactive":null,"is_multi_shaded":null,"is_out_of_stock":null,"is_preorder":false,"is_preorderable":null,"is_promotional":null,"is_replenishable":false,"is_search_suppressed":null,"is_searchable":true,"is_shaded":null,"is_sized":null,"is_sold_out":null,"is_under_weight_hazmat":false,"is_vto_enabled":null,"life_of_product":"Basic Reorder","material_code":"K9EX630000","media":{"large":[{"alt":"イーブン ベター ブライトニング クッション コンパクト 33 ※医薬部外品 SPF33/PA＋＋＋（ケース付）","height":1200,"position":0,"src":"/media/export/cms/products/1200x1500/cl_sku_K9EX63_1200x1500_0.png","type":"image","width":1500}],"medium":[{"alt":"イーブン ベター ブライトニング クッション コンパクト 33 ※医薬部外品 SPF33/PA＋＋＋（ケース付）","height":600,"position":1,"src":"/media/export/cms/products/600x750/cl_sku_K9EX63_600x750_0.png","type":"image","width":750}],"model":null,"poster":null,"small":[{"alt":"イーブン ベター ブライトニング クッション コンパクト 33 ※医薬部外品 SPF33/PA＋＋＋（ケース付）","height":1200,"position":2,"src":"/media/export/cms/products/1200x1500/cl_sku_K9EX63_1200x1500_0.png","type":"image","width":1500}],"smoosh":null,"xl":null},"out_of_stock_threshold":null,"perlgem":{"SKU_BASE_ID":99628},"preorder_date":null,"prices":[{"currency":"JPY","exclude_tax":{"original_price":5300,"original_price_formatted":"¥5,300","price":5300,"price_formatted":"¥5,300","price_per_unit":null,"price_per_unit_formatted":""},"include_tax":{"original_price":5830,"original_price_formatted":"¥5,830","price":5830,"price_formatted":"¥5,830","price_per_unit":null,"price_per_unit_formatted":""},"is_discounted":false}],"purchase_limit":null,"replenishment":{"message":null},"reviews":{"average_rating":null,"number_of_questions":null,"number_of_reviews":null},"set_components":null,"shade_groups":null,"shades":[{"description":"","hex_val":"#F6D2BE","image":{"height":null,"src":"","width":null},"name":"63 フレッシュ ベージュ","smoosh_design":{"group_id":null,"name":""}}],"sizes":[{"key":1,"value":null}],"skin":{"tone":null,"type":null,"type_description":null},"sku_badge":null,"sku_badge_image":null,"sku_display_order":2,"sku_id":"K9EX63","sku_promo_messaging":null,"sku_type":"SE","sku_url":null,"tags":{"total":3,"items":[{"id":"1592","key":"メーク","value":"メーク"},{"id":"1599","key":"ファンデーション","value":"ファンデーション"},{"id":"19570","key":"おすすめ製品","value":"おすすめ製品"}]},"texture":null,"undertone":null,"unit_of_measure":null,"unit_size":null,"unit_size_formatted":null,"upc":"020714972585","vto":{"is_color_experience":null,"is_foundation_experience":null}},{"color_family":null,"coverage_options":null,"cross_sell":null,"display_status":7,"finish":null,"finish_options":null,"fragrances":[{"family":null,"key":null,"value":null}],"iln_listing":"Ｌ－アスコルビン酸　２－グルコシド*、グリチルレチン酸ステアリル*、精製水、トリス（トリメチルシロキシ）メチルシラン、ジメチコン、微粒子酸化Ｔi、ジ２－エチルヘキサン酸ネオペンチルグリコール、ＢＧ、マイカ、硫酸Ｂａ、酸化チタン、ＰＥＧ－９　ポリジメチルシロキシエチル　ジメチコン、ペンチレングリコール、タルク、水酸化Ａｌ、アクリル酸アルキル共重合体メチルポリシロキサンエステル、濃グリセリン、ポリアクリル酸アルキル、ＰＥＧ２００００、黄酸化鉄、架橋型ジメチコン、架橋型ポリエーテル変性シリコーン混合物、ジイソステアリン酸ポリグリセリル、ステアリン酸、塩化Ｎａ、クエン酸Ｎａ、酸化Ａｌ、天然ビタミンＥ、ベンガラ、水酸化ナトリウム、ＢＨＴ、グリシン、クエン酸、メチルハイドロジェンポリシロキサン、チャエキス（１）、黒酸化鉄、硫酸Ｍｇ、フェノキシエタノール<QDILN317>　*は有効成分　無印はその他の成分","iln_version_number":null,"inventory_status":"Active","is_active":true,"is_coming_soon":null,"is_default_sku":false,"is_discountable":true,"is_displayable":null,"is_engravable":null,"is_fragrance":null,"is_giftable":null,"is_giftwrap":false,"is_inactive":null,"is_multi_shaded":null,"is_out_of_stock":null,"is_preorder":false,"is_preorderable":null,"is_promotional":null,"is_replenishable":false,"is_search_suppressed":null,"is_searchable":true,"is_shaded":null,"is_sized":null,"is_sold_out":null,"is_under_weight_hazmat":false,"is_vto_enabled":null,"life_of_product":"Basic Reorder","material_code":"K9EX640000","media":{"large":[{"alt":"イーブン ベター ブライトニング クッション コンパクト 33 ※医薬部外品 SPF33/PA＋＋＋（ケース付）","height":1200,"position":0,"src":"/media/export/cms/products/1200x1500/cl_sku_K9EX64_1200x1500_0.png","type":"image","width":1500}],"medium":[{"alt":"イーブン ベター ブライトニング クッション コンパクト 33 ※医薬部外品 SPF33/PA＋＋＋（ケース付）","height":600,"position":1,"src":"/media/export/cms/products/600x750/cl_sku_K9EX64_600x750_0.png","type":"image","width":750}],"model":null,"poster":null,"small":[{"alt":"イーブン ベター ブライトニング クッション コンパクト 33 ※医薬部外品 SPF33/PA＋＋＋（ケース付）","height":1200,"position":2,"src":"/media/export/cms/products/1200x1500/cl_sku_K9EX64_1200x1500_0.png","type":"image","width":1500}],"smoosh":null,"xl":null},"out_of_stock_threshold":null,"perlgem":{"SKU_BASE_ID":99630},"preorder_date":null,"prices":[{"currency":"JPY","exclude_tax":{"original_price":5300,"original_price_formatted":"¥5,300","price":5300,"price_formatted":"¥5,300","price_per_unit":null,"price_per_unit_formatted":""},"include_tax":{"original_price":5830,"original_price_formatted":"¥5,830","price":5830,"price_formatted":"¥5,830","price_per_unit":null,"price_per_unit_formatted":""},"is_discounted":false}],"purchase_limit":null,"replenishment":{"message":null},"reviews":{"average_rating":null,"number_of_questions":null,"number_of_reviews":null},"set_components":null,"shade_groups":null,"shades":[{"description":"","hex_val":"#F4C5A8","image":{"height":null,"src":"","width":null},"name":"64 クリーム ベージュ","smoosh_design":{"group_id":null,"name":""}}],"sizes":[{"key":1,"value":null}],"skin":{"tone":null,"type":null,"type_description":null},"sku_badge":null,"sku_badge_image":null,"sku_display_order":3,"sku_id":"K9EX64","sku_promo_messaging":null,"sku_type":"SE","sku_url":null,"tags":{"total":3,"items":[{"id":"1592","key":"メーク","value":"メーク"},{"id":"1599","key":"ファンデーション","value":"ファンデーション"},{"id":"19570","key":"おすすめ製品","value":"おすすめ製品"}]},"texture":null,"undertone":null,"unit_of_measure":null,"unit_size":null,"unit_size_formatted":null,"upc":"020714972592","vto":{"is_color_experience":null,"is_foundation_experience":null}},{"color_family":null,"coverage_options":null,"cross_sell":null,"display_status":7,"finish":null,"finish_options":null,"fragrances":[{"family":null,"key":null,"value":null}],"iln_listing":"Ｌ－アスコルビン酸　２－グルコシド*、グリチルレチン酸ステアリル*、精製水、トリス（トリメチルシロキシ）メチルシラン、ジメチコン、微粒子酸化Ｔi、ジ２－エチルヘキサン酸ネオペンチルグリコール、ＢＧ、マイカ、硫酸Ｂａ、酸化チタン、ＰＥＧ－９　ポリジメチルシロキシエチル　ジメチコン、ペンチレングリコール、タルク、水酸化Ａｌ、アクリル酸アルキル共重合体メチルポリシロキサンエステル、濃グリセリン、ポリアクリル酸アルキル、ＰＥＧ２００００、黄酸化鉄、架橋型ジメチコン、架橋型ポリエーテル変性シリコーン混合物、ジイソステアリン酸ポリグリセリル、ステアリン酸、塩化Ｎａ、クエン酸Ｎａ、酸化Ａｌ、天然ビタミンＥ、ベンガラ、水酸化ナトリウム、ＢＨＴ、グリシン、クエン酸、メチルハイドロジェンポリシロキサン、チャエキス（１）、黒酸化鉄、硫酸Ｍｇ、フェノキシエタノール<QDILN317>　*は有効成分　無印はその他の成分","iln_version_number":null,"inventory_status":"Active","is_active":true,"is_coming_soon":null,"is_default_sku":false,"is_discountable":true,"is_displayable":null,"is_engravable":null,"is_fragrance":null,"is_giftable":null,"is_giftwrap":false,"is_inactive":null,"is_multi_shaded":null,"is_out_of_stock":null,"is_preorder":false,"is_preorderable":null,"is_promotional":null,"is_replenishable":false,"is_search_suppressed":null,"is_searchable":true,"is_shaded":null,"is_sized":null,"is_sold_out":null,"is_under_weight_hazmat":false,"is_vto_enabled":null,"life_of_product":"Basic Reorder","material_code":"K9EX650000","media":{"large":[{"alt":"イーブン ベター ブライトニング クッション コンパクト 33 ※医薬部外品 SPF33/PA＋＋＋（ケース付）","height":1200,"position":0,"src":"/media/export/cms/products/1200x1500/cl_sku_K9EX65_1200x1500_0.png","type":"image","width":1500}],"medium":[{"alt":"イーブン ベター ブライトニング クッション コンパクト 33 ※医薬部外品 SPF33/PA＋＋＋（ケース付）","height":600,"position":1,"src":"/media/export/cms/products/600x750/cl_sku_K9EX65_600x750_0.png","type":"image","width":750}],"model":null,"poster":null,"small":[{"alt":"イーブン ベター ブライトニング クッション コンパクト 33 ※医薬部外品 SPF33/PA＋＋＋（ケース付）","height":1200,"position":2,"src":"/media/export/cms/products/1200x1500/cl_sku_K9EX65_1200x1500_0.png","type":"image","width":1500}],"smoosh":null,"xl":null},"out_of_stock_threshold":null,"perlgem":{"SKU_BASE_ID":99631},"preorder_date":null,"prices":[{"currency":"JPY","exclude_tax":{"original_price":5300,"original_price_formatted":"¥5,300","price":5300,"price_formatted":"¥5,300","price_per_unit":null,"price_per_unit_formatted":""},"include_tax":{"original_price":5830,"original_price_formatted":"¥5,830","price":5830,"price_formatted":"¥5,830","price_per_unit":null,"price_per_unit_formatted":""},"is_discounted":false}],"purchase_limit":null,"replenishment":{"message":null},"reviews":{"average_rating":null,"number_of_questions":null,"number_of_reviews":null},"set_components":null,"shade_groups":null,"shades":[{"description":"","hex_val":"#E1B09A","image":{"height":null,"src":"","width":null},"name":"65 ニュートラル","smoosh_design":{"group_id":null,"name":""}}],"sizes":[{"key":1,"value":null}],"skin":{"tone":null,"type":null,"type_description":null},"sku_badge":null,"sku_badge_image":null,"sku_display_order":4,"sku_id":"K9EX65","sku_promo_messaging":null,"sku_type":"SE","sku_url":null,"tags":{"total":3,"items":[{"id":"1592","key":"メーク","value":"メーク"},{"id":"1599","key":"ファンデーション","value":"ファンデーション"},{"id":"19570","key":"おすすめ製品","value":"おすすめ製品"}]},"texture":null,"undertone":null,"unit_of_measure":null,"unit_size":null,"unit_size_formatted":null,"upc":"020714972608","vto":{"is_color_experience":null,"is_foundation_experience":null}}]},"sub_display_name":"イーブン ベター ブライトニング クッション コンパクト 33 ※医薬部外品 SPF33/PA＋＋＋（ケース付）","sub_header":null,"tags":{"total":3,"items":[{"id":"1592","key":"メーク","parent_tag_id":null,"product_display_order":0,"value":"メーク"},{"id":"1599","key":"ファンデーション","parent_tag_id":"1592","product_display_order":6,"value":"ファンデーション"},{"id":"19570","key":"おすすめ製品","parent_tag_id":"1000020","product_display_order":38,"value":"おすすめ製品"}]},"usage":[{"content":null,"label":"PRODUCT USAGE","type":"product_usage"},{"content":null,"label":"HOW DOES IT WORK","type":"how_does_it_work"},{"content":null,"label":"WHO IT IS FOR","type":"who_it_is_for"},{"content":null,"label":"GREAT TO KNOW","type":"great_to_know"},{"content":null,"label":"WHAT_IT_DOES","type":"what_it_does"},{"content":null,"label":"WHAT_IT_IS","type":"what_it_is"}],"objectID":"63111"},{"benefit":{"statement":null,"benefits":null},"brand":null,"collection":null,"coverage":null,"cross_sell":null,"default_category":{"id":"1599","key":"ファンデーション"},"description":"シミ・色ムラ、ゼロの “均一美白肌”<font size=\"1\">*1</font>へ。<br>新・薬用美白クッション ファンデ誕生<br><br>シミ、色ムラのない均一美肌を叶える「イーブン ベター」のファンデーション シリーズに、美白有効成分<font size=\"1\">*２</font>配合。使うごとに肌に透明感を与えて明るく輝くようにカバーする、新・薬用美白クッション ファンデが誕生。<br>それは、今の肌悩みを美しくカバーしながら、未来の肌のために美白するファンデ。<br>肌に乗せた瞬間、リキッドが肌に吸い付くように、軽やかにフィット。<br>瞬時に、気になるシミ・色ムラをカバーして、スキントーンもアップ。<br>ふわっとヴェールをまとったような、なめらかなセミマット仕上がりで、ドキッとするほど、明るい、透明感のある「均一美白肌」<font size=\"1\">*1</font>を叶えます。<br>ファンデをつけている間、まるで美白美容液が角質層のすみずみまで染み込むように、美白有効成分がメラニンの生成を抑え、シミ・ソバカスを防御。<br>汗・湿気に強い「ウォーター レジスタント処方」で、時間がたっても崩れにくく、つけたての美しさをキープ。シアーからミディアムまで、お好みのカバー力に調整可能。<br>日本人の肌色を美しく引き立てる、全10色展開です。<br><br><font size=\"1\">※美白とは、メラニンの生成を抑え、シミ・ソバカスを防ぐこと。*1メークアップ効果による*2L-アスコルビン酸 2-グルコシド</font>","display_mode":null,"display_name":"イーブン ベター ブライトニング クッション コンパクト 33 ※医薬部外品 SPF33/PA＋＋＋ リフィル","display_status":7,"finish":null,"form":null,"formula_type":null,"fragrance_family":null,"indexable_keywords":null,"is_hazmat":false,"is_product_coming_soon":null,"is_product_displayable":true,"is_product_searchable":true,"is_product_shoppable":true,"is_product_sold_out":null,"is_product_temporarily_out_of_stock":null,"is_search_suppressed":null,"key_ingredient":null,"media":{"large":null,"medium":null,"poster":null,"small":null,"videos":[{"position":null,"poster":{"height":null,"src":null,"width":null},"provider":null,"src":null},{"position":null,"poster":{"height":null,"src":null,"width":null},"provider":null,"src":null},{"position":null,"poster":{"height":null,"src":null,"width":null},"provider":null,"src":null}],"xl":null},"meta":{"description":null,"keywords":null},"parent_category":[{"id":"1599","value":"ファンデーション"},{"id":"1592","value":"メーク"}],"product_badge":null,"product_id":"63115","product_title_tag":null,"product_type":"Shaded","product_url":"/product/1599/63115/--33-spf33pa/even-better-brightening-cushion-compact-33-refill","reviews":{"average_rating":null,"number_of_questions":null,"number_of_reviews":null},"shade_groups":null,"short_description":"シミ・色ムラ、ゼロの “均一美白肌”<font size=\"1\">*1</font>へ。<br>新・薬用美白クッション ファンデ誕生<br><br>シミ、色ムラのない均一美肌を叶える「イーブン ベター」のファンデーション シリーズに、美白有効成分<font size=\"1\">*２</font>配合。使うごとに肌に透明感を与えて明るく輝くようにカバーする、新・薬用美白クッション ファンデが誕生。<br>それは、今の肌悩みを美しくカバーしながら、未来の肌のために美白するファンデ。<br>肌に乗せた瞬間、リキッドが肌に吸い付くように、軽やかにフィット。<br>瞬時に、気になるシミ・色ムラをカバーして、スキントーンもアップ。<br>ふわっとヴェールをまとったような、なめらかなセミマット仕上がりで、ドキッとするほど、明るい、透明感のある「均一美白肌」<font size=\"1\">*1</font>を叶えます。<br>ファンデをつけている間、まるで美白美容液が角質層のすみずみまで染み込むように、美白有効成分がメラニンの生成を抑え、シミ・ソバカスを防御。<br>汗・湿気に強い「ウォーター レジスタント処方」で、時間がたっても崩れにくく、つけたての美しさをキープ。シアーからミディアムまで、お好みのカバー力に調整可能。<br>日本人の肌色を美しく引き立てる、全10色展開です。<br><br><font size=\"1\">※美白とは、メラニンの生成を抑え、シミ・ソバカスを防ぐこと。*1メークアップ効果による*2L-アスコルビン酸 2-グルコシド</font>","skin":null,"skin_goal":null,"skus":{"total":5,"items":[{"color_family":null,"coverage_options":null,"cross_sell":null,"display_status":7,"finish":null,"finish_options":null,"fragrances":[{"family":null,"key":null,"value":null}],"iln_listing":"Ｌ－アスコルビン酸　２－グルコシド*、グリチルレチン酸ステアリル*、精製水、トリス（トリメチルシロキシ）メチルシラン、ジメチコン、微粒子酸化Ｔi、ジ２－エチルヘキサン酸ネオペンチルグリコール、ＢＧ、マイカ、硫酸Ｂａ、酸化チタン、ＰＥＧ－９　ポリジメチルシロキシエチル　ジメチコン、ペンチレングリコール、タルク、水酸化Ａｌ、アクリル酸アルキル共重合体メチルポリシロキサンエステル、濃グリセリン、ポリアクリル酸アルキル、ＰＥＧ２００００、黄酸化鉄、架橋型ジメチコン、架橋型ポリエーテル変性シリコーン混合物、ジイソステアリン酸ポリグリセリル、ステアリン酸、塩化Ｎａ、クエン酸Ｎａ、酸化Ａｌ、天然ビタミンＥ、ベンガラ、水酸化ナトリウム、ＢＨＴ、グリシン、クエン酸、メチルハイドロジェンポリシロキサン、チャエキス（１）、黒酸化鉄、硫酸Ｍｇ、フェノキシエタノール<QDILN317>　*は有効成分　無印はその他の成分","iln_version_number":null,"inventory_status":"Active","is_active":true,"is_coming_soon":null,"is_default_sku":false,"is_discountable":true,"is_displayable":null,"is_engravable":null,"is_fragrance":null,"is_giftable":null,"is_giftwrap":false,"is_inactive":null,"is_multi_shaded":null,"is_out_of_stock":null,"is_preorder":false,"is_preorderable":null,"is_promotional":null,"is_replenishable":false,"is_search_suppressed":null,"is_searchable":true,"is_shaded":null,"is_sized":null,"is_sold_out":null,"is_under_weight_hazmat":false,"is_vto_enabled":null,"life_of_product":"Basic Reorder","material_code":"K9EY610000","media":{"large":[{"alt":"イーブン ベター ブライトニング クッション コンパクト 33 ※医薬部外品 SPF33/PA＋＋＋ リフィル","height":1200,"position":0,"src":"/media/export/cms/products/1200x1500/cl_sku_K9EY61_1200x1500_0.png","type":"image","width":1500}],"medium":[{"alt":"イーブン ベター ブライトニング クッション コンパクト 33 ※医薬部外品 SPF33/PA＋＋＋ リフィル","height":600,"position":1,"src":"/media/export/cms/products/600x750/cl_sku_K9EY61_600x750_0.png","type":"image","width":750}],"model":null,"poster":null,"small":[{"alt":"イーブン ベター ブライトニング クッション コンパクト 33 ※医薬部外品 SPF33/PA＋＋＋ リフィル","height":1200,"position":2,"src":"/media/export/cms/products/1200x1500/cl_sku_K9EY61_1200x1500_0.png","type":"image","width":1500}],"smoosh":null,"xl":null},"out_of_stock_threshold":null,"perlgem":{"SKU_BASE_ID":99638},"preorder_date":null,"prices":[{"currency":"JPY","exclude_tax":{"original_price":4300,"original_price_formatted":"¥4,300","price":4300,"price_formatted":"¥4,300","price_per_unit":null,"price_per_unit_formatted":""},"include_tax":{"original_price":4730,"original_price_formatted":"¥4,730","price":4730,"price_formatted":"¥4,730","price_per_unit":null,"price_per_unit_formatted":""},"is_discounted":false}],"purchase_limit":null,"replenishment":{"message":null},"reviews":{"average_rating":null,"number_of_questions":null,"number_of_reviews":null},"set_components":null,"shade_groups":null,"shades":[{"description":"","hex_val":"#F6D5BF","image":{"height":null,"src":"","width":null},"name":"61 アイボリー","smoosh_design":{"group_id":null,"name":""}}],"sizes":[{"key":1,"value":null}],"skin":{"tone":null,"type":null,"type_description":null},"sku_badge":null,"sku_badge_image":null,"sku_display_order":0,"sku_id":"K9EY61","sku_promo_messaging":null,"sku_type":"SE","sku_url":null,"tags":{"total":4,"items":[{"id":"25943","key":"foundation-fy20spring-set-refill","value":"foundation_fy20spring_set_refill"},{"id":"19570","key":"おすすめ製品","value":"おすすめ製品"},{"id":"1599","key":"ファンデーション","value":"ファンデーション"},{"id":"1592","key":"メーク","value":"メーク"}]},"texture":null,"undertone":null,"unit_of_measure":null,"unit_size":null,"unit_size_formatted":null,"upc":"020714972660","vto":{"is_color_experience":null,"is_foundation_experience":null}},{"color_family":null,"coverage_options":null,"cross_sell":null,"display_status":7,"finish":null,"finish_options":null,"fragrances":[{"family":null,"key":null,"value":null}],"iln_listing":"Ｌ－アスコルビン酸　２－グルコシド*、グリチルレチン酸ステアリル*、精製水、トリス（トリメチルシロキシ）メチルシラン、ジメチコン、微粒子酸化Ｔi、ジ２－エチルヘキサン酸ネオペンチルグリコール、ＢＧ、マイカ、硫酸Ｂａ、酸化チタン、ＰＥＧ－９　ポリジメチルシロキシエチル　ジメチコン、ペンチレングリコール、タルク、水酸化Ａｌ、アクリル酸アルキル共重合体メチルポリシロキサンエステル、濃グリセリン、ポリアクリル酸アルキル、ＰＥＧ２００００、黄酸化鉄、架橋型ジメチコン、架橋型ポリエーテル変性シリコーン混合物、ジイソステアリン酸ポリグリセリル、ステアリン酸、塩化Ｎａ、クエン酸Ｎａ、酸化Ａｌ、天然ビタミンＥ、ベンガラ、水酸化ナトリウム、ＢＨＴ、グリシン、クエン酸、メチルハイドロジェンポリシロキサン、チャエキス（１）、黒酸化鉄、硫酸Ｍｇ、フェノキシエタノール<QDILN317>　*は有効成分　無印はその他の成分","iln_version_number":null,"inventory_status":"Active","is_active":true,"is_coming_soon":null,"is_default_sku":false,"is_discountable":true,"is_displayable":null,"is_engravable":null,"is_fragrance":null,"is_giftable":null,"is_giftwrap":false,"is_inactive":null,"is_multi_shaded":null,"is_out_of_stock":null,"is_preorder":false,"is_preorderable":null,"is_promotional":null,"is_replenishable":false,"is_search_suppressed":null,"is_searchable":true,"is_shaded":null,"is_sized":null,"is_sold_out":null,"is_under_weight_hazmat":false,"is_vto_enabled":null,"life_of_product":"Basic Reorder","material_code":"K9EY630000","media":{"large":[{"alt":"イーブン ベター ブライトニング クッション コンパクト 33 ※医薬部外品 SPF33/PA＋＋＋ リフィル","height":1200,"position":0,"src":"/media/export/cms/products/1200x1500/cl_sku_K9EY63_1200x1500_0.png","type":"image","width":1500}],"medium":[{"alt":"イーブン ベター ブライトニング クッション コンパクト 33 ※医薬部外品 SPF33/PA＋＋＋ リフィル","height":600,"position":1,"src":"/media/export/cms/products/600x750/cl_sku_K9EY63_600x750_0.png","type":"image","width":750}],"model":null,"poster":null,"small":[{"alt":"イーブン ベター ブライトニング クッション コンパクト 33 ※医薬部外品 SPF33/PA＋＋＋ リフィル","height":1200,"position":2,"src":"/media/export/cms/products/1200x1500/cl_sku_K9EY63_1200x1500_0.png","type":"image","width":1500}],"smoosh":null,"xl":null},"out_of_stock_threshold":null,"perlgem":{"SKU_BASE_ID":99640},"preorder_date":null,"prices":[{"currency":"JPY","exclude_tax":{"original_price":4300,"original_price_formatted":"¥4,300","price":4300,"price_formatted":"¥4,300","price_per_unit":null,"price_per_unit_formatted":""},"include_tax":{"original_price":4730,"original_price_formatted":"¥4,730","price":4730,"price_formatted":"¥4,730","price_per_unit":null,"price_per_unit_formatted":""},"is_discounted":false}],"purchase_limit":null,"replenishment":{"message":null},"reviews":{"average_rating":null,"number_of_questions":null,"number_of_reviews":null},"set_components":null,"shade_groups":null,"shades":[{"description":"","hex_val":"#F6D2BE","image":{"height":null,"src":"","width":null},"name":"63 フレッシュ ベージュ","smoosh_design":{"group_id":null,"name":""}}],"sizes":[{"key":1,"value":null}],"skin":{"tone":null,"type":null,"type_description":null},"sku_badge":null,"sku_badge_image":null,"sku_display_order":2,"sku_id":"K9EY63","sku_promo_messaging":null,"sku_type":"SE","sku_url":null,"tags":{"total":4,"items":[{"id":"25943","key":"foundation-fy20spring-set-refill","value":"foundation_fy20spring_set_refill"},{"id":"19570","key":"おすすめ製品","value":"おすすめ製品"},{"id":"1599","key":"ファンデーション","value":"ファンデーション"},{"id":"1592","key":"メーク","value":"メーク"}]},"texture":null,"undertone":null,"unit_of_measure":null,"unit_size":null,"unit_size_formatted":null,"upc":"020714972684","vto":{"is_color_experience":null,"is_foundation_experience":null}},{"color_family":null,"coverage_options":null,"cross_sell":null,"display_status":7,"finish":null,"finish_options":null,"fragrances":[{"family":null,"key":null,"value":null}],"iln_listing":"Ｌ－アスコルビン酸　２－グルコシド*、グリチルレチン酸ステアリル*、精製水、トリス（トリメチルシロキシ）メチルシラン、ジメチコン、微粒子酸化Ｔi、ジ２－エチルヘキサン酸ネオペンチルグリコール、ＢＧ、マイカ、硫酸Ｂａ、酸化チタン、ＰＥＧ－９　ポリジメチルシロキシエチル　ジメチコン、ペンチレングリコール、タルク、水酸化Ａｌ、アクリル酸アルキル共重合体メチルポリシロキサンエステル、濃グリセリン、ポリアクリル酸アルキル、ＰＥＧ２００００、黄酸化鉄、架橋型ジメチコン、架橋型ポリエーテル変性シリコーン混合物、ジイソステアリン酸ポリグリセリル、ステアリン酸、塩化Ｎａ、クエン酸Ｎａ、酸化Ａｌ、天然ビタミンＥ、ベンガラ、水酸化ナトリウム、ＢＨＴ、グリシン、クエン酸、メチルハイドロジェンポリシロキサン、チャエキス（１）、黒酸化鉄、硫酸Ｍｇ、フェノキシエタノール<QDILN317>　*は有効成分　無印はその他の成分","iln_version_number":null,"inventory_status":"Active","is_active":true,"is_coming_soon":null,"is_default_sku":false,"is_discountable":true,"is_displayable":null,"is_engravable":null,"is_fragrance":null,"is_giftable":null,"is_giftwrap":false,"is_inactive":null,"is_multi_shaded":null,"is_out_of_stock":null,"is_preorder":false,"is_preorderable":null,"is_promotional":null,"is_replenishable":false,"is_search_suppressed":null,"is_searchable":true,"is_shaded":null,"is_sized":null,"is_sold_out":null,"is_under_weight_hazmat":false,"is_vto_enabled":null,"life_of_product":"Basic Reorder","material_code":"K9EY640000","media":{"large":[{"alt":"イーブン ベター ブライトニング クッション コンパクト 33 ※医薬部外品 SPF33/PA＋＋＋ リフィル","height":1200,"position":0,"src":"/media/export/cms/products/1200x1500/cl_sku_K9EY64_1200x1500_0.png","type":"image","width":1500}],"medium":[{"alt":"イーブン ベター ブライトニング クッション コンパクト 33 ※医薬部外品 SPF33/PA＋＋＋ リフィル","height":600,"position":1,"src":"/media/export/cms/products/600x750/cl_sku_K9EY64_600x750_0.png","type":"image","width":750}],"model":null,"poster":null,"small":[{"alt":"イーブン ベター ブライトニング クッション コンパクト 33 ※医薬部外品 SPF33/PA＋＋＋ リフィル","height":1200,"position":2,"src":"/media/export/cms/products/1200x1500/cl_sku_K9EY64_1200x1500_0.png","type":"image","width":1500}],"smoosh":null,"xl":null},"out_of_stock_threshold":null,"perlgem":{"SKU_BASE_ID":99642},"preorder_date":null,"prices":[{"currency":"JPY","exclude_tax":{"original_price":4300,"original_price_formatted":"¥4,300","price":4300,"price_formatted":"¥4,300","price_per_unit":null,"price_per_unit_formatted":""},"include_tax":{"original_price":4730,"original_price_formatted":"¥4,730","price":4730,"price_formatted":"¥4,730","price_per_unit":null,"price_per_unit_formatted":""},"is_discounted":false}],"purchase_limit":null,"replenishment":{"message":null},"reviews":{"average_rating":null,"number_of_questions":null,"number_of_reviews":null},"set_components":null,"shade_groups":null,"shades":[{"description":"","hex_val":"#F4C5A8","image":{"height":null,"src":"","width":null},"name":"64 クリーム ベージュ","smoosh_design":{"group_id":null,"name":""}}],"sizes":[{"key":1,"value":null}],"skin":{"tone":null,"type":null,"type_description":null},"sku_badge":null,"sku_badge_image":null,"sku_display_order":3,"sku_id":"K9EY64","sku_promo_messaging":null,"sku_type":"SE","sku_url":null,"tags":{"total":4,"items":[{"id":"25943","key":"foundation-fy20spring-set-refill","value":"foundation_fy20spring_set_refill"},{"id":"19570","key":"おすすめ製品","value":"おすすめ製品"},{"id":"1599","key":"ファンデーション","value":"ファンデーション"},{"id":"1592","key":"メーク","value":"メーク"}]},"texture":null,"undertone":null,"unit_of_measure":null,"unit_size":null,"unit_size_formatted":null,"upc":"020714972691","vto":{"is_color_experience":null,"is_foundation_experience":null}},{"color_family":null,"coverage_options":null,"cross_sell":null,"display_status":7,"finish":null,"finish_options":null,"fragrances":[{"family":null,"key":null,"value":null}],"iln_listing":"Ｌ－アスコルビン酸　２－グルコシド*、グリチルレチン酸ステアリル*、精製水、トリス（トリメチルシロキシ）メチルシラン、ジメチコン、微粒子酸化Ｔi、ジ２－エチルヘキサン酸ネオペンチルグリコール、ＢＧ、マイカ、硫酸Ｂａ、酸化チタン、ＰＥＧ－９　ポリジメチルシロキシエチル　ジメチコン、ペンチレングリコール、タルク、水酸化Ａｌ、アクリル酸アルキル共重合体メチルポリシロキサンエステル、濃グリセリン、ポリアクリル酸アルキル、ＰＥＧ２００００、黄酸化鉄、架橋型ジメチコン、架橋型ポリエーテル変性シリコーン混合物、ジイソステアリン酸ポリグリセリル、ステアリン酸、塩化Ｎａ、クエン酸Ｎａ、酸化Ａｌ、天然ビタミンＥ、ベンガラ、水酸化ナトリウム、ＢＨＴ、グリシン、クエン酸、メチルハイドロジェンポリシロキサン、チャエキス（１）、黒酸化鉄、硫酸Ｍｇ、フェノキシエタノール<QDILN317>　*は有効成分　無印はその他の成分","iln_version_number":null,"inventory_status":"Active","is_active":true,"is_coming_soon":null,"is_default_sku":false,"is_discountable":true,"is_displayable":null,"is_engravable":null,"is_fragrance":null,"is_giftable":null,"is_giftwrap":false,"is_inactive":null,"is_multi_shaded":null,"is_out_of_stock":null,"is_preorder":false,"is_preorderable":null,"is_promotional":null,"is_replenishable":false,"is_search_suppressed":null,"is_searchable":true,"is_shaded":null,"is_sized":null,"is_sold_out":null,"is_under_weight_hazmat":false,"is_vto_enabled":null,"life_of_product":"Basic Reorder","material_code":"K9EY650000","media":{"large":[{"alt":"イーブン ベター ブライトニング クッション コンパクト 33 ※医薬部外品 SPF33/PA＋＋＋ リフィル","height":1200,"position":0,"src":"/media/export/cms/products/1200x1500/cl_sku_K9EY65_1200x1500_0.png","type":"image","width":1500}],"medium":[{"alt":"イーブン ベター ブライトニング クッション コンパクト 33 ※医薬部外品 SPF33/PA＋＋＋ リフィル","height":600,"position":1,"src":"/media/export/cms/products/600x750/cl_sku_K9EY65_600x750_0.png","type":"image","width":750}],"model":null,"poster":null,"small":[{"alt":"イーブン ベター ブライトニング クッション コンパクト 33 ※医薬部外品 SPF33/PA＋＋＋ リフィル","height":1200,"position":2,"src":"/media/export/cms/products/1200x1500/cl_sku_K9EY65_1200x1500_0.png","type":"image","width":1500}],"smoosh":null,"xl":null},"out_of_stock_threshold":null,"perlgem":{"SKU_BASE_ID":99643},"preorder_date":null,"prices":[{"currency":"JPY","exclude_tax":{"original_price":4300,"original_price_formatted":"¥4,300","price":4300,"price_formatted":"¥4,300","price_per_unit":null,"price_per_unit_formatted":""},"include_tax":{"original_price":4730,"original_price_formatted":"¥4,730","price":4730,"price_formatted":"¥4,730","price_per_unit":null,"price_per_unit_formatted":""},"is_discounted":false}],"purchase_limit":null,"replenishment":{"message":null},"reviews":{"average_rating":null,"number_of_questions":null,"number_of_reviews":null},"set_components":null,"shade_groups":null,"shades":[{"description":"","hex_val":"#E1B09A","image":{"height":null,"src":"","width":null},"name":"65 ニュートラル","smoosh_design":{"group_id":null,"name":""}}],"sizes":[{"key":1,"value":null}],"skin":{"tone":null,"type":null,"type_description":null},"sku_badge":null,"sku_badge_image":null,"sku_display_order":4,"sku_id":"K9EY65","sku_promo_messaging":null,"sku_type":"SE","sku_url":null,"tags":{"total":4,"items":[{"id":"25943","key":"foundation-fy20spring-set-refill","value":"foundation_fy20spring_set_refill"},{"id":"19570","key":"おすすめ製品","value":"おすすめ製品"},{"id":"1599","key":"ファンデーション","value":"ファンデーション"},{"id":"1592","key":"メーク","value":"メーク"}]},"texture":null,"undertone":null,"unit_of_measure":null,"unit_size":null,"unit_size_formatted":null,"upc":"020714972707","vto":{"is_color_experience":null,"is_foundation_experience":null}},{"color_family":null,"coverage_options":null,"cross_sell":null,"display_status":7,"finish":null,"finish_options":null,"fragrances":[{"family":null,"key":null,"value":null}],"iln_listing":"Ｌ－アスコルビン酸　２－グルコシド*、グリチルレチン酸ステアリル*、精製水、トリス（トリメチルシロキシ）メチルシラン、ジメチコン、微粒子酸化Ｔi、ジ２－エチルヘキサン酸ネオペンチルグリコール、ＢＧ、マイカ、硫酸Ｂａ、酸化チタン、ＰＥＧ－９　ポリジメチルシロキシエチル　ジメチコン、ペンチレングリコール、タルク、水酸化Ａｌ、アクリル酸アルキル共重合体メチルポリシロキサンエステル、濃グリセリン、ポリアクリル酸アルキル、ＰＥＧ２００００、黄酸化鉄、架橋型ジメチコン、架橋型ポリエーテル変性シリコーン混合物、ジイソステアリン酸ポリグリセリル、ステアリン酸、塩化Ｎａ、クエン酸Ｎａ、酸化Ａｌ、天然ビタミンＥ、ベンガラ、水酸化ナトリウム、ＢＨＴ、グリシン、クエン酸、メチルハイドロジェンポリシロキサン、チャエキス（１）、黒酸化鉄、硫酸Ｍｇ、フェノキシエタノール<QDILN317>　*は有効成分　無印はその他の成分","iln_version_number":null,"inventory_status":"Active","is_active":true,"is_coming_soon":null,"is_default_sku":false,"is_discountable":true,"is_displayable":null,"is_engravable":null,"is_fragrance":null,"is_giftable":null,"is_giftwrap":false,"is_inactive":null,"is_multi_shaded":null,"is_out_of_stock":null,"is_preorder":false,"is_preorderable":null,"is_promotional":null,"is_replenishable":false,"is_search_suppressed":null,"is_searchable":true,"is_shaded":null,"is_sized":null,"is_sold_out":null,"is_under_weight_hazmat":false,"is_vto_enabled":null,"life_of_product":"Basic Reorder","material_code":"K9EY710000","media":{"large":[{"alt":"イーブン ベター ブライトニング クッション コンパクト 33 ※医薬部外品 SPF33/PA＋＋＋ リフィル","height":1200,"position":0,"src":"/media/export/cms/products/1200x1500/cl_sku_K9EY71_1200x1500_0.png","type":"image","width":1500}],"medium":[{"alt":"イーブン ベター ブライトニング クッション コンパクト 33 ※医薬部外品 SPF33/PA＋＋＋ リフィル","height":600,"position":1,"src":"/media/export/cms/products/600x750/cl_sku_K9EY71_600x750_0.png","type":"image","width":750}],"model":null,"poster":null,"small":[{"alt":"イーブン ベター ブライトニング クッション コンパクト 33 ※医薬部外品 SPF33/PA＋＋＋ リフィル","height":1200,"position":2,"src":"/media/export/cms/products/1200x1500/cl_sku_K9EY71_1200x1500_0.png","type":"image","width":1500}],"smoosh":null,"xl":null},"out_of_stock_threshold":null,"perlgem":{"SKU_BASE_ID":99641},"preorder_date":null,"prices":[{"currency":"JPY","exclude_tax":{"original_price":4300,"original_price_formatted":"¥4,300","price":4300,"price_formatted":"¥4,300","price_per_unit":null,"price_per_unit_formatted":""},"include_tax":{"original_price":4730,"original_price_formatted":"¥4,730","price":4730,"price_formatted":"¥4,730","price_per_unit":null,"price_per_unit_formatted":""},"is_discounted":false}],"purchase_limit":null,"replenishment":{"message":null},"reviews":{"average_rating":null,"number_of_questions":null,"number_of_reviews":null},"set_components":null,"shade_groups":null,"shades":[{"description":"","hex_val":"#FDD2B5","image":{"height":null,"src":"","width":null},"name":"71 ライトオークル","smoosh_design":{"group_id":null,"name":""}}],"sizes":[{"key":1,"value":null}],"skin":{"tone":null,"type":null,"type_description":null},"sku_badge":null,"sku_badge_image":null,"sku_display_order":7,"sku_id":"K9EY71","sku_promo_messaging":null,"sku_type":"SE","sku_url":null,"tags":{"total":4,"items":[{"id":"25943","key":"foundation-fy20spring-set-refill","value":"foundation_fy20spring_set_refill"},{"id":"19570","key":"おすすめ製品","value":"おすすめ製品"},{"id":"1599","key":"ファンデーション","value":"ファンデーション"},{"id":"1592","key":"メーク","value":"メーク"}]},"texture":null,"undertone":null,"unit_of_measure":null,"unit_size":null,"unit_size_formatted":null,"upc":"020714972738","vto":{"is_color_experience":null,"is_foundation_experience":null}}]},"sub_display_name":"イーブン ベター ブライトニング クッション コンパクト 33 ※医薬部外品 SPF33/PA＋＋＋ リフィル","sub_header":null,"tags":{"total":4,"items":[{"id":"25943","key":"foundation-fy20spring-set-refill","parent_tag_id":"1599","product_display_order":1,"value":"foundation_fy20spring_set_refill"},{"id":"19570","key":"おすすめ製品","parent_tag_id":"1000020","product_display_order":39,"value":"おすすめ製品"},{"id":"1599","key":"ファンデーション","parent_tag_id":"1592","product_display_order":7,"value":"ファンデーション"},{"id":"1592","key":"メーク","parent_tag_id":null,"product_display_order":0,"value":"メーク"}]},"usage":[{"content":null,"label":"PRODUCT USAGE","type":"product_usage"},{"content":null,"label":"HOW DOES IT WORK","type":"how_does_it_work"},{"content":null,"label":"WHO IT IS FOR","type":"who_it_is_for"},{"content":null,"label":"GREAT TO KNOW","type":"great_to_know"},{"content":null,"label":"WHAT_IT_DOES","type":"what_it_does"},{"content":null,"label":"WHAT_IT_IS","type":"what_it_is"}],"objectID":"63115"},{"benefit":{"statement":null,"benefits":null},"brand":null,"collection":null,"coverage":null,"cross_sell":[{"sku_id":"6F4G01","sort_key":1},{"sku_id":"6F3701","sort_key":2},{"sku_id":"68LE01","sort_key":3},{"sku_id":"6F4G01","sort_key":4},{"sku_id":"6F4G01","sort_key":5},{"sku_id":"6F3701","sort_key":6}],"default_category":{"id":"1608","key":"メークツール"},"description":"ミディアムサイズのアイ シャドウ ブラシ。アイホール全体も、まぶたのくぼみなどの部分使いにも使用可能。","display_mode":null,"display_name":"アイ シャドウ ブラシ","display_status":7,"finish":null,"form":null,"formula_type":null,"fragrance_family":null,"indexable_keywords":[{"value":"アイシャドウブラシ"}],"is_hazmat":false,"is_product_coming_soon":null,"is_product_displayable":true,"is_product_searchable":true,"is_product_shoppable":true,"is_product_sold_out":null,"is_product_temporarily_out_of_stock":null,"is_search_suppressed":null,"key_ingredient":null,"media":{"large":null,"medium":null,"poster":null,"small":null,"videos":[{"position":null,"poster":{"height":null,"src":null,"width":null},"provider":null,"src":null},{"position":null,"poster":{"height":null,"src":null,"width":null},"provider":null,"src":null},{"position":null,"poster":{"height":null,"src":null,"width":null},"provider":null,"src":null}],"xl":null},"meta":{"description":null,"keywords":"eyeshadow, sombra"},"parent_category":[{"id":"1608","value":"メークツール"},{"id":"1592","value":"メーク"}],"product_badge":null,"product_id":"6344","product_title_tag":null,"product_type":"Other","product_url":"/product/1608/6344/eye-shadow-brush","reviews":{"average_rating":null,"number_of_questions":null,"number_of_reviews":null},"shade_groups":null,"short_description":"ミディアムサイズのアイ シャドウ ブラシ。アイホール全体も、まぶたのくぼみなどの部分使いにも使用可能。","skin":null,"skin_goal":null,"skus":{"total":1,"items":[{"color_family":null,"coverage_options":null,"cross_sell":null,"display_status":7,"finish":null,"finish_options":null,"fragrances":[{"family":null,"key":null,"value":null}],"iln_listing":null,"iln_version_number":null,"inventory_status":"Active","is_active":true,"is_coming_soon":null,"is_default_sku":false,"is_discountable":true,"is_displayable":null,"is_engravable":null,"is_fragrance":null,"is_giftable":null,"is_giftwrap":false,"is_inactive":null,"is_multi_shaded":null,"is_out_of_stock":null,"is_preorder":false,"is_preorderable":null,"is_promotional":null,"is_replenishable":false,"is_search_suppressed":null,"is_searchable":true,"is_shaded":null,"is_sized":null,"is_sold_out":null,"is_under_weight_hazmat":false,"is_vto_enabled":null,"life_of_product":"Basic Reorder","material_code":"6F49010001","media":{"large":[{"alt":"アイ シャドウ ブラシ","height":1200,"position":0,"src":"/media/export/cms/products/1200x1500/cl_sku_6F4901_1200x1500_0.png","type":"image","width":1500}],"medium":[{"alt":"アイ シャドウ ブラシ","height":600,"position":1,"src":"/media/export/cms/products/600x750/cl_sku_6F4901_600x750_0.png","type":"image","width":750}],"model":null,"poster":null,"small":[{"alt":"アイ シャドウ ブラシ","height":1200,"position":2,"src":"/media/export/cms/products/1200x1500/cl_sku_6F4901_1200x1500_0.png","type":"image","width":1500}],"smoosh":null,"xl":null},"out_of_stock_threshold":null,"perlgem":{"SKU_BASE_ID":13295},"preorder_date":null,"prices":[{"currency":"JPY","exclude_tax":{"original_price":3000,"original_price_formatted":"¥3,000","price":3000,"price_formatted":"¥3,000","price_per_unit":null,"price_per_unit_formatted":""},"include_tax":{"original_price":3300,"original_price_formatted":"¥3,300","price":3300,"price_formatted":"¥3,300","price_per_unit":null,"price_per_unit_formatted":""},"is_discounted":false}],"purchase_limit":null,"replenishment":{"message":"Never run low on your favourites. Sign up for Auto-Ship. Learn more >"},"reviews":{"average_rating":null,"number_of_questions":null,"number_of_reviews":null},"set_components":null,"shade_groups":null,"shades":null,"sizes":[{"key":1,"value":null}],"skin":{"tone":null,"type":null,"type_description":null},"sku_badge":null,"sku_badge_image":null,"sku_display_order":0,"sku_id":"6F4901","sku_promo_messaging":null,"sku_type":"SE","sku_url":null,"tags":{"total":6,"items":[{"id":"27170","key":"day3flashsale","value":"Day3FlashSale"},{"id":"27174","key":"day7flashsale","value":"Day7FlashSale"},{"id":"1608","key":"メークツール","value":"メークツール"},{"id":"27172","key":"day5flashsale","value":"Day5FlashSale"},{"id":"12520","key":"eye-lip-brushes","value":"Eye & Lip Brushes"},{"id":"1598","key":"アイシャドウ","value":"アイシャドウ"}]},"texture":null,"undertone":null,"unit_of_measure":null,"unit_size":null,"unit_size_formatted":null,"upc":"020714228064","vto":{"is_color_experience":null,"is_foundation_experience":null}}]},"sub_display_name":"アイ シャドウ ブラシ","sub_header":null,"tags":{"total":6,"items":[{"id":"27170","key":"day3flashsale","parent_tag_id":"1590","product_display_order":0,"value":"Day3FlashSale"},{"id":"27174","key":"day7flashsale","parent_tag_id":"1590","product_display_order":0,"value":"Day7FlashSale"},{"id":"1608","key":"メークツール","parent_tag_id":"1592","product_display_order":5,"value":"メークツール"},{"id":"27172","key":"day5flashsale","parent_tag_id":"1590","product_display_order":87,"value":"Day5FlashSale"},{"id":"12520","key":"eye-lip-brushes","parent_tag_id":"1608","product_display_order":0,"value":"Eye & Lip Brushes"},{"id":"1598","key":"アイシャドウ","parent_tag_id":"1592","product_display_order":15,"value":"アイシャドウ"}]},"usage":[{"content":"ブラシにアイ シャドウをとり、軽く余分な粉を落としてからまぶたにのせます。","label":"PRODUCT USAGE","type":"product_usage"},{"content":null,"label":"HOW DOES IT WORK","type":"how_does_it_work"},{"content":null,"label":"WHO IT IS FOR","type":"who_it_is_for"},{"content":null,"label":"GREAT TO KNOW","type":"great_to_know"},{"content":null,"label":"WHAT_IT_DOES","type":"what_it_does"},{"content":null,"label":"WHAT_IT_IS","type":"what_it_is"}],"objectID":"6344"},{"benefit":{"statement":null,"benefits":null},"brand":null,"collection":null,"coverage":null,"cross_sell":[{"sku_id":"Z4KL01","sort_key":1},{"sku_id":"6KKA01","sort_key":2},{"sku_id":"7THL15","sort_key":3}],"default_category":{"id":"1673","key":"クレンジング洗顔"},"description":"<DIV>肌にのばした瞬間、バームからオイルへとなめらかに溶けるクレンジング バーム。落ちにくいメークや日焼け止め、肌の汚れを優しくすっきりと落とします。ハイブリッドサフラワー油などの成分が配合されているため、つっぱり感が無く、快適な肌に。</DIV><br><small>※スパチュラは付属品としておつけしておりません。ご了承ください。</small>","display_mode":null,"display_name":"テイク ザ デイ オフ クレンジング バーム","display_status":7,"finish":null,"form":null,"formula_type":null,"fragrance_family":null,"indexable_keywords":[{"value":"トリートメント"},{"value":"スキンケア"},{"value":"skincare"},{"value":"skin care"},{"value":"メーク落し"},{"value":"メイク落し"},{"value":"クレンザー"},{"value":"クレンジング"},{"value":"メークアップリムーバー"},{"value":"メイクアップリムーバー"},{"value":"クレンジングバーム"},{"value":"クレンジング オ"}],"is_hazmat":false,"is_product_coming_soon":null,"is_product_displayable":true,"is_product_searchable":true,"is_product_shoppable":true,"is_product_sold_out":null,"is_product_temporarily_out_of_stock":null,"is_search_suppressed":null,"key_ingredient":null,"media":{"large":[{"alt":"テイク ザ デイ オフ クレンジング バーム","height":1200,"position":0,"src":"/media/export/cms/products/1200x1500/cl_prod_6424_1200x1500_0.png","type":"image","width":1500},{"alt":"テイク ザ デイ オフ クレンジング バーム","height":1200,"position":1,"src":"/media/export/cms/products/1200x1500/cl_prod_6424_1200x1500_1.png","type":"image","width":1500}],"medium":null,"poster":null,"small":[{"alt":"テイク ザ デイ オフ クレンジング バーム","height":1200,"position":2,"src":"/media/export/cms/products/1200x1500/cl_prod_6424_1200x1500_0.png","type":"image","width":1500},{"alt":"テイク ザ デイ オフ クレンジング バーム","height":1200,"position":3,"src":"/media/export/cms/products/1200x1500/cl_prod_6424_1200x1500_1.png","type":"image","width":1500}],"videos":[{"position":null,"poster":{"height":null,"src":null,"width":null},"provider":"YouTube","src":null},{"position":null,"poster":{"height":null,"src":null,"width":null},"provider":"YouTube","src":null},{"position":null,"poster":{"height":null,"src":null,"width":null},"provider":"YouTube","src":null}],"xl":null},"meta":{"description":null,"keywords":"cleanser,makeup remover"},"parent_category":[{"id":"1673","value":"クレンジング・洗顔"},{"id":"1667","value":"スキンケア"}],"product_badge":null,"product_id":"6424","product_title_tag":null,"product_type":"Sized","product_url":"/product/1673/6424/--/take-the-day-off","reviews":{"average_rating":null,"number_of_questions":null,"number_of_reviews":null},"shade_groups":null,"short_description":"肌にのばした瞬間、バームからオイルへとなめらかに溶けるクレンジング バーム。<br>すべてのスキンタイプ","skin":null,"skin_goal":null,"skus":{"total":1,"items":[{"color_family":null,"coverage_options":null,"cross_sell":null,"display_status":7,"finish":null,"finish_options":null,"fragrances":[{"family":null,"key":null,"value":null}],"iln_listing":"パルミチン酸オクチル・ハイブリッドサフラワー油・トリ（カプリル／カプリン酸）グリセリル・テトラオレイン酸ソルベス－３０・ポリエチレン・トリイソステアリン酸ＰＥＧ－５グリセリル・水・トコフェロール・フェノキシエタノール<JILN2941>","iln_version_number":"JILN2941","inventory_status":"Active","is_active":true,"is_coming_soon":null,"is_default_sku":true,"is_discountable":true,"is_displayable":null,"is_engravable":null,"is_fragrance":null,"is_giftable":null,"is_giftwrap":false,"is_inactive":null,"is_multi_shaded":null,"is_out_of_stock":null,"is_preorder":false,"is_preorderable":null,"is_promotional":null,"is_replenishable":false,"is_search_suppressed":null,"is_searchable":true,"is_shaded":null,"is_sized":null,"is_sold_out":null,"is_under_weight_hazmat":false,"is_vto_enabled":null,"life_of_product":"Basic Reorder","material_code":"6CY4010001","media":{"large":[{"alt":"テイク ザ デイ オフ クレンジング バーム","height":1200,"position":0,"src":"/media/export/cms/products/1200x1500/cl_sku_6CY401_1200x1500_0.png","type":"image","width":1500}],"medium":[{"alt":"テイク ザ デイ オフ クレンジング バーム","height":600,"position":1,"src":"/media/export/cms/products/600x750/cl_sku_6CY401_600x750_0.png","type":"image","width":750},{"alt":"テイク ザ デイ オフ クレンジング バーム","height":600,"position":2,"src":"/media/export/cms/products/600x750/cl_sku_6CY401_600x750_1.png","type":"image","width":750}],"model":null,"poster":null,"small":[{"alt":"テイク ザ デイ オフ クレンジング バーム","height":1200,"position":3,"src":"/media/export/cms/products/1200x1500/cl_sku_6CY401_1200x1500_0.png","type":"image","width":1500}],"smoosh":null,"xl":null},"out_of_stock_threshold":null,"perlgem":{"SKU_BASE_ID":13037},"preorder_date":null,"prices":[{"currency":"JPY","exclude_tax":{"original_price":4000,"original_price_formatted":"¥4,000","price":4000,"price_formatted":"¥4,000","price_per_unit":null,"price_per_unit_formatted":""},"include_tax":{"original_price":4400,"original_price_formatted":"¥4,400","price":4400,"price_formatted":"¥4,400","price_per_unit":null,"price_per_unit_formatted":""},"is_discounted":false}],"purchase_limit":null,"replenishment":{"message":"Recommended Auto-Ship cycle: 8 weeks  Learn more >"},"reviews":{"average_rating":null,"number_of_questions":null,"number_of_reviews":null},"set_components":null,"shade_groups":null,"shades":null,"sizes":[{"key":1,"value":"125mL"}],"skin":{"tone":null,"type":[{"key":"dry-skintype","value":"dry_skintype"},{"key":"combination-skintype","value":"combination_skintype"},{"key":"oily-skintype","value":"oily_skintype"}],"type_description":null},"sku_badge":null,"sku_badge_image":null,"sku_display_order":0,"sku_id":"6CY401","sku_promo_messaging":null,"sku_type":"SE","sku_url":null,"tags":{"total":9,"items":[{"id":"27172","key":"day5flashsale","value":"Day5FlashSale"},{"id":"1575","key":"ベストセラー","value":"ベストセラー"},{"id":"27173","key":"day6flashsale","value":"Day6FlashSale"},{"id":"20011","key":"クレンジング","value":"クレンジング"},{"id":"11731","key":"nail-enamel","value":"nail enamel"},{"id":"13051","key":"スキンケア-ベストセラー","value":"スキンケア ベストセラー"},{"id":"1673","key":"クレンジング洗顔","value":"クレンジング・洗顔"},{"id":"28804","key":"クレンジング","value":"クレンジング"},{"id":"27174","key":"day7flashsale","value":"Day7FlashSale"}]},"texture":null,"undertone":null,"unit_of_measure":null,"unit_size":null,"unit_size_formatted":null,"upc":"020714215552","vto":{"is_color_experience":null,"is_foundation_experience":null}}]},"sub_display_name":"テイク ザ デイ オフ クレンジング バーム","sub_header":null,"tags":{"total":9,"items":[{"id":"27172","key":"day5flashsale","parent_tag_id":"1590","product_display_order":37,"value":"Day5FlashSale"},{"id":"1575","key":"ベストセラー","parent_tag_id":null,"product_display_order":12,"value":"ベストセラー"},{"id":"27173","key":"day6flashsale","parent_tag_id":"1590","product_display_order":0,"value":"Day6FlashSale"},{"id":"20011","key":"クレンジング","parent_tag_id":"1667","product_display_order":0,"value":"クレンジング"},{"id":"11731","key":"nail-enamel","parent_tag_id":"1592","product_display_order":0,"value":"nail enamel"},{"id":"13051","key":"スキンケア-ベストセラー","parent_tag_id":"1667","product_display_order":12,"value":"スキンケア ベストセラー"},{"id":"1673","key":"クレンジング洗顔","parent_tag_id":"1667","product_display_order":0,"value":"クレンジング・洗顔"},{"id":"28804","key":"クレンジング","parent_tag_id":"1667","product_display_order":0,"value":"クレンジング"},{"id":"27174","key":"day7flashsale","parent_tag_id":"1590","product_display_order":0,"value":"Day7FlashSale"}]},"usage":[{"content":"適量をとり、乾いた肌にのばし、メークや汚れとよくなじませます。その後、水分を加えて乳化させ、水またはぬるま湯で充分に洗い流してください。その後、3ステップ スキンケア（ソープ、ローション、乳液）を行ってください。","label":"PRODUCT USAGE","type":"product_usage"},{"content":null,"label":"HOW DOES IT WORK","type":"how_does_it_work"},{"content":"すべてのスキンタイプ","label":"WHO IT IS FOR","type":"who_it_is_for"},{"content":null,"label":"GREAT TO KNOW","type":"great_to_know"},{"content":"落ちにくいメークや日焼け止め、肌の汚れを優しくすっきりと落とします。ハイブリッドサフラワー油などの成分が配合されているため、つっぱり感が無く、快適な肌に。","label":"WHAT_IT_DOES","type":"what_it_does"},{"content":"肌にのばした瞬間、バームからオイルへとなめらかに溶けるクレンジング バーム。","label":"WHAT_IT_IS","type":"what_it_is"}],"objectID":"6424"},{"benefit":{"statement":null,"benefits":null},"brand":null,"collection":null,"coverage":null,"cross_sell":null,"default_category":{"id":"1683","key":"アイ-リップ-ケア"},"description":"<P>Moisture Marvel for Lips!<BR>唇美人へ、<BR>渇きに“ひと塗り”潤いチャージ!<BR><BR>肌の渇きにたっぷり水分チャージする「モイスチャー サージ」シリーズから、肌タイプを問わず誰もが渇きやすい「唇」のケア用、リップ トリートメントが新登場！<BR>ひと塗りで、瞬時に潤いチャージして唇ふっくら、乾燥によるかさつきをなめらかに。<BR>夜、お休み前に使用すれば、寝ている間も潤して唇ぷるん！の「リップ用集中ケア マスク」に。<BR>翌朝、ずっと触れていたくなるくらいのなめらかさ、ぷるん！と弾み返すような唇で目覚めます。<BR>日中は、リップメーク前の「5分間マスク」としても活躍。唇の凹凸をしっとり潤し、なめらかに。<BR>唇の質感を整えるから、リップの仕上がりにグン！と差をつける「下地」としてもぴったりです。<BR><BR>唇は、顔の印象を左右するもの。“ひと塗り”潤いチャージして、ぷるん！と唇美人をはじめてみませんか？<br><br>オール スキンタイプ","display_mode":null,"display_name":"モイスチャー サージ ハイドロ プランプ リップ トリートメント","display_status":7,"finish":null,"form":null,"formula_type":null,"fragrance_family":null,"indexable_keywords":null,"is_hazmat":false,"is_product_coming_soon":null,"is_product_displayable":true,"is_product_searchable":true,"is_product_shoppable":true,"is_product_sold_out":null,"is_product_temporarily_out_of_stock":null,"is_search_suppressed":null,"key_ingredient":null,"media":{"large":null,"medium":null,"poster":null,"small":null,"videos":[{"position":null,"poster":{"height":null,"src":null,"width":null},"provider":null,"src":null},{"position":null,"poster":{"height":null,"src":null,"width":null},"provider":null,"src":null},{"position":null,"poster":{"height":null,"src":null,"width":null},"provider":null,"src":null}],"xl":null},"meta":{"description":null,"keywords":null},"parent_category":[{"id":"1683","value":"アイ & リップ ケア"},{"id":"1667","value":"スキンケア"}],"product_badge":null,"product_id":"64269","product_title_tag":null,"product_type":"Other","product_url":"/product/1683/64269/-/--/moisture-surge-hydrating-plump-lip-treatment","reviews":{"average_rating":null,"number_of_questions":null,"number_of_reviews":null},"shade_groups":null,"short_description":"<P>Moisture Marvel for Lips!<BR>唇美人へ、<BR>渇きに“ひと塗り”潤いチャージ!<BR><BR>肌の渇きにたっぷり水分チャージする「モイスチャー サージ」シリーズから、肌タイプを問わず誰もが渇きやすい「唇」のケア用、リップ トリートメントが新登場！<BR>ひと塗りで、瞬時に潤いチャージして唇ふっくら、乾燥によるかさつきをなめらかに。<BR>夜、お休み前に使用すれば、寝ている間も潤して唇ぷるん！の「リップ用集中ケア マスク」に。<BR>翌朝、ずっと触れていたくなるくらいのなめらかさ、ぷるん！と弾み返すような唇で目覚めます。<BR>日中は、リップメーク前の「5分間マスク」としても活躍。唇の凹凸をしっとり潤し、なめらかに。<BR>唇の質感を整えるから、リップの仕上がりにグン！と差をつける「下地」としてもぴったりです。<BR><BR>唇は、顔の印象を左右するもの。“ひと塗り”潤いチャージして、ぷるん！と唇美人をはじめてみませんか？<br><br>オール スキンタイプ","skin":null,"skin_goal":null,"skus":{"total":1,"items":[{"color_family":null,"coverage_options":null,"cross_sell":null,"display_status":7,"finish":null,"finish_options":null,"fragrances":[{"family":null,"key":null,"value":null}],"iln_listing":"ワセリン・ポリブテン・トリイソステアリン酸ポリグリセリル－２・水添ポリイソブテン・酢酸トコフェロール・（ビニルピロリドン／ヘキサデセン）コポリマー・シリカ・水添ヒマシ油・トリ（カプリル酸／カプリン酸／ミリスチン酸／ステアリン酸）グリセリル・（ＰＰＧ－５１／ＳＭＤＩ）コポリマー・シア脂・（エチレン／プロピレン／スチレン）コポリマー・カプリリルグリコール・コレステロール・アストロカリウムムルムル種子脂・トリ（カプリル酸／カプリン酸）グリセリル・（Ｃ１２－１６）アルコール・テトラヘキシルデカン酸アスコルビル・（ブチレン／エチレン／スチレン）コポリマー・セラミドＮＧ・パルミチン酸・水添レシチン・シーウィップエキス・トコフェロール・クエン酸<JILN9186>","iln_version_number":"JILN9186","inventory_status":"Active","is_active":true,"is_coming_soon":null,"is_default_sku":false,"is_discountable":true,"is_displayable":null,"is_engravable":null,"is_fragrance":null,"is_giftable":null,"is_giftwrap":false,"is_inactive":null,"is_multi_shaded":null,"is_out_of_stock":null,"is_preorder":false,"is_preorderable":null,"is_promotional":null,"is_replenishable":false,"is_search_suppressed":null,"is_searchable":true,"is_shaded":null,"is_sized":null,"is_sold_out":null,"is_under_weight_hazmat":false,"is_vto_enabled":null,"life_of_product":"Basic Reorder","material_code":"KJR3010000","media":{"large":[{"alt":"モイスチャー サージ ハイドロ プランプ リップ トリートメント","height":1200,"position":0,"src":"/media/export/cms/products/1200x1500/cl_sku_KJR301_1200x1500_0.png","type":"image","width":1500}],"medium":[{"alt":"モイスチャー サージ ハイドロ プランプ リップ トリートメント","height":600,"position":1,"src":"/media/export/cms/products/600x750/cl_sku_KJR301_600x750_0.png","type":"image","width":750}],"model":null,"poster":null,"small":[{"alt":"モイスチャー サージ ハイドロ プランプ リップ トリートメント","height":1200,"position":2,"src":"/media/export/cms/products/1200x1500/cl_sku_KJR301_1200x1500_0.png","type":"image","width":1500}],"smoosh":null,"xl":null},"out_of_stock_threshold":null,"perlgem":{"SKU_BASE_ID":101140},"preorder_date":null,"prices":[{"currency":"JPY","exclude_tax":{"original_price":2400,"original_price_formatted":"¥2,400","price":2400,"price_formatted":"¥2,400","price_per_unit":null,"price_per_unit_formatted":""},"include_tax":{"original_price":2640,"original_price_formatted":"¥2,640","price":2640,"price_formatted":"¥2,640","price_per_unit":null,"price_per_unit_formatted":""},"is_discounted":false}],"purchase_limit":null,"replenishment":{"message":null},"reviews":{"average_rating":null,"number_of_questions":null,"number_of_reviews":null},"set_components":null,"shade_groups":null,"shades":null,"sizes":[{"key":1,"value":"10ml"}],"skin":{"tone":null,"type":null,"type_description":null},"sku_badge":null,"sku_badge_image":null,"sku_display_order":0,"sku_id":"KJR301","sku_promo_messaging":null,"sku_type":"SE","sku_url":null,"tags":{"total":5,"items":[{"id":"22833","key":"3500円税抜以下のおすすめ製品","value":"3500円(税抜)以下のおすすめ製品"},{"id":"25356","key":"lip-care","value":"Lip Care"},{"id":"1667","key":"スキンケア","value":"スキンケア"},{"id":"1687","key":"乾燥","value":"乾燥"},{"id":"1683","key":"アイ-リップ-ケア","value":"アイ & リップ ケア"}]},"texture":null,"undertone":null,"unit_of_measure":null,"unit_size":null,"unit_size_formatted":null,"upc":"192333002261","vto":{"is_color_experience":null,"is_foundation_experience":null}}]},"sub_display_name":"モイスチャー サージ ハイドロ プランプ リップ トリートメント","sub_header":null,"tags":{"total":5,"items":[{"id":"22833","key":"3500円税抜以下のおすすめ製品","parent_tag_id":"1000020","product_display_order":9,"value":"3500円(税抜)以下のおすすめ製品"},{"id":"25356","key":"lip-care","parent_tag_id":"1667","product_display_order":0,"value":"Lip Care"},{"id":"1667","key":"スキンケア","parent_tag_id":null,"product_display_order":78,"value":"スキンケア"},{"id":"1687","key":"乾燥","parent_tag_id":"1667","product_display_order":8,"value":"乾燥"},{"id":"1683","key":"アイ-リップ-ケア","parent_tag_id":"1667","product_display_order":1,"value":"アイ & リップ ケア"}]},"usage":[{"content":null,"label":"PRODUCT USAGE","type":"product_usage"},{"content":null,"label":"HOW DOES IT WORK","type":"how_does_it_work"},{"content":null,"label":"WHO IT IS FOR","type":"who_it_is_for"},{"content":null,"label":"GREAT TO KNOW","type":"great_to_know"},{"content":null,"label":"WHAT_IT_DOES","type":"what_it_does"},{"content":null,"label":"WHAT_IT_IS","type":"what_it_is"}],"objectID":"64269"},{"benefit":{"statement":null,"benefits":null},"brand":null,"collection":[{"key":"moisture-surge-collection","value":"moisture_surge_collection"}],"coverage":null,"cross_sell":null,"default_category":{"id":"1683","key":"アイ-リップ-ケア"},"description":"<span style=\"display:block;margin-bottom:0.5em;\">96h.<sup>＊1</sup>潤いの引力<sup>＊2</sup>を。目もと用、誕生。</span><span style=\"display:block;margin-bottom:0.5em;\">肌の渇きにたっぷり水分チャージする「モイスチャー サージ」シリーズから、皮膚が薄く皮脂腺の少ない、繊細で渇きやすい目もとのために アイケア美容液が誕生。</span><span style=\"display:block;margin-bottom:0.5em;\">よりしっとり<sup>＊3</sup>、長時間続く潤いへ、クリニークの革新的3つのテクノロジーを搭載。新「リピッドスフィア テクノロジー」は、アロエバター<sup>＊4</sup>などのスキンケア成分配合。<br>ビタミンE<sup>＊5</sup>とC<sup>＊6</sup>を包み込んだ ピンクとグリーンの粒状カプセルが次々と弾け、すばやく肌表面を膜で覆って守り、潤いを与えていきます。</span><span style=\"display:block;margin-bottom:0.5em;\">またシリーズが誇る「オアシス テクノロジー」と「モイスチャー ホールディング スーパー マトリックス テクノロジー」は、肌がみずから潤う力に着目。乾燥の原因となる環境ダメージからも肌を守り、角質層のすみずみまで潤いを送り込んで閉じ込め、まるで水分が自動的に湧き上がるように目もとに潤いを巡らせます。<br>ウォータージェル状でひんやり心地よく目もとを潤し、明るく、すっきりと引き締まった印象に導きます。<br>ふっくらなめらかな肌に潤すから、メーク前に使えば「アイメークのノリも良く」。<br>また、たっぷりのせて3分間置いた後、残りのジェルを優しくなじませて「3分間マスク」としても。<br>朝晩のケア以外にも、肌ニーズに合わせて使えてとても便利。<br>目の印象は、時として言葉よりパワフル。これからは、いつも潤んだ美しい目もとで、眼差しで魅了してみませんか？</span><small>＊196h.とは製品の略称　＊22製品に搭載されている角質層のすみずみまで深く水分を届けるテクノロジーのこと　＊3当社比　＊4保湿成分：アロエベラ葉エキスをヤシ脂で抽出したエキス　＊5酢酸トコフェロール：製品の抗酸化剤　＊6アスコルビン酸：製品の抗酸化剤</small>","display_mode":null,"display_name":"モイスチャー サージ 96 アイ コンセントレート","display_status":7,"finish":null,"form":null,"formula_type":null,"fragrance_family":null,"indexable_keywords":null,"is_hazmat":false,"is_product_coming_soon":null,"is_product_displayable":true,"is_product_searchable":true,"is_product_shoppable":true,"is_product_sold_out":null,"is_product_temporarily_out_of_stock":null,"is_search_suppressed":null,"key_ingredient":null,"media":{"large":[{"alt":"モイスチャー サージ 96 アイ コンセントレート","height":1200,"position":0,"src":"/media/export/cms/products/1200x1500/cl_prod_64270_1200x1500_0.png","type":"image","width":1500},{"alt":"モイスチャー サージ 96 アイ コンセントレート","height":1200,"position":1,"src":"/media/export/cms/products/1200x1500/cl_prod_64270_1200x1500_1.png","type":"image","width":1500}],"medium":null,"poster":null,"small":[{"alt":"モイスチャー サージ 96 アイ コンセントレート","height":1200,"position":2,"src":"/media/export/cms/products/1200x1500/cl_prod_64270_1200x1500_0.png","type":"image","width":1500},{"alt":"モイスチャー サージ 96 アイ コンセントレート","height":1200,"position":3,"src":"/media/export/cms/products/1200x1500/cl_prod_64270_1200x1500_1.png","type":"image","width":1500}],"videos":[{"position":null,"poster":{"height":null,"src":null,"width":null},"provider":"YouTube","src":null},{"position":null,"poster":{"height":null,"src":null,"width":null},"provider":"YouTube","src":null},{"position":null,"poster":{"height":null,"src":null,"width":null},"provider":"YouTube","src":null}],"xl":null},"meta":{"description":null,"keywords":null},"parent_category":[{"id":"1683","value":"アイ & リップ ケア"},{"id":"1667","value":"スキンケア"}],"product_badge":null,"product_id":"64270","product_title_tag":null,"product_type":"Other","product_url":"/product/1683/64270/-/-96-/moisture-surge-96-eye-concentrate","reviews":{"average_rating":null,"number_of_questions":null,"number_of_reviews":null},"shade_groups":null,"short_description":"肌の渇きにたっぷり水分チャージする「モイスチャー サージ」シリーズから、皮膚が薄く皮脂腺の少ない、繊細で渇きやすい目もとのために アイケア美容液が誕生。","skin":{"concern":[{"key":"dry-concern","value":"dry_concern"},{"key":"dehydration-concern","value":"dehydration_concern"}]},"skin_goal":null,"skus":{"total":1,"items":[{"color_family":null,"coverage_options":null,"cross_sell":null,"display_status":7,"finish":null,"finish_options":null,"fragrances":[{"family":null,"key":null,"value":null}],"iln_listing":"水・グリセリン・ＢＧ・プロパンジオール・フェニルトリメチコン・ヒドロキシエチルウレア・スクロース・トレハロース・アルゲエキス・（アクリレーツ／アクリル酸アルキル（Ｃ１０－３０））クロスポリマー・ソルビトール・パルミチン酸デキストリン・ポリアスパラギン酸Ｎａ・テトラエチルヘキサン酸ペンタエリスリチル・カフェイン・キュウリ果実エキス・酢酸トコフェロール・ポリメタクリル酸グリセリル・ＰＥＧ－７Ｍ・水酸化Ｎａ・アセチルグルコサミン・カルボマー・ナイアシンアミド・デヒドロキサンタンガム・ＢＨＴ・ヒアルロン酸Ｎａ・ＥＤＴＡ－２Ｎａ・テトラヘキシルデカン酸アスコルビル・コレステロール・テトラ（ジ－ｔ－ブチルヒドロキシヒドロケイヒ酸）ペンタエリスリチル・クエン酸Ｎａ・ＰＥＧ－８・（アクリル酸グリセリル／アクリル酸）コポリマー・加水分解コメエキス・クエン酸・チャ葉エキス・クロレラエキス・アルテロモナス発酵エキス・アセチルヘキサペプチド－８・（アジピン酸／カプリン酸／カプリル酸／ヘプタン酸）ペンタエリスリチル・酸化鉄・黄４・カギイバラノリエキス・シマテングサエキス・青１・アロエベラ葉水・ヤシ油・アロエベラ葉エキス・トリエトキシカプリリルシラン・パルミトイルヘキサペプチド－１２・フェノキシエタノール・クロルフェネシン・ソルビン酸Ｋ<JILN9192>","iln_version_number":"JILN9192","inventory_status":"Active","is_active":true,"is_coming_soon":null,"is_default_sku":true,"is_discountable":true,"is_displayable":null,"is_engravable":null,"is_fragrance":null,"is_giftable":null,"is_giftwrap":false,"is_inactive":null,"is_multi_shaded":null,"is_out_of_stock":null,"is_preorder":false,"is_preorderable":null,"is_promotional":null,"is_replenishable":false,"is_search_suppressed":null,"is_searchable":true,"is_shaded":null,"is_sized":null,"is_sold_out":null,"is_under_weight_hazmat":false,"is_vto_enabled":null,"life_of_product":"Basic Reorder","material_code":"KH97010000","media":{"large":[{"alt":"モイスチャー サージ 96 アイ コンセントレート","height":1200,"position":0,"src":"/media/export/cms/products/1200x1500/cl_sku_KH9701_1200x1500_0.png","type":"image","width":1500}],"medium":[{"alt":"モイスチャー サージ 96 アイ コンセントレート","height":600,"position":1,"src":"/media/export/cms/products/600x750/cl_sku_KH9701_600x750_0.png","type":"image","width":750},{"alt":"モイスチャー サージ 96 アイ コンセントレート","height":600,"position":2,"src":"/media/export/cms/products/600x750/cl_sku_KH9701_600x750_1.png","type":"image","width":750}],"model":null,"poster":null,"small":[{"alt":"モイスチャー サージ 96 アイ コンセントレート","height":1200,"position":3,"src":"/media/export/cms/products/1200x1500/cl_sku_KH9701_1200x1500_0.png","type":"image","width":1500}],"smoosh":null,"xl":null},"out_of_stock_threshold":null,"perlgem":{"SKU_BASE_ID":101141},"preorder_date":null,"prices":[{"currency":"JPY","exclude_tax":{"original_price":4500,"original_price_formatted":"¥4,500","price":4500,"price_formatted":"¥4,500","price_per_unit":null,"price_per_unit_formatted":""},"include_tax":{"original_price":4950,"original_price_formatted":"¥4,950","price":4950,"price_formatted":"¥4,950","price_per_unit":null,"price_per_unit_formatted":""},"is_discounted":false}],"purchase_limit":null,"replenishment":{"message":null},"reviews":{"average_rating":null,"number_of_questions":null,"number_of_reviews":null},"set_components":null,"shade_groups":null,"shades":null,"sizes":[{"key":1,"value":"15mL"}],"skin":{"tone":null,"type":[{"key":"dry-skintype","value":"dry_skintype"},{"key":"combination-skintype","value":"combination_skintype"},{"key":"oily-skintype","value":"oily_skintype"},{"key":"normal-skintype","value":"normal_skintype"}],"type_description":null},"sku_badge":null,"sku_badge_image":null,"sku_display_order":0,"sku_id":"KH9701","sku_promo_messaging":null,"sku_type":"SE","sku_url":null,"tags":{"total":5,"items":[{"id":"1667","key":"スキンケア","value":"スキンケア"},{"id":"27172","key":"day5flashsale","value":"Day5FlashSale"},{"id":"27174","key":"day7flashsale","value":"Day7FlashSale"},{"id":"1683","key":"アイ-リップ-ケア","value":"アイ & リップ ケア"},{"id":"27169","key":"day2flashsale","value":"Day2FlashSale"}]},"texture":null,"undertone":null,"unit_of_measure":null,"unit_size":null,"unit_size_formatted":null,"upc":"020714984236","vto":{"is_color_experience":null,"is_foundation_experience":null}}]},"sub_display_name":"モイスチャー サージ 96 アイ コンセントレート","sub_header":null,"tags":{"total":5,"items":[{"id":"1667","key":"スキンケア","parent_tag_id":null,"product_display_order":66,"value":"スキンケア"},{"id":"27172","key":"day5flashsale","parent_tag_id":"1590","product_display_order":15,"value":"Day5FlashSale"},{"id":"27174","key":"day7flashsale","parent_tag_id":"1590","product_display_order":0,"value":"Day7FlashSale"},{"id":"1683","key":"アイ-リップ-ケア","parent_tag_id":"1667","product_display_order":0,"value":"アイ & リップ ケア"},{"id":"27169","key":"day2flashsale","parent_tag_id":"1590","product_display_order":0,"value":"Day2FlashSale"}]},"usage":[{"content":null,"label":"PRODUCT USAGE","type":"product_usage"},{"content":null,"label":"HOW DOES IT WORK","type":"how_does_it_work"},{"content":"すべてのスキンタイプ","label":"WHO IT IS FOR","type":"who_it_is_for"},{"content":null,"label":"GREAT TO KNOW","type":"great_to_know"},{"content":"よりしっとり<sup>＊3</sup>、長時間続く潤いへ、クリニークの革新的3つのテクノロジーを搭載。新「リピッドスフィア テクノロジー」は、アロエバター<sup>＊4</sup>などのスキンケア成分配合。<br>ビタミンE<sup>＊5</sup>とC<sup>＊6</sup>を包み込んだ ピンクとグリーンの粒状カプセルが次々と弾け、すばやく肌表面を膜で覆って守り、潤いを与えていきます。<br><br>またシリーズが誇る「オアシス テクノロジー」と「モイスチャー ホールディング スーパー マトリックス テクノロジー」は、肌がみずから潤う力に着目。乾燥の原因となる環境ダメージからも肌を守り、角質層のすみずみまで潤いを送り込んで閉じ込め、まるで水分が自動的に湧き上がるように目もとに潤いを巡らせます。<br>ウォータージェル状でひんやり心地よく目もとを潤し、明るく、すっきりと引き締まった印象に導きます。<br>ふっくらなめらかな肌に潤すから、メーク前に使えば「アイメークのノリも良く」。<br>また、たっぷりのせて3分間置いた後、残りのジェルを優しくなじませて「3分間マスク」としても。<br>朝晩のケア以外にも、肌ニーズに合わせて使えてとても便利。<br>目の印象は、時として言葉よりパワフル。これからは、いつも潤んだ美しい目もとで、眼差しで魅了してみませんか？<br><small>＊3 当社比 ＊4 保湿成分：アロエベラ葉エキスをヤシ脂で抽出したエキス ＊5 酢酸トコフェロール：製品の抗酸化剤 ＊6 アスコルビン酸：製品の抗酸化剤</small>","label":"WHAT_IT_DOES","type":"what_it_does"},{"content":"アイケア美容液","label":"WHAT_IT_IS","type":"what_it_is"}],"objectID":"64270"},{"benefit":{"statement":null,"benefits":null},"brand":null,"collection":null,"coverage":null,"cross_sell":null,"default_category":{"id":"13303","key":"美容液"},"description":"美容皮膚科学から着想。<br>ビタミンA（レチノール）＊1とビタミンC＊2配合の革新的＊3エイジングケア＊4美容液、誕生。<br><br>待てないあなたへ。さあ、AとCの力で短期勝負を。<br>日中用のC「フレッシュ プレスト C10 デイリー ブースター」は、<br>使ってすぐにその感触に驚くはず。しっとり、透明感のある輝く肌へ。<br>そして使うごとに、キメが整い、なめらかに。<br>夜用のA「フレッシュ プレスト A オーバーナイト ブースター」は、<br>角質層のすみずみまで深く潤して、活き活きとした印象のハリ肌に。<br>乾燥小ジワも潤して、ふっくらと目立たなく＊５。<br><br>「フレッシュ」とはパワフルということ。<br>AとCを新鮮なうちに使い切る、濃密な集中エイジングケア美容液のセットで、エイジレスな肌印象がはじまります。<br><br>＊1 製品の安定剤 ＊2 アスコルビン酸：製品の抗酸化剤 ＊3 クリニーク内 ＊4年齢に応じた肌に潤いを与えるお手入れ　＊５効能評価試験済み<br><br>日中用１本＋夜用１本 ","display_mode":null,"display_name":"フレッシュ プレスト デイ & ナイト ブースター＜VC１本×VA１本＞","display_status":7,"finish":null,"form":null,"formula_type":null,"fragrance_family":null,"indexable_keywords":null,"is_hazmat":false,"is_product_coming_soon":null,"is_product_displayable":true,"is_product_searchable":true,"is_product_shoppable":true,"is_product_sold_out":null,"is_product_temporarily_out_of_stock":null,"is_search_suppressed":null,"key_ingredient":null,"media":{"large":null,"medium":null,"poster":null,"small":null,"videos":[{"position":null,"poster":{"height":null,"src":null,"width":null},"provider":null,"src":null},{"position":null,"poster":{"height":null,"src":null,"width":null},"provider":null,"src":null},{"position":null,"poster":{"height":null,"src":null,"width":null},"provider":null,"src":null}],"xl":null},"meta":{"description":null,"keywords":null},"parent_category":[{"id":"13303","value":"美容液"},{"id":"1667","value":"スキンケア"}],"product_badge":null,"product_id":"64882","product_title_tag":null,"product_type":"Other","product_url":"/product/13303/64882/--/fresh-pressed-day-night-booster","reviews":{"average_rating":null,"number_of_questions":null,"number_of_reviews":null},"shade_groups":null,"short_description":"美容皮膚科学から着想。<br>ビタミンA（レチノール）＊1とビタミンC＊2配合の革新的＊3エイジングケア＊4美容液、誕生。<br><br>待てないあなたへ。さあ、AとCの力で短期勝負を。<br>日中用のC「フレッシュ プレスト C10 デイリー ブースター」は、<br>使ってすぐにその感触に驚くはず。しっとり、透明感のある輝く肌へ。<br>そして使うごとに、キメが整い、なめらかに。<br>夜用のA「フレッシュ プレスト A オーバーナイト ブースター」は、<br>角質層のすみずみまで深く潤して、活き活きとした印象のハリ肌に。<br>乾燥小ジワも潤して、ふっくらと目立たなく＊５。<br><br>「フレッシュ」とはパワフルということ。<br>AとCを新鮮なうちに使い切る、濃密な集中エイジングケア美容液のセットで、エイジレスな肌印象がはじまります。<br><br>＊1 製品の安定剤 ＊2 アスコルビン酸：製品の抗酸化剤 ＊3 クリニーク内 ＊4年齢に応じた肌に潤いを与えるお手入れ　＊５効能評価試験済み<br><br>日中用１本＋夜用１本","skin":null,"skin_goal":null,"skus":{"total":1,"items":[{"color_family":null,"coverage_options":null,"cross_sell":null,"display_status":7,"finish":null,"finish_options":null,"fragrances":[{"family":null,"key":null,"value":null}],"iln_listing":null,"iln_version_number":null,"inventory_status":"Active","is_active":true,"is_coming_soon":null,"is_default_sku":false,"is_discountable":true,"is_displayable":null,"is_engravable":null,"is_fragrance":null,"is_giftable":null,"is_giftwrap":false,"is_inactive":null,"is_multi_shaded":null,"is_out_of_stock":null,"is_preorder":false,"is_preorderable":null,"is_promotional":null,"is_replenishable":false,"is_search_suppressed":null,"is_searchable":true,"is_shaded":null,"is_sized":null,"is_sold_out":null,"is_under_weight_hazmat":false,"is_vto_enabled":null,"life_of_product":"Basic Reorder","material_code":"K7P8010000","media":{"large":[{"alt":"フレッシュ プレスト デイ & ナイト ブースター＜VC１本×VA１本＞","height":1200,"position":0,"src":"/media/export/cms/products/1200x1500/cl_sku_K7P801_1200x1500_0.png","type":"image","width":1500}],"medium":[{"alt":"フレッシュ プレスト デイ & ナイト ブースター＜VC１本×VA１本＞","height":600,"position":1,"src":"/media/export/cms/products/600x750/cl_sku_K7P801_600x750_0.png","type":"image","width":750}],"model":null,"poster":null,"small":[{"alt":"フレッシュ プレスト デイ & ナイト ブースター＜VC１本×VA１本＞","height":1200,"position":2,"src":"/media/export/cms/products/1200x1500/cl_sku_K7P801_1200x1500_0.png","type":"image","width":1500}],"smoosh":null,"xl":null},"out_of_stock_threshold":null,"perlgem":{"SKU_BASE_ID":101889},"preorder_date":null,"prices":[{"currency":"JPY","exclude_tax":{"original_price":5200,"original_price_formatted":"¥5,200","price":5200,"price_formatted":"¥5,200","price_per_unit":null,"price_per_unit_formatted":""},"include_tax":{"original_price":5720,"original_price_formatted":"¥5,720","price":5720,"price_formatted":"¥5,720","price_per_unit":null,"price_per_unit_formatted":""},"is_discounted":false}],"purchase_limit":null,"replenishment":{"message":null},"reviews":{"average_rating":null,"number_of_questions":null,"number_of_reviews":null},"set_components":null,"shade_groups":null,"shades":null,"sizes":[{"key":1,"value":"VC 8.5ml X1 / VA 6ml X1"}],"skin":{"tone":null,"type":null,"type_description":null},"sku_badge":null,"sku_badge_image":null,"sku_display_order":0,"sku_id":"K7P801","sku_promo_messaging":null,"sku_type":"SE","sku_url":null,"tags":{"total":5,"items":[{"id":"13304","key":"スペシャルケア","value":"スペシャルケア"},{"id":"14706","key":"スペシャルケア","value":"スペシャルケア"},{"id":"13303","key":"美容液","value":"美容液"},{"id":"18919","key":"fresh-pressed","value":"Fresh Pressed"},{"id":"1667","key":"スキンケア","value":"スキンケア"}]},"texture":null,"undertone":null,"unit_of_measure":null,"unit_size":null,"unit_size_formatted":null,"upc":"020714925215","vto":{"is_color_experience":null,"is_foundation_experience":null}}]},"sub_display_name":"フレッシュ プレスト デイ & ナイト ブースター＜VC１本×VA１本＞","sub_header":null,"tags":{"total":5,"items":[{"id":"13304","key":"スペシャルケア","parent_tag_id":"1667","product_display_order":15,"value":"スペシャルケア"},{"id":"14706","key":"スペシャルケア","parent_tag_id":"1667","product_display_order":10,"value":"スペシャルケア"},{"id":"13303","key":"美容液","parent_tag_id":"1667","product_display_order":2,"value":"美容液"},{"id":"18919","key":"fresh-pressed","parent_tag_id":"1667","product_display_order":1,"value":"Fresh Pressed"},{"id":"1667","key":"スキンケア","parent_tag_id":null,"product_display_order":74,"value":"スキンケア"}]},"usage":[{"content":null,"label":"PRODUCT USAGE","type":"product_usage"},{"content":null,"label":"HOW DOES IT WORK","type":"how_does_it_work"},{"content":null,"label":"WHO IT IS FOR","type":"who_it_is_for"},{"content":null,"label":"GREAT TO KNOW","type":"great_to_know"},{"content":null,"label":"WHAT_IT_DOES","type":"what_it_does"},{"content":null,"label":"WHAT_IT_IS","type":"what_it_is"}],"objectID":"64882"},{"benefit":{"statement":null,"benefits":null},"brand":null,"collection":null,"coverage":null,"cross_sell":[{"sku_id":"KLR701","sort_key":1},{"sku_id":"ZPY101","sort_key":2},{"sku_id":"6CY401","sort_key":3}],"default_category":{"id":"1592","key":"メーク"},"description":"<P>つけたての明るさと透明感。<br>スキンケア発想の“均一美肌”続く<sup>＊1</sup>。</P><P>均一で美しいスキントーンのために。シミ・くすみなどの色ムラを瞬時にカバー。つけたての明るさと透明感が続く、ナチュラルなツヤ肌仕上がりのファンデーション。</P><P>クリニーク独自のモイスチャー テクノロジーで、肌を潤しながら、メーク中でもスキンケア。軽いつけ心地で、24時間メークしたての美しさが続きます<sup>＊2</sup>。</P><P>“均一美肌”ファンデーションで、自信の肌へ。</P><P><small>＊1 メークアップ効果による　＊2 化粧もち（色落ち）データ取得済み。（当社調べ。効果には個人差があります）</small></P>","display_mode":null,"display_name":"イーブン ベター リフレッシュ メークアップ","display_status":7,"finish":null,"form":null,"formula_type":null,"fragrance_family":null,"indexable_keywords":[{"value":"Even Better"},{"value":"イーブン ベター"},{"value":"イーブン"},{"value":"イーブンベター"},{"value":"リフレッシュ"},{"value":"メークアップ"}],"is_hazmat":false,"is_product_coming_soon":null,"is_product_displayable":true,"is_product_searchable":true,"is_product_shoppable":true,"is_product_sold_out":null,"is_product_temporarily_out_of_stock":null,"is_search_suppressed":null,"key_ingredient":null,"media":{"large":null,"medium":null,"poster":null,"small":null,"videos":[{"position":null,"poster":{"height":null,"src":null,"width":null},"provider":"YouTube","src":null},{"position":null,"poster":{"height":null,"src":null,"width":null},"provider":"YouTube","src":null},{"position":null,"poster":{"height":null,"src":null,"width":null},"provider":"YouTube","src":null}],"xl":null},"meta":{"description":null,"keywords":null},"parent_category":[{"id":"1592","value":"メーク"}],"product_badge":null,"product_id":"65272","product_title_tag":null,"product_type":"Shaded","product_url":"/product/1592/65272/-/even-better-refresh-makeup","reviews":{"average_rating":null,"number_of_questions":null,"number_of_reviews":null},"shade_groups":null,"short_description":"つけたての明るさと透明感が続く、ナチュラルなツヤ肌仕上がりのファンデーション。","skin":null,"skin_goal":null,"skus":{"total":6,"items":[{"color_family":null,"coverage_options":null,"cross_sell":null,"display_status":7,"finish":null,"finish_options":null,"fragrances":[{"family":null,"key":null,"value":null}],"iln_listing":"水・ジメチコン・メチルトリメチコン・（トリメチルシロキシケイ酸／ジメチコノール）クロスポリマー・ＢＧ・フェニルトリメチコン・ジヘプタン酸ネオペンチルグリコール・（ＰＰＧ－１２／ＳＭＤＩ）コポリマー・ナイアシンアミド・ヒドロキシエチルウレア・ラウリルＰＥＧ－９ポリジメチルシロキシエチルジメチコン・グリセリン・ポリアスパラギン酸Ｎａ・ＰＥＧ－１０ジメチコン・ポリシリコーン－１１・酢酸トコフェロール・塩化Ｎａ・ポリメタクリル酸メチル・ジステアルジモニウムヘクトライト・（ジメチコン／（ＰＥＧ－１０／１５））クロスポリマー・レシチン・トリエトキシカプリリルシラン・カプリリルグリコール・アルミナ・ステアリン酸亜鉛・シリカ・ポリメタクリル酸グリセリル・ラウレス－７・クエン酸トリエチル・ケイ酸（Ａｌ／Ｍｇ）・カフェイン・ＢＨＴ・ヒアルロン酸Ｎａ・ジメチコンシリレート・ＥＤＴＡ－２Ｎａ・ヘキシレングリコール・ＰＥＧ－８・ツクシメナモミエキス・ＰＰＧ－１５ステアリル・イソステアリン酸イソプロピル・メチコン・キサンタンガム・カプリル酸ＰＧ・ＤＰＧ・イタドリ根エキス・ソルビトール・トレハロース・クエン酸Ｎａ・アセチルヘキサペプチド－８・トコフェロール・ミクロコッカス溶解液・レスベラトロール・パルミトイルヘキサペプチド－１２・フェノキシエタノール・ソルビン酸Ｋ・サリチル酸　＋／－　酸化チタン・酸化鉄・マイカ<JILN9095>","iln_version_number":"JILN9095","inventory_status":"Active","is_active":true,"is_coming_soon":null,"is_default_sku":false,"is_discountable":true,"is_displayable":null,"is_engravable":null,"is_fragrance":null,"is_giftable":null,"is_giftwrap":false,"is_inactive":null,"is_multi_shaded":null,"is_out_of_stock":null,"is_preorder":false,"is_preorderable":null,"is_promotional":null,"is_replenishable":false,"is_search_suppressed":null,"is_searchable":true,"is_shaded":null,"is_sized":null,"is_sold_out":null,"is_under_weight_hazmat":false,"is_vto_enabled":null,"life_of_product":"Basic Reorder","material_code":"KHAT616000","media":{"large":[{"alt":"イーブン ベター リフレッシュ メークアップ","height":1200,"position":0,"src":"/media/export/cms/products/1200x1500/cl_sku_KHAT61_1200x1500_0.png","type":"image","width":1500}],"medium":[{"alt":"イーブン ベター リフレッシュ メークアップ","height":600,"position":1,"src":"/media/export/cms/products/600x750/cl_sku_KHAT61_600x750_0.png","type":"image","width":750}],"model":null,"poster":null,"small":[{"alt":"イーブン ベター リフレッシュ メークアップ","height":1200,"position":2,"src":"/media/export/cms/products/1200x1500/cl_sku_KHAT61_1200x1500_0.png","type":"image","width":1500}],"smoosh":null,"xl":null},"out_of_stock_threshold":null,"perlgem":{"SKU_BASE_ID":102443},"preorder_date":null,"prices":[{"currency":"JPY","exclude_tax":{"original_price":4800,"original_price_formatted":"¥4,800","price":4800,"price_formatted":"¥4,800","price_per_unit":null,"price_per_unit_formatted":""},"include_tax":{"original_price":5280,"original_price_formatted":"¥5,280","price":5280,"price_formatted":"¥5,280","price_per_unit":null,"price_per_unit_formatted":""},"is_discounted":false}],"purchase_limit":null,"replenishment":{"message":null},"reviews":{"average_rating":null,"number_of_questions":null,"number_of_reviews":null},"set_components":null,"shade_groups":null,"shades":[{"description":"","hex_val":"#EED4BA","image":{"height":null,"src":"","width":null},"name":"61 アイボリー","smoosh_design":{"group_id":null,"name":""}}],"sizes":[{"key":1,"value":"30mL"}],"skin":{"tone":null,"type":null,"type_description":null},"sku_badge":null,"sku_badge_image":null,"sku_display_order":0,"sku_id":"KHAT61","sku_promo_messaging":null,"sku_type":"SE","sku_url":null,"tags":{"total":4,"items":[{"id":"1592","key":"メーク","value":"メーク"},{"id":"1599","key":"ファンデーション","value":"ファンデーション"},{"id":"12537","key":"メークアップ-ベストセラー","value":"メークアップ ベストセラー"},{"id":"1575","key":"ベストセラー","value":"ベストセラー"}]},"texture":null,"undertone":null,"unit_of_measure":null,"unit_size":null,"unit_size_formatted":null,"upc":"020714984779","vto":{"is_color_experience":null,"is_foundation_experience":null}},{"color_family":null,"coverage_options":null,"cross_sell":null,"display_status":7,"finish":null,"finish_options":null,"fragrances":[{"family":null,"key":null,"value":null}],"iln_listing":"水・ジメチコン・メチルトリメチコン・（トリメチルシロキシケイ酸／ジメチコノール）クロスポリマー・ＢＧ・フェニルトリメチコン・ジヘプタン酸ネオペンチルグリコール・（ＰＰＧ－１２／ＳＭＤＩ）コポリマー・ナイアシンアミド・ヒドロキシエチルウレア・ラウリルＰＥＧ－９ポリジメチルシロキシエチルジメチコン・グリセリン・ポリアスパラギン酸Ｎａ・ＰＥＧ－１０ジメチコン・ポリシリコーン－１１・酢酸トコフェロール・塩化Ｎａ・ポリメタクリル酸メチル・ジステアルジモニウムヘクトライト・（ジメチコン／（ＰＥＧ－１０／１５））クロスポリマー・レシチン・トリエトキシカプリリルシラン・カプリリルグリコール・アルミナ・ステアリン酸亜鉛・シリカ・ポリメタクリル酸グリセリル・ラウレス－７・クエン酸トリエチル・ケイ酸（Ａｌ／Ｍｇ）・カフェイン・ＢＨＴ・ヒアルロン酸Ｎａ・ジメチコンシリレート・ＥＤＴＡ－２Ｎａ・ヘキシレングリコール・ＰＥＧ－８・ツクシメナモミエキス・ＰＰＧ－１５ステアリル・イソステアリン酸イソプロピル・メチコン・キサンタンガム・カプリル酸ＰＧ・ＤＰＧ・イタドリ根エキス・ソルビトール・トレハロース・クエン酸Ｎａ・アセチルヘキサペプチド－８・トコフェロール・ミクロコッカス溶解液・レスベラトロール・パルミトイルヘキサペプチド－１２・フェノキシエタノール・ソルビン酸Ｋ・サリチル酸　＋／－　酸化チタン・酸化鉄・マイカ<JILN9095>","iln_version_number":"JILN9095","inventory_status":"Active","is_active":true,"is_coming_soon":null,"is_default_sku":false,"is_discountable":true,"is_displayable":null,"is_engravable":null,"is_fragrance":null,"is_giftable":null,"is_giftwrap":false,"is_inactive":null,"is_multi_shaded":null,"is_out_of_stock":null,"is_preorder":false,"is_preorderable":null,"is_promotional":null,"is_replenishable":false,"is_search_suppressed":null,"is_searchable":true,"is_shaded":null,"is_sized":null,"is_sold_out":null,"is_under_weight_hazmat":false,"is_vto_enabled":null,"life_of_product":"Basic Reorder","material_code":"KHAT626000","media":{"large":[{"alt":"イーブン ベター リフレッシュ メークアップ","height":1200,"position":0,"src":"/media/export/cms/products/1200x1500/cl_sku_KHAT62_1200x1500_0.png","type":"image","width":1500}],"medium":[{"alt":"イーブン ベター リフレッシュ メークアップ","height":600,"position":1,"src":"/media/export/cms/products/600x750/cl_sku_KHAT62_600x750_0.png","type":"image","width":750}],"model":null,"poster":null,"small":[{"alt":"イーブン ベター リフレッシュ メークアップ","height":1200,"position":2,"src":"/media/export/cms/products/1200x1500/cl_sku_KHAT62_1200x1500_0.png","type":"image","width":1500}],"smoosh":null,"xl":null},"out_of_stock_threshold":null,"perlgem":{"SKU_BASE_ID":102444},"preorder_date":null,"prices":[{"currency":"JPY","exclude_tax":{"original_price":4800,"original_price_formatted":"¥4,800","price":4800,"price_formatted":"¥4,800","price_per_unit":null,"price_per_unit_formatted":""},"include_tax":{"original_price":5280,"original_price_formatted":"¥5,280","price":5280,"price_formatted":"¥5,280","price_per_unit":null,"price_per_unit_formatted":""},"is_discounted":false}],"purchase_limit":null,"replenishment":{"message":null},"reviews":{"average_rating":null,"number_of_questions":null,"number_of_reviews":null},"set_components":null,"shade_groups":null,"shades":[{"description":"","hex_val":"#F4CBB4","image":{"height":null,"src":"","width":null},"name":"62 ローズ ベージュ","smoosh_design":{"group_id":null,"name":""}}],"sizes":[{"key":1,"value":"30mL"}],"skin":{"tone":null,"type":null,"type_description":null},"sku_badge":null,"sku_badge_image":null,"sku_display_order":1,"sku_id":"KHAT62","sku_promo_messaging":null,"sku_type":"SE","sku_url":null,"tags":{"total":4,"items":[{"id":"1592","key":"メーク","value":"メーク"},{"id":"1599","key":"ファンデーション","value":"ファンデーション"},{"id":"12537","key":"メークアップ-ベストセラー","value":"メークアップ ベストセラー"},{"id":"1575","key":"ベストセラー","value":"ベストセラー"}]},"texture":null,"undertone":null,"unit_of_measure":null,"unit_size":null,"unit_size_formatted":null,"upc":"020714984786","vto":{"is_color_experience":null,"is_foundation_experience":null}},{"color_family":null,"coverage_options":null,"cross_sell":null,"display_status":7,"finish":null,"finish_options":null,"fragrances":[{"family":null,"key":null,"value":null}],"iln_listing":"水・ジメチコン・メチルトリメチコン・（トリメチルシロキシケイ酸／ジメチコノール）クロスポリマー・ＢＧ・フェニルトリメチコン・ジヘプタン酸ネオペンチルグリコール・（ＰＰＧ－１２／ＳＭＤＩ）コポリマー・ナイアシンアミド・ヒドロキシエチルウレア・ラウリルＰＥＧ－９ポリジメチルシロキシエチルジメチコン・グリセリン・ポリアスパラギン酸Ｎａ・ＰＥＧ－１０ジメチコン・ポリシリコーン－１１・酢酸トコフェロール・塩化Ｎａ・ポリメタクリル酸メチル・ジステアルジモニウムヘクトライト・（ジメチコン／（ＰＥＧ－１０／１５））クロスポリマー・レシチン・トリエトキシカプリリルシラン・カプリリルグリコール・アルミナ・ステアリン酸亜鉛・シリカ・ポリメタクリル酸グリセリル・ラウレス－７・クエン酸トリエチル・ケイ酸（Ａｌ／Ｍｇ）・カフェイン・ＢＨＴ・ヒアルロン酸Ｎａ・ジメチコンシリレート・ＥＤＴＡ－２Ｎａ・ヘキシレングリコール・ＰＥＧ－８・ツクシメナモミエキス・ＰＰＧ－１５ステアリル・イソステアリン酸イソプロピル・メチコン・キサンタンガム・カプリル酸ＰＧ・ＤＰＧ・イタドリ根エキス・ソルビトール・トレハロース・クエン酸Ｎａ・アセチルヘキサペプチド－８・トコフェロール・ミクロコッカス溶解液・レスベラトロール・パルミトイルヘキサペプチド－１２・フェノキシエタノール・ソルビン酸Ｋ・サリチル酸　＋／－　酸化チタン・酸化鉄・マイカ<JILN9095>","iln_version_number":"JILN9095","inventory_status":"Active","is_active":true,"is_coming_soon":null,"is_default_sku":false,"is_discountable":true,"is_displayable":null,"is_engravable":null,"is_fragrance":null,"is_giftable":null,"is_giftwrap":false,"is_inactive":null,"is_multi_shaded":null,"is_out_of_stock":null,"is_preorder":false,"is_preorderable":null,"is_promotional":null,"is_replenishable":false,"is_search_suppressed":null,"is_searchable":true,"is_shaded":null,"is_sized":null,"is_sold_out":null,"is_under_weight_hazmat":false,"is_vto_enabled":null,"life_of_product":"Basic Reorder","material_code":"KHAT636000","media":{"large":[{"alt":"イーブン ベター リフレッシュ メークアップ","height":1200,"position":0,"src":"/media/export/cms/products/1200x1500/cl_sku_KHAT63_1200x1500_0.png","type":"image","width":1500}],"medium":[{"alt":"イーブン ベター リフレッシュ メークアップ","height":600,"position":1,"src":"/media/export/cms/products/600x750/cl_sku_KHAT63_600x750_0.png","type":"image","width":750}],"model":null,"poster":null,"small":[{"alt":"イーブン ベター リフレッシュ メークアップ","height":1200,"position":2,"src":"/media/export/cms/products/1200x1500/cl_sku_KHAT63_1200x1500_0.png","type":"image","width":1500}],"smoosh":null,"xl":null},"out_of_stock_threshold":null,"perlgem":{"SKU_BASE_ID":102445},"preorder_date":null,"prices":[{"currency":"JPY","exclude_tax":{"original_price":4800,"original_price_formatted":"¥4,800","price":4800,"price_formatted":"¥4,800","price_per_unit":null,"price_per_unit_formatted":""},"include_tax":{"original_price":5280,"original_price_formatted":"¥5,280","price":5280,"price_formatted":"¥5,280","price_per_unit":null,"price_per_unit_formatted":""},"is_discounted":false}],"purchase_limit":null,"replenishment":{"message":null},"reviews":{"average_rating":null,"number_of_questions":null,"number_of_reviews":null},"set_components":null,"shade_groups":null,"shades":[{"description":"","hex_val":"#F7D1AD","image":{"height":null,"src":"","width":null},"name":"63 フレッシュ ベージュ","smoosh_design":{"group_id":null,"name":""}}],"sizes":[{"key":1,"value":"30mL"}],"skin":{"tone":null,"type":null,"type_description":null},"sku_badge":null,"sku_badge_image":null,"sku_display_order":2,"sku_id":"KHAT63","sku_promo_messaging":null,"sku_type":"SE","sku_url":null,"tags":{"total":4,"items":[{"id":"1592","key":"メーク","value":"メーク"},{"id":"1599","key":"ファンデーション","value":"ファンデーション"},{"id":"12537","key":"メークアップ-ベストセラー","value":"メークアップ ベストセラー"},{"id":"1575","key":"ベストセラー","value":"ベストセラー"}]},"texture":null,"undertone":null,"unit_of_measure":null,"unit_size":null,"unit_size_formatted":null,"upc":"020714984793","vto":{"is_color_experience":null,"is_foundation_experience":null}},{"color_family":null,"coverage_options":null,"cross_sell":null,"display_status":7,"finish":null,"finish_options":null,"fragrances":[{"family":null,"key":null,"value":null}],"iln_listing":"水・ジメチコン・メチルトリメチコン・（トリメチルシロキシケイ酸／ジメチコノール）クロスポリマー・ＢＧ・フェニルトリメチコン・ジヘプタン酸ネオペンチルグリコール・（ＰＰＧ－１２／ＳＭＤＩ）コポリマー・ナイアシンアミド・ヒドロキシエチルウレア・ラウリルＰＥＧ－９ポリジメチルシロキシエチルジメチコン・グリセリン・ポリアスパラギン酸Ｎａ・ＰＥＧ－１０ジメチコン・ポリシリコーン－１１・酢酸トコフェロール・塩化Ｎａ・ポリメタクリル酸メチル・ジステアルジモニウムヘクトライト・（ジメチコン／（ＰＥＧ－１０／１５））クロスポリマー・レシチン・トリエトキシカプリリルシラン・カプリリルグリコール・アルミナ・ステアリン酸亜鉛・シリカ・ポリメタクリル酸グリセリル・ラウレス－７・クエン酸トリエチル・ケイ酸（Ａｌ／Ｍｇ）・カフェイン・ＢＨＴ・ヒアルロン酸Ｎａ・ジメチコンシリレート・ＥＤＴＡ－２Ｎａ・ヘキシレングリコール・ＰＥＧ－８・ツクシメナモミエキス・ＰＰＧ－１５ステアリル・イソステアリン酸イソプロピル・メチコン・キサンタンガム・カプリル酸ＰＧ・ＤＰＧ・イタドリ根エキス・ソルビトール・トレハロース・クエン酸Ｎａ・アセチルヘキサペプチド－８・トコフェロール・ミクロコッカス溶解液・レスベラトロール・パルミトイルヘキサペプチド－１２・フェノキシエタノール・ソルビン酸Ｋ・サリチル酸　＋／－　酸化チタン・酸化鉄・マイカ<JILN9095>","iln_version_number":"JILN9095","inventory_status":"Active","is_active":true,"is_coming_soon":null,"is_default_sku":false,"is_discountable":true,"is_displayable":null,"is_engravable":null,"is_fragrance":null,"is_giftable":null,"is_giftwrap":false,"is_inactive":null,"is_multi_shaded":null,"is_out_of_stock":null,"is_preorder":false,"is_preorderable":null,"is_promotional":null,"is_replenishable":false,"is_search_suppressed":null,"is_searchable":true,"is_shaded":null,"is_sized":null,"is_sold_out":null,"is_under_weight_hazmat":false,"is_vto_enabled":null,"life_of_product":"Basic Reorder","material_code":"KHAT646000","media":{"large":[{"alt":"イーブン ベター リフレッシュ メークアップ","height":1200,"position":0,"src":"/media/export/cms/products/1200x1500/cl_sku_KHAT64_1200x1500_0.png","type":"image","width":1500}],"medium":[{"alt":"イーブン ベター リフレッシュ メークアップ","height":600,"position":1,"src":"/media/export/cms/products/600x750/cl_sku_KHAT64_600x750_0.png","type":"image","width":750}],"model":null,"poster":null,"small":[{"alt":"イーブン ベター リフレッシュ メークアップ","height":1200,"position":2,"src":"/media/export/cms/products/1200x1500/cl_sku_KHAT64_1200x1500_0.png","type":"image","width":1500}],"smoosh":null,"xl":null},"out_of_stock_threshold":null,"perlgem":{"SKU_BASE_ID":102446},"preorder_date":null,"prices":[{"currency":"JPY","exclude_tax":{"original_price":4800,"original_price_formatted":"¥4,800","price":4800,"price_formatted":"¥4,800","price_per_unit":null,"price_per_unit_formatted":""},"include_tax":{"original_price":5280,"original_price_formatted":"¥5,280","price":5280,"price_formatted":"¥5,280","price_per_unit":null,"price_per_unit_formatted":""},"is_discounted":false}],"purchase_limit":null,"replenishment":{"message":null},"reviews":{"average_rating":null,"number_of_questions":null,"number_of_reviews":null},"set_components":null,"shade_groups":null,"shades":[{"description":"","hex_val":"#EDC4A2","image":{"height":null,"src":"","width":null},"name":"64クリーム ベージュ","smoosh_design":{"group_id":null,"name":""}}],"sizes":[{"key":1,"value":"30mL"}],"skin":{"tone":null,"type":null,"type_description":null},"sku_badge":null,"sku_badge_image":null,"sku_display_order":3,"sku_id":"KHAT64","sku_promo_messaging":null,"sku_type":"SE","sku_url":null,"tags":{"total":4,"items":[{"id":"1592","key":"メーク","value":"メーク"},{"id":"1599","key":"ファンデーション","value":"ファンデーション"},{"id":"12537","key":"メークアップ-ベストセラー","value":"メークアップ ベストセラー"},{"id":"1575","key":"ベストセラー","value":"ベストセラー"}]},"texture":null,"undertone":null,"unit_of_measure":null,"unit_size":null,"unit_size_formatted":null,"upc":"020714984809","vto":{"is_color_experience":null,"is_foundation_experience":null}},{"color_family":null,"coverage_options":null,"cross_sell":null,"display_status":7,"finish":null,"finish_options":null,"fragrances":[{"family":null,"key":null,"value":null}],"iln_listing":"水・ジメチコン・メチルトリメチコン・（トリメチルシロキシケイ酸／ジメチコノール）クロスポリマー・ＢＧ・フェニルトリメチコン・ジヘプタン酸ネオペンチルグリコール・（ＰＰＧ－１２／ＳＭＤＩ）コポリマー・ナイアシンアミド・ヒドロキシエチルウレア・ラウリルＰＥＧ－９ポリジメチルシロキシエチルジメチコン・グリセリン・ポリアスパラギン酸Ｎａ・ＰＥＧ－１０ジメチコン・ポリシリコーン－１１・酢酸トコフェロール・塩化Ｎａ・ポリメタクリル酸メチル・ジステアルジモニウムヘクトライト・（ジメチコン／（ＰＥＧ－１０／１５））クロスポリマー・レシチン・トリエトキシカプリリルシラン・カプリリルグリコール・アルミナ・ステアリン酸亜鉛・シリカ・ポリメタクリル酸グリセリル・ラウレス－７・クエン酸トリエチル・ケイ酸（Ａｌ／Ｍｇ）・カフェイン・ＢＨＴ・ヒアルロン酸Ｎａ・ジメチコンシリレート・ＥＤＴＡ－２Ｎａ・ヘキシレングリコール・ＰＥＧ－８・ツクシメナモミエキス・ＰＰＧ－１５ステアリル・イソステアリン酸イソプロピル・メチコン・キサンタンガム・カプリル酸ＰＧ・ＤＰＧ・イタドリ根エキス・ソルビトール・トレハロース・クエン酸Ｎａ・アセチルヘキサペプチド－８・トコフェロール・ミクロコッカス溶解液・レスベラトロール・パルミトイルヘキサペプチド－１２・フェノキシエタノール・ソルビン酸Ｋ・サリチル酸　＋／－　酸化チタン・酸化鉄・マイカ<JILN9095>","iln_version_number":"JILN9095","inventory_status":"Active","is_active":true,"is_coming_soon":null,"is_default_sku":false,"is_discountable":true,"is_displayable":null,"is_engravable":null,"is_fragrance":null,"is_giftable":null,"is_giftwrap":false,"is_inactive":null,"is_multi_shaded":null,"is_out_of_stock":null,"is_preorder":false,"is_preorderable":null,"is_promotional":null,"is_replenishable":false,"is_search_suppressed":null,"is_searchable":true,"is_shaded":null,"is_sized":null,"is_sold_out":null,"is_under_weight_hazmat":false,"is_vto_enabled":null,"life_of_product":"Basic Reorder","material_code":"KHAT656000","media":{"large":[{"alt":"イーブン ベター リフレッシュ メークアップ","height":1200,"position":0,"src":"/media/export/cms/products/1200x1500/cl_sku_KHAT65_1200x1500_0.png","type":"image","width":1500}],"medium":[{"alt":"イーブン ベター リフレッシュ メークアップ","height":600,"position":1,"src":"/media/export/cms/products/600x750/cl_sku_KHAT65_600x750_0.png","type":"image","width":750}],"model":null,"poster":null,"small":[{"alt":"イーブン ベター リフレッシュ メークアップ","height":1200,"position":2,"src":"/media/export/cms/products/1200x1500/cl_sku_KHAT65_1200x1500_0.png","type":"image","width":1500}],"smoosh":null,"xl":null},"out_of_stock_threshold":null,"perlgem":{"SKU_BASE_ID":102447},"preorder_date":null,"prices":[{"currency":"JPY","exclude_tax":{"original_price":4800,"original_price_formatted":"¥4,800","price":4800,"price_formatted":"¥4,800","price_per_unit":null,"price_per_unit_formatted":""},"include_tax":{"original_price":5280,"original_price_formatted":"¥5,280","price":5280,"price_formatted":"¥5,280","price_per_unit":null,"price_per_unit_formatted":""},"is_discounted":false}],"purchase_limit":null,"replenishment":{"message":null},"reviews":{"average_rating":null,"number_of_questions":null,"number_of_reviews":null},"set_components":null,"shade_groups":null,"shades":[{"description":"","hex_val":"#E8B78F","image":{"height":null,"src":"","width":null},"name":"65 ニュートラル","smoosh_design":{"group_id":null,"name":""}}],"sizes":[{"key":1,"value":"30mL"}],"skin":{"tone":null,"type":null,"type_description":null},"sku_badge":null,"sku_badge_image":null,"sku_display_order":4,"sku_id":"KHAT65","sku_promo_messaging":null,"sku_type":"SE","sku_url":null,"tags":{"total":4,"items":[{"id":"1592","key":"メーク","value":"メーク"},{"id":"1599","key":"ファンデーション","value":"ファンデーション"},{"id":"12537","key":"メークアップ-ベストセラー","value":"メークアップ ベストセラー"},{"id":"1575","key":"ベストセラー","value":"ベストセラー"}]},"texture":null,"undertone":null,"unit_of_measure":null,"unit_size":null,"unit_size_formatted":null,"upc":"020714984816","vto":{"is_color_experience":null,"is_foundation_experience":null}},{"color_family":null,"coverage_options":null,"cross_sell":null,"display_status":7,"finish":null,"finish_options":null,"fragrances":[{"family":null,"key":null,"value":null}],"iln_listing":"水・ジメチコン・メチルトリメチコン・（トリメチルシロキシケイ酸／ジメチコノール）クロスポリマー・ＢＧ・フェニルトリメチコン・ジヘプタン酸ネオペンチルグリコール・（ＰＰＧ－１２／ＳＭＤＩ）コポリマー・ナイアシンアミド・ヒドロキシエチルウレア・ラウリルＰＥＧ－９ポリジメチルシロキシエチルジメチコン・グリセリン・ポリアスパラギン酸Ｎａ・ＰＥＧ－１０ジメチコン・ポリシリコーン－１１・酢酸トコフェロール・塩化Ｎａ・ポリメタクリル酸メチル・ジステアルジモニウムヘクトライト・（ジメチコン／（ＰＥＧ－１０／１５））クロスポリマー・レシチン・トリエトキシカプリリルシラン・カプリリルグリコール・アルミナ・ステアリン酸亜鉛・シリカ・ポリメタクリル酸グリセリル・ラウレス－７・クエン酸トリエチル・ケイ酸（Ａｌ／Ｍｇ）・カフェイン・ＢＨＴ・ヒアルロン酸Ｎａ・ジメチコンシリレート・ＥＤＴＡ－２Ｎａ・ヘキシレングリコール・ＰＥＧ－８・ツクシメナモミエキス・ＰＰＧ－１５ステアリル・イソステアリン酸イソプロピル・メチコン・キサンタンガム・カプリル酸ＰＧ・ＤＰＧ・イタドリ根エキス・ソルビトール・トレハロース・クエン酸Ｎａ・アセチルヘキサペプチド－８・トコフェロール・ミクロコッカス溶解液・レスベラトロール・パルミトイルヘキサペプチド－１２・フェノキシエタノール・ソルビン酸Ｋ・サリチル酸　＋／－　酸化チタン・酸化鉄・マイカ<JILN9095>","iln_version_number":"JILN9095","inventory_status":"Active","is_active":true,"is_coming_soon":null,"is_default_sku":false,"is_discountable":true,"is_displayable":null,"is_engravable":null,"is_fragrance":null,"is_giftable":null,"is_giftwrap":false,"is_inactive":null,"is_multi_shaded":null,"is_out_of_stock":null,"is_preorder":false,"is_preorderable":null,"is_promotional":null,"is_replenishable":false,"is_search_suppressed":null,"is_searchable":true,"is_shaded":null,"is_sized":null,"is_sold_out":null,"is_under_weight_hazmat":false,"is_vto_enabled":null,"life_of_product":"Basic Reorder","material_code":"KHAT666000","media":{"large":[{"alt":"イーブン ベター リフレッシュ メークアップ","height":1200,"position":0,"src":"/media/export/cms/products/1200x1500/cl_sku_KHAT66_1200x1500_0.png","type":"image","width":1500}],"medium":[{"alt":"イーブン ベター リフレッシュ メークアップ","height":600,"position":1,"src":"/media/export/cms/products/600x750/cl_sku_KHAT66_600x750_0.png","type":"image","width":750}],"model":null,"poster":null,"small":[{"alt":"イーブン ベター リフレッシュ メークアップ","height":1200,"position":2,"src":"/media/export/cms/products/1200x1500/cl_sku_KHAT66_1200x1500_0.png","type":"image","width":1500}],"smoosh":null,"xl":null},"out_of_stock_threshold":null,"perlgem":{"SKU_BASE_ID":102448},"preorder_date":null,"prices":[{"currency":"JPY","exclude_tax":{"original_price":4800,"original_price_formatted":"¥4,800","price":4800,"price_formatted":"¥4,800","price_per_unit":null,"price_per_unit_formatted":""},"include_tax":{"original_price":5280,"original_price_formatted":"¥5,280","price":5280,"price_formatted":"¥5,280","price_per_unit":null,"price_per_unit_formatted":""},"is_discounted":false}],"purchase_limit":null,"replenishment":{"message":null},"reviews":{"average_rating":null,"number_of_questions":null,"number_of_reviews":null},"set_components":null,"shade_groups":null,"shades":[{"description":"","hex_val":"#E6B087","image":{"height":null,"src":"","width":null},"name":"66トゥルー ベージュ","smoosh_design":{"group_id":null,"name":""}}],"sizes":[{"key":1,"value":"30mL"}],"skin":{"tone":null,"type":null,"type_description":null},"sku_badge":null,"sku_badge_image":null,"sku_display_order":5,"sku_id":"KHAT66","sku_promo_messaging":null,"sku_type":"SE","sku_url":null,"tags":{"total":4,"items":[{"id":"1592","key":"メーク","value":"メーク"},{"id":"1599","key":"ファンデーション","value":"ファンデーション"},{"id":"12537","key":"メークアップ-ベストセラー","value":"メークアップ ベストセラー"},{"id":"1575","key":"ベストセラー","value":"ベストセラー"}]},"texture":null,"undertone":null,"unit_of_measure":null,"unit_size":null,"unit_size_formatted":null,"upc":"020714984823","vto":{"is_color_experience":null,"is_foundation_experience":null}}]},"sub_display_name":"イーブン ベター リフレッシュ メークアップ","sub_header":null,"tags":{"total":4,"items":[{"id":"1592","key":"メーク","parent_tag_id":null,"product_display_order":27,"value":"メーク"},{"id":"1599","key":"ファンデーション","parent_tag_id":"1592","product_display_order":2,"value":"ファンデーション"},{"id":"12537","key":"メークアップ-ベストセラー","parent_tag_id":"1592","product_display_order":25,"value":"メークアップ ベストセラー"},{"id":"1575","key":"ベストセラー","parent_tag_id":null,"product_display_order":37,"value":"ベストセラー"}]},"usage":[{"content":null,"label":"PRODUCT USAGE","type":"product_usage"},{"content":null,"label":"HOW DOES IT WORK","type":"how_does_it_work"},{"content":null,"label":"WHO IT IS FOR","type":"who_it_is_for"},{"content":null,"label":"GREAT TO KNOW","type":"great_to_know"},{"content":null,"label":"WHAT_IT_DOES","type":"what_it_does"},{"content":null,"label":"WHAT_IT_IS","type":"what_it_is"}],"objectID":"65272"},{"benefit":{"statement":null,"benefits":null},"brand":null,"collection":null,"coverage":null,"cross_sell":[{"sku_id":"69KL01","sort_key":1},{"sku_id":"6F8X06","sort_key":2},{"sku_id":"6LKG01","sort_key":3}],"default_category":{"id":"1673","key":"クレンジング洗顔"},"description":"軽い感触のオイルタイプのクレンジングです。落ちにくいメークや日焼け止めにも素早くなじみ、しっかりと落とします。肌は清潔でやわらかくなり、心地よさが残ります。<BR>オール スキンタイプ","display_mode":null,"display_name":"テイク ザ デイ オフ<br>クレンジング オイル","display_status":7,"finish":null,"form":null,"formula_type":null,"fragrance_family":null,"indexable_keywords":[{"value":"トリートメント"},{"value":"スキンケア"},{"value":"skincare"},{"value":"skin care"},{"value":"メーク落し"},{"value":"メイク落し"},{"value":"クレンザー"},{"value":"クレンジング"},{"value":"メークアップリムーバー"},{"value":"メイクアップリムーバー"},{"value":"クレンジングオイル"},{"value":"クレンジング オイル"}],"is_hazmat":false,"is_product_coming_soon":null,"is_product_displayable":true,"is_product_searchable":true,"is_product_shoppable":true,"is_product_sold_out":null,"is_product_temporarily_out_of_stock":null,"is_search_suppressed":null,"key_ingredient":null,"media":{"large":null,"medium":null,"poster":null,"small":null,"videos":[{"position":null,"poster":{"height":null,"src":null,"width":null},"provider":null,"src":null},{"position":null,"poster":{"height":null,"src":null,"width":null},"provider":null,"src":null},{"position":null,"poster":{"height":null,"src":null,"width":null},"provider":null,"src":null}],"xl":null},"meta":{"description":null,"keywords":"トリートメント,スキンケア,skincare,skin care,メーク落し,メイク落し,クレンザー,クレンジング,メークアップリムーバー,メイクアップリムーバー,クレンジングオイル,クレンジング オイル"},"parent_category":[{"id":"1673","value":"クレンジング・洗顔"},{"id":"1667","value":"スキンケア"}],"product_badge":null,"product_id":"6555","product_title_tag":null,"product_type":"Sized","product_url":"/product/1673/6555/-/take-the-day-off","reviews":{"average_rating":null,"number_of_questions":null,"number_of_reviews":null},"shade_groups":null,"short_description":"軽い感触のオイルタイプのクレンジング。落ちにくいメークや日焼け止めにも素早くなじみ、しっかりと落とします。<BR>オール スキンタイプ","skin":null,"skin_goal":null,"skus":{"total":1,"items":[{"color_family":null,"coverage_options":null,"cross_sell":null,"display_status":7,"finish":null,"finish_options":null,"fragrances":[{"family":null,"key":null,"value":null}],"iln_listing":"エチルヘキサン酸セチル・トリオクタノイン・トリイソステアリン酸ＰＥＧ－２０グリセリル・ポリブテン・ジイソステアリン酸ＰＥＧ－８・ジイソステアリン酸ＰＥＧ－１２・ＰＰＧ－１５ステアリル・カプリリルグリコール・水・ラウリン酸グリセリル・酢酸トコフェロール・ＢＨＴ・ローマカミツレ花油<JILN3292>","iln_version_number":"JILN3292","inventory_status":"Active","is_active":true,"is_coming_soon":null,"is_default_sku":false,"is_discountable":true,"is_displayable":null,"is_engravable":null,"is_fragrance":null,"is_giftable":null,"is_giftwrap":false,"is_inactive":null,"is_multi_shaded":null,"is_out_of_stock":null,"is_preorder":false,"is_preorderable":null,"is_promotional":null,"is_replenishable":false,"is_search_suppressed":null,"is_searchable":true,"is_shaded":null,"is_sized":null,"is_sold_out":null,"is_under_weight_hazmat":false,"is_vto_enabled":null,"life_of_product":"Basic Reorder","material_code":"6H9K010001","media":{"large":[{"alt":"テイク ザ デイ オフ<br>クレンジング オイル","height":1200,"position":0,"src":"/media/export/cms/products/1200x1500/cl_sku_6H9K01_1200x1500_0.png","type":"image","width":1500}],"medium":[{"alt":"テイク ザ デイ オフ<br>クレンジング オイル","height":600,"position":1,"src":"/media/export/cms/products/600x750/cl_sku_6H9K01_600x750_0.png","type":"image","width":750}],"model":null,"poster":null,"small":[{"alt":"テイク ザ デイ オフ<br>クレンジング オイル","height":1200,"position":2,"src":"/media/export/cms/products/1200x1500/cl_sku_6H9K01_1200x1500_0.png","type":"image","width":1500}],"smoosh":null,"xl":null},"out_of_stock_threshold":null,"perlgem":{"SKU_BASE_ID":14911},"preorder_date":null,"prices":[{"currency":"JPY","exclude_tax":{"original_price":3800,"original_price_formatted":"¥3,800","price":3800,"price_formatted":"¥3,800","price_per_unit":null,"price_per_unit_formatted":""},"include_tax":{"original_price":4180,"original_price_formatted":"¥4,180","price":4180,"price_formatted":"¥4,180","price_per_unit":null,"price_per_unit_formatted":""},"is_discounted":false}],"purchase_limit":null,"replenishment":{"message":null},"reviews":{"average_rating":null,"number_of_questions":null,"number_of_reviews":null},"set_components":null,"shade_groups":null,"shades":[{"description":"","hex_val":"","image":{"height":null,"src":"","width":null},"name":"","smoosh_design":{"group_id":null,"name":""}}],"sizes":[{"key":1,"value":"200mL"}],"skin":{"tone":null,"type":null,"type_description":null},"sku_badge":null,"sku_badge_image":null,"sku_display_order":0,"sku_id":"6H9K01","sku_promo_messaging":null,"sku_type":"SE","sku_url":null,"tags":{"total":7,"items":[{"id":"1673","key":"クレンジング洗顔","value":"クレンジング・洗顔"},{"id":"13561","key":"holiday-2014","value":"Holiday 2014"},{"id":"28804","key":"クレンジング","value":"クレンジング"},{"id":"27174","key":"day7flashsale","value":"Day7FlashSale"},{"id":"27172","key":"day5flashsale","value":"Day5FlashSale"},{"id":"27173","key":"day6flashsale","value":"Day6FlashSale"},{"id":"20011","key":"クレンジング","value":"クレンジング"}]},"texture":null,"undertone":null,"unit_of_measure":null,"unit_size":null,"unit_size_formatted":null,"upc":"020714258511","vto":{"is_color_experience":null,"is_foundation_experience":null}}]},"sub_display_name":"テイク ザ デイ オフ<br>クレンジング オイル","sub_header":null,"tags":{"total":7,"items":[{"id":"1673","key":"クレンジング洗顔","parent_tag_id":"1667","product_display_order":7,"value":"クレンジング・洗顔"},{"id":"13561","key":"holiday-2014","parent_tag_id":null,"product_display_order":0,"value":"Holiday 2014"},{"id":"28804","key":"クレンジング","parent_tag_id":"1667","product_display_order":4,"value":"クレンジング"},{"id":"27174","key":"day7flashsale","parent_tag_id":"1590","product_display_order":0,"value":"Day7FlashSale"},{"id":"27172","key":"day5flashsale","parent_tag_id":"1590","product_display_order":38,"value":"Day5FlashSale"},{"id":"27173","key":"day6flashsale","parent_tag_id":"1590","product_display_order":0,"value":"Day6FlashSale"},{"id":"20011","key":"クレンジング","parent_tag_id":"1667","product_display_order":5,"value":"クレンジング"}]},"usage":[{"content":"適量をとり、乾いた肌にのばし、優しくメークや汚れとなじませます。水分を加えて乳化させた後、ぬるま湯で十分に洗い流します。その後、３ステップ スキンケア（ソープ、ローション、乳液）を行ってください。","label":"PRODUCT USAGE","type":"product_usage"},{"content":null,"label":"HOW DOES IT WORK","type":"how_does_it_work"},{"content":null,"label":"WHO IT IS FOR","type":"who_it_is_for"},{"content":null,"label":"GREAT TO KNOW","type":"great_to_know"},{"content":null,"label":"WHAT_IT_DOES","type":"what_it_does"},{"content":null,"label":"WHAT_IT_IS","type":"what_it_is"}],"objectID":"6555"},{"benefit":{"statement":null,"benefits":null},"brand":null,"collection":null,"coverage":null,"cross_sell":[{"sku_id":"6FMA01","sort_key":1},{"sku_id":"6FMF01","sort_key":2},{"sku_id":"60C801","sort_key":3},{"sku_id":"60C801","sort_key":4},{"sku_id":"7ELF01","sort_key":5},{"sku_id":"67F901","sort_key":6}],"default_category":{"id":"1619","key":"セットギフト"},"description":"<P>古い角質や毛穴の汚れを取り除く、乾燥～混合肌用の角質ケア ローション。</P><P>※「スクラッフィング ローション 2.5」は「エクスフォリエーティング トニック」に製品名称が変更になりました。<br>※「スクラッフィング ローション 1.5」「スクラッフィング ローション 2.5」をご使用頂いていた方には本製品のご使用をお薦めいたします。</P>","display_mode":null,"display_name":"エクスフォリエーティング トニック","display_status":7,"finish":null,"form":null,"formula_type":null,"fragrance_family":null,"indexable_keywords":[{"value":"メンズ製品"},{"value":"メンズ"},{"value":"スキンケア"},{"value":"skincare"},{"value":"3step"},{"value":"3-step"},{"value":"ローション"},{"value":"エクスフォリエーター"},{"value":"メンズコスメ"}],"is_hazmat":true,"is_product_coming_soon":null,"is_product_displayable":true,"is_product_searchable":true,"is_product_shoppable":true,"is_product_sold_out":null,"is_product_temporarily_out_of_stock":null,"is_search_suppressed":null,"key_ingredient":null,"media":{"large":null,"medium":null,"poster":null,"small":null,"videos":[{"position":null,"poster":{"height":null,"src":null,"width":null},"provider":"YouTube","src":null},{"position":null,"poster":{"height":null,"src":null,"width":null},"provider":"YouTube","src":null},{"position":null,"poster":{"height":null,"src":null,"width":null},"provider":"YouTube","src":null}],"xl":null},"meta":{"description":null,"keywords":"exfoliate, exfoliation, ssfm, men, clinique for men"},"parent_category":[{"id":"1619","value":"セット＆ギフト"},{"id":"1618","value":"メンズセット＆ギフト"},{"id":"1609","value":"メンズ"}],"product_badge":null,"product_id":"6607","product_title_tag":null,"product_type":"Sized","product_url":"/product/1619/6607/clinique-for-men-exfoliating-tonic","reviews":{"average_rating":null,"number_of_questions":null,"number_of_reviews":null},"shade_groups":null,"short_description":"古い角質や毛穴の汚れを取り除く、乾燥～混合肌用の角質ケア ローション。","skin":null,"skin_goal":null,"skus":{"total":1,"items":[{"color_family":null,"coverage_options":null,"cross_sell":null,"display_status":7,"finish":null,"finish_options":null,"fragrances":[{"family":null,"key":null,"value":null}],"iln_listing":"変性アルコール・水・ハマメリスエキス・エタノール・ＢＧ・サリチル酸・オキシベンゾン－４・ベンザルコニウムクロリド・炭酸水素Ｎａ・ＥＤＴＡ－２Ｎａ・黄５・クエン酸・赤２０１・紫４０１<JILN2603>","iln_version_number":"JILN2603","inventory_status":"Active","is_active":true,"is_coming_soon":null,"is_default_sku":false,"is_discountable":true,"is_displayable":null,"is_engravable":null,"is_fragrance":null,"is_giftable":null,"is_giftwrap":false,"is_inactive":null,"is_multi_shaded":null,"is_out_of_stock":null,"is_preorder":false,"is_preorderable":null,"is_promotional":null,"is_replenishable":false,"is_search_suppressed":null,"is_searchable":true,"is_shaded":null,"is_sized":null,"is_sold_out":null,"is_under_weight_hazmat":null,"is_vto_enabled":null,"life_of_product":"Basic Reorder","material_code":"65EM010000","media":{"large":[{"alt":"エクスフォリエーティング トニック","height":1200,"position":0,"src":"/media/export/cms/products/1200x1500/cl_sku_65EM01_1200x1500_0.png","type":"image","width":1500}],"medium":[{"alt":"エクスフォリエーティング トニック","height":600,"position":1,"src":"/media/export/cms/products/600x750/cl_sku_65EM01_600x750_0.png","type":"image","width":750}],"model":null,"poster":null,"small":[{"alt":"エクスフォリエーティング トニック","height":1200,"position":2,"src":"/media/export/cms/products/1200x1500/cl_sku_65EM01_1200x1500_0.png","type":"image","width":1500}],"smoosh":null,"xl":null},"out_of_stock_threshold":null,"perlgem":{"SKU_BASE_ID":15271},"preorder_date":null,"prices":[{"currency":"JPY","exclude_tax":{"original_price":3500,"original_price_formatted":"¥3,500","price":3500,"price_formatted":"¥3,500","price_per_unit":null,"price_per_unit_formatted":""},"include_tax":{"original_price":3850,"original_price_formatted":"¥3,850","price":3850,"price_formatted":"¥3,850","price_per_unit":null,"price_per_unit_formatted":""},"is_discounted":false}],"purchase_limit":null,"replenishment":{"message":"Recommended Auto-Ship cycle: 6 weeks  Learn more >"},"reviews":{"average_rating":null,"number_of_questions":null,"number_of_reviews":null},"set_components":null,"shade_groups":null,"shades":null,"sizes":[{"key":1,"value":"200mL"}],"skin":{"tone":null,"type":null,"type_description":null},"sku_badge":null,"sku_badge_image":null,"sku_display_order":1,"sku_id":"65EM01","sku_promo_messaging":null,"sku_type":"SE","sku_url":null,"tags":{"total":15,"items":[{"id":"12824","key":"grooming","value":"Grooming"},{"id":"27168","key":"day1flashsale","value":"Day1FlashSale"},{"id":"13565","key":"mens","value":"Men's"},{"id":"1609","key":"メンズ","value":"メンズ"},{"id":"13561","key":"holiday-2014","value":"Holiday 2014"},{"id":"1624","key":"洗顔シェービング","value":"洗顔・シェービング"},{"id":"1612","key":"除く","value":"除く"},{"id":"14599","key":"メンズ乾燥普通肌","value":"メンズ：乾燥～普通肌"},{"id":"1613","key":"メンズ３ステップ","value":"メンズ３ステップ"},{"id":"1619","key":"セットギフト","value":"セット＆ギフト"},{"id":"1625","key":"スキンケア","value":"スキンケア"},{"id":"12950","key":"mens-bestsellers","value":"Men's Bestsellers"},{"id":"27172","key":"day5flashsale","value":"Day5FlashSale"},{"id":"27174","key":"day7flashsale","value":"Day7FlashSale"},{"id":"1610","key":"メンズ３ステップ","value":"メンズ３ステップ"}]},"texture":null,"undertone":null,"unit_of_measure":null,"unit_size":null,"unit_size_formatted":null,"upc":"020714104726","vto":{"is_color_experience":null,"is_foundation_experience":null}}]},"sub_display_name":"エクスフォリエーティング トニック","sub_header":null,"tags":{"total":15,"items":[{"id":"12824","key":"grooming","parent_tag_id":"1625","product_display_order":0,"value":"Grooming"},{"id":"27168","key":"day1flashsale","parent_tag_id":"1590","product_display_order":0,"value":"Day1FlashSale"},{"id":"13565","key":"mens","parent_tag_id":"13561","product_display_order":0,"value":"Men's"},{"id":"1609","key":"メンズ","parent_tag_id":null,"product_display_order":8,"value":"メンズ"},{"id":"13561","key":"holiday-2014","parent_tag_id":null,"product_display_order":0,"value":"Holiday 2014"},{"id":"1624","key":"洗顔シェービング","parent_tag_id":"1623","product_display_order":9,"value":"洗顔・シェービング"},{"id":"1612","key":"除く","parent_tag_id":"1610","product_display_order":0,"value":"除く"},{"id":"14599","key":"メンズ乾燥普通肌","parent_tag_id":"1570","product_display_order":0,"value":"メンズ：乾燥～普通肌"},{"id":"1613","key":"メンズ３ステップ","parent_tag_id":"1610","product_display_order":5,"value":"メンズ３ステップ"},{"id":"1619","key":"セットギフト","parent_tag_id":"1618","product_display_order":5,"value":"セット＆ギフト"},{"id":"1625","key":"スキンケア","parent_tag_id":"1609","product_display_order":20,"value":"スキンケア"},{"id":"12950","key":"mens-bestsellers","parent_tag_id":"1609","product_display_order":0,"value":"Men's Bestsellers"},{"id":"27172","key":"day5flashsale","parent_tag_id":"1590","product_display_order":172,"value":"Day5FlashSale"},{"id":"27174","key":"day7flashsale","parent_tag_id":"1590","product_display_order":0,"value":"Day7FlashSale"},{"id":"1610","key":"メンズ３ステップ","parent_tag_id":"1609","product_display_order":2,"value":"メンズ３ステップ"}]},"usage":[{"content":"１日２回、ソープ洗顔後に。コットンにローションをたっぷり含ませ、顔全体（目のまわりと唇を避けて）と首を拭きます。額や鼻など、脂っぽい部分は特に念入りに。その後、乳液をお使いください。※ヒゲ剃り後は、剃った部分を避けてお使いください。","label":"PRODUCT USAGE","type":"product_usage"},{"content":null,"label":"HOW DOES IT WORK","type":"how_does_it_work"},{"content":null,"label":"WHO IT IS FOR","type":"who_it_is_for"},{"content":null,"label":"GREAT TO KNOW","type":"great_to_know"},{"content":"毛穴の汚れを取り除き、クリアな肌を保ちます。","label":"WHAT_IT_DOES","type":"what_it_does"},{"content":"肌表面をなめらかな状態に整え、清潔で健やかな肌へ。","label":"WHAT_IT_IS","type":"what_it_is"}],"objectID":"6607"},{"benefit":{"statement":null,"benefits":null},"brand":null,"collection":null,"coverage":null,"cross_sell":[{"sku_id":null,"sort_key":1},{"sku_id":"Z21901","sort_key":2},{"sku_id":"67FE01","sort_key":3},{"sku_id":"6FMF01","sort_key":4},{"sku_id":"7ELF01","sort_key":5},{"sku_id":"67F901","sort_key":6}],"default_category":{"id":"1619","key":"セットギフト"},"description":"<P>古い角質や毛穴の汚れを取り除く、混合～脂性肌用の角質ケア ローション。</P>","display_mode":null,"display_name":"オイル コントロール エクスフォリエーティング トニック","display_status":7,"finish":null,"form":null,"formula_type":null,"fragrance_family":null,"indexable_keywords":[{"value":"メンズ製品"},{"value":"メンズ"},{"value":"スキンケア"},{"value":"skincare"},{"value":"3step"},{"value":"3-step"},{"value":"ローション"},{"value":"エクスフォリエーター"},{"value":"メンズコスメ"}],"is_hazmat":true,"is_product_coming_soon":null,"is_product_displayable":true,"is_product_searchable":true,"is_product_shoppable":true,"is_product_sold_out":null,"is_product_temporarily_out_of_stock":null,"is_search_suppressed":null,"key_ingredient":null,"media":{"large":null,"medium":null,"poster":null,"small":null,"videos":[{"position":null,"poster":{"height":null,"src":null,"width":null},"provider":"YouTube","src":null},{"position":null,"poster":{"height":null,"src":null,"width":null},"provider":"YouTube","src":null},{"position":null,"poster":{"height":null,"src":null,"width":null},"provider":"YouTube","src":null}],"xl":null},"meta":{"description":null,"keywords":"exfoliate, exfoliation, ssfm, men, clinique for men"},"parent_category":[{"id":"1619","value":"セット＆ギフト"},{"id":"1618","value":"メンズセット＆ギフト"},{"id":"1609","value":"メンズ"}],"product_badge":null,"product_id":"6608","product_title_tag":null,"product_type":"Sized","product_url":"/product/1619/6608/-/clinique-for-men-oil-control-exfoliating-tonic","reviews":{"average_rating":null,"number_of_questions":null,"number_of_reviews":null},"shade_groups":null,"short_description":"<P>古い角質や毛穴の汚れを取り除く、混合～脂性肌用の角質ケア ローション。</P>","skin":null,"skin_goal":null,"skus":{"total":1,"items":[{"color_family":null,"coverage_options":null,"cross_sell":null,"display_status":7,"finish":null,"finish_options":null,"fragrances":[{"family":null,"key":null,"value":null}],"iln_listing":"変性アルコール・水・ハマメリスエキス・エタノール・ＢＧ・サリチル酸・アセチルグルコサミン・ベンザルコニウムクロリド・リン酸２Ｎａ・ＥＤＴＡ－２Ｎａ・緑２０１・青１<JILN1644>","iln_version_number":"JILN1644","inventory_status":"Active","is_active":true,"is_coming_soon":null,"is_default_sku":false,"is_discountable":true,"is_displayable":null,"is_engravable":null,"is_fragrance":null,"is_giftable":null,"is_giftwrap":false,"is_inactive":null,"is_multi_shaded":null,"is_out_of_stock":null,"is_preorder":false,"is_preorderable":null,"is_promotional":null,"is_replenishable":false,"is_search_suppressed":null,"is_searchable":true,"is_shaded":null,"is_sized":null,"is_sold_out":null,"is_under_weight_hazmat":null,"is_vto_enabled":null,"life_of_product":"Basic Reorder","material_code":"65EN010000","media":{"large":[{"alt":"オイル コントロール エクスフォリエーティング トニック","height":1200,"position":0,"src":"/media/export/cms/products/1200x1500/cl_sku_65EN01_1200x1500_0.png","type":"image","width":1500}],"medium":[{"alt":"オイル コントロール エクスフォリエーティング トニック","height":600,"position":1,"src":"/media/export/cms/products/600x750/cl_sku_65EN01_600x750_0.png","type":"image","width":750}],"model":null,"poster":null,"small":[{"alt":"オイル コントロール エクスフォリエーティング トニック","height":1200,"position":2,"src":"/media/export/cms/products/1200x1500/cl_sku_65EN01_1200x1500_0.png","type":"image","width":1500}],"smoosh":null,"xl":null},"out_of_stock_threshold":null,"perlgem":{"SKU_BASE_ID":15272},"preorder_date":null,"prices":[{"currency":"JPY","exclude_tax":{"original_price":3500,"original_price_formatted":"¥3,500","price":3500,"price_formatted":"¥3,500","price_per_unit":null,"price_per_unit_formatted":""},"include_tax":{"original_price":3850,"original_price_formatted":"¥3,850","price":3850,"price_formatted":"¥3,850","price_per_unit":null,"price_per_unit_formatted":""},"is_discounted":false}],"purchase_limit":null,"replenishment":{"message":"Recommended Auto-Ship cycle: 6 weeks  Learn more >"},"reviews":{"average_rating":null,"number_of_questions":null,"number_of_reviews":null},"set_components":null,"shade_groups":null,"shades":null,"sizes":[{"key":1,"value":"200mL"}],"skin":{"tone":null,"type":null,"type_description":null},"sku_badge":null,"sku_badge_image":null,"sku_display_order":1,"sku_id":"65EN01","sku_promo_messaging":null,"sku_type":"SE","sku_url":null,"tags":{"total":19,"items":[{"id":"1619","key":"セットギフト","value":"セット＆ギフト"},{"id":"14600","key":"メンズ脂性肌","value":"メンズ：脂性肌"},{"id":"1609","key":"メンズ","value":"メンズ"},{"id":"12942","key":"mens-oil-control","value":"Men's Oil Control"},{"id":"1624","key":"洗顔シェービング","value":"洗顔・シェービング"},{"id":"12824","key":"grooming","value":"Grooming"},{"id":"12796","key":"oil-control","value":"Oil-Control"},{"id":"13561","key":"holiday-2014","value":"Holiday 2014"},{"id":"1612","key":"除く","value":"除く"},{"id":"27174","key":"day7flashsale","value":"Day7FlashSale"},{"id":"1613","key":"メンズ３ステップ","value":"メンズ３ステップ"},{"id":"1625","key":"スキンケア","value":"スキンケア"},{"id":"13565","key":"mens","value":"Men's"},{"id":"27172","key":"day5flashsale","value":"Day5FlashSale"},{"id":"12950","key":"mens-bestsellers","value":"Men's Bestsellers"},{"id":"27168","key":"day1flashsale","value":"Day1FlashSale"},{"id":"9424","key":"discovery-box","value":"Discovery Box"},{"id":"14602","key":"オイルコントロール","value":"オイルコントロール"},{"id":"1610","key":"メンズ３ステップ","value":"メンズ３ステップ"}]},"texture":null,"undertone":null,"unit_of_measure":null,"unit_size":null,"unit_size_formatted":null,"upc":"020714104733","vto":{"is_color_experience":null,"is_foundation_experience":null}}]},"sub_display_name":"オイル コントロール エクスフォリエーティング トニック","sub_header":null,"tags":{"total":19,"items":[{"id":"1619","key":"セットギフト","parent_tag_id":"1618","product_display_order":8,"value":"セット＆ギフト"},{"id":"14600","key":"メンズ脂性肌","parent_tag_id":"1570","product_display_order":0,"value":"メンズ：脂性肌"},{"id":"1609","key":"メンズ","parent_tag_id":null,"product_display_order":9,"value":"メンズ"},{"id":"12942","key":"mens-oil-control","parent_tag_id":"1625","product_display_order":0,"value":"Men's Oil Control"},{"id":"1624","key":"洗顔シェービング","parent_tag_id":"1623","product_display_order":11,"value":"洗顔・シェービング"},{"id":"12824","key":"grooming","parent_tag_id":"1625","product_display_order":0,"value":"Grooming"},{"id":"12796","key":"oil-control","parent_tag_id":"1667","product_display_order":0,"value":"Oil-Control"},{"id":"13561","key":"holiday-2014","parent_tag_id":null,"product_display_order":0,"value":"Holiday 2014"},{"id":"1612","key":"除く","parent_tag_id":"1610","product_display_order":0,"value":"除く"},{"id":"27174","key":"day7flashsale","parent_tag_id":"1590","product_display_order":0,"value":"Day7FlashSale"},{"id":"1613","key":"メンズ３ステップ","parent_tag_id":"1610","product_display_order":6,"value":"メンズ３ステップ"},{"id":"1625","key":"スキンケア","parent_tag_id":"1609","product_display_order":21,"value":"スキンケア"},{"id":"13565","key":"mens","parent_tag_id":"13561","product_display_order":0,"value":"Men's"},{"id":"27172","key":"day5flashsale","parent_tag_id":"1590","product_display_order":174,"value":"Day5FlashSale"},{"id":"12950","key":"mens-bestsellers","parent_tag_id":"1609","product_display_order":0,"value":"Men's Bestsellers"},{"id":"27168","key":"day1flashsale","parent_tag_id":"1590","product_display_order":0,"value":"Day1FlashSale"},{"id":"9424","key":"discovery-box","parent_tag_id":"9420","product_display_order":0,"value":"Discovery Box"},{"id":"14602","key":"オイルコントロール","parent_tag_id":"1609","product_display_order":0,"value":"オイルコントロール"},{"id":"1610","key":"メンズ３ステップ","parent_tag_id":"1609","product_display_order":3,"value":"メンズ３ステップ"}]},"usage":[{"content":"１日２回、ソープ洗顔後に。コットンにローションをたっぷり含ませ、顔全体（目のまわりと唇を避けて）と首を拭きます。額や鼻など、脂っぽい部分は特に念入りに。その後、乳液をお使いください。※ヒゲ剃り後は、剃った部分を避けてお使いください。","label":"PRODUCT USAGE","type":"product_usage"},{"content":null,"label":"HOW DOES IT WORK","type":"how_does_it_work"},{"content":null,"label":"WHO IT IS FOR","type":"who_it_is_for"},{"content":null,"label":"GREAT TO KNOW","type":"great_to_know"},{"content":"毛穴の汚れを取り除き、クリアな肌を保ちます。","label":"WHAT_IT_DOES","type":"what_it_does"},{"content":"肌表面をなめらかな状態に整え、清潔で健やかな肌へ。","label":"WHAT_IT_IS","type":"what_it_is"}],"objectID":"6608"},{"benefit":{"statement":null,"benefits":null},"brand":null,"collection":null,"coverage":null,"cross_sell":[{"sku_id":"6A1501","sort_key":1},{"sku_id":"K4NE01","sort_key":2},{"sku_id":"K4MT01","sort_key":3}],"default_category":{"id":"1682","key":"ふき取り化粧水化粧水"},"description":"<P>エクスフォリエーション効果のある、拭き取りタイプの化粧水。洗顔では落としきれない、さまざまな肌トラブルの原因となる古い角質を、穏やかに取り除きます。明るく、なめらかな肌に。スキンタイプ1用(乾燥肌)<BR><BR>※クラリファイング　ローションを、初めてお使いいただくときには、肌の抵抗力も考慮してお選びします。</P><BR><P>※製品パッケージは画像と異なる場合がございます。</P>","display_mode":null,"display_name":"クラリファイング<br>ローション １","display_status":7,"finish":null,"form":null,"formula_type":null,"fragrance_family":null,"indexable_keywords":[{"value":"クラリファイングローション"},{"value":"３ステップ"},{"value":"基礎化粧品"},{"value":"化粧水"},{"value":"エクスフォリエーター"},{"value":"3step"},{"value":"ローション"},{"value":"エクスフォリエーション"},{"value":"角質"}],"is_hazmat":true,"is_product_coming_soon":null,"is_product_displayable":true,"is_product_searchable":true,"is_product_shoppable":true,"is_product_sold_out":null,"is_product_temporarily_out_of_stock":null,"is_search_suppressed":null,"key_ingredient":null,"media":{"large":null,"medium":null,"poster":null,"small":null,"videos":[{"position":null,"poster":{"height":null,"src":null,"width":null},"provider":"YouTube","src":null},{"position":null,"poster":{"height":null,"src":null,"width":null},"provider":"YouTube","src":null},{"position":null,"poster":{"height":null,"src":null,"width":null},"provider":"YouTube","src":null}],"xl":null},"meta":{"description":null,"keywords":"３ステップ,基礎化粧品,化粧水,エクスフォリエーター,3step,ローション,エクスフォリエーション,角質"},"parent_category":[{"id":"1682","value":"ふき取り化粧水・化粧水"},{"id":"1667","value":"スキンケア"}],"product_badge":null,"product_id":"6740","product_title_tag":null,"product_type":"Sized","product_url":"/product/1682/6740/1/clarifying-lotion-1","reviews":{"average_rating":null,"number_of_questions":null,"number_of_reviews":null},"shade_groups":null,"short_description":"エクスフォリエーション効果のある、拭き取りタイプの化粧水。","skin":null,"skin_goal":null,"skus":{"total":2,"items":[{"color_family":null,"coverage_options":null,"cross_sell":null,"display_status":7,"finish":null,"finish_options":null,"fragrances":[{"family":null,"key":null,"value":null}],"iln_listing":"水・変性アルコール・ハマメリスエキス・グリセリン・ＢＧ・トレハロース・エタノール・アセチルグルコサミン・ＥＤＴＡ－２Ｎａ・ヒアルロン酸Ｎａ・リン酸２Ｎａ・リン酸・黄４・青１・ソルビン酸Ｋ・フェノキシエタノール<JILN3378>","iln_version_number":"JILN3378","inventory_status":"Active","is_active":true,"is_coming_soon":null,"is_default_sku":false,"is_discountable":true,"is_displayable":null,"is_engravable":null,"is_fragrance":null,"is_giftable":null,"is_giftwrap":false,"is_inactive":null,"is_multi_shaded":null,"is_out_of_stock":null,"is_preorder":false,"is_preorderable":null,"is_promotional":null,"is_replenishable":false,"is_search_suppressed":null,"is_searchable":true,"is_shaded":null,"is_sized":null,"is_sold_out":null,"is_under_weight_hazmat":null,"is_vto_enabled":null,"life_of_product":"Basic Reorder","material_code":"6KK4010001","media":{"large":[{"alt":"クラリファイング<br>ローション １","height":1200,"position":0,"src":"/media/export/cms/products/1200x1500/cl_sku_6KK401_1200x1500_0.png","type":"image","width":1500}],"medium":[{"alt":"クラリファイング<br>ローション １","height":600,"position":1,"src":"/media/export/cms/products/600x750/cl_sku_6KK401_600x750_0.png","type":"image","width":750}],"model":null,"poster":null,"small":[{"alt":"クラリファイング<br>ローション １","height":1200,"position":2,"src":"/media/export/cms/products/1200x1500/cl_sku_6KK401_1200x1500_0.png","type":"image","width":1500}],"smoosh":null,"xl":null},"out_of_stock_threshold":null,"perlgem":{"SKU_BASE_ID":15479},"preorder_date":null,"prices":[{"currency":"JPY","exclude_tax":{"original_price":3500,"original_price_formatted":"¥3,500","price":3500,"price_formatted":"¥3,500","price_per_unit":null,"price_per_unit_formatted":""},"include_tax":{"original_price":3850,"original_price_formatted":"¥3,850","price":3850,"price_formatted":"¥3,850","price_per_unit":null,"price_per_unit_formatted":""},"is_discounted":false}],"purchase_limit":null,"replenishment":{"message":null},"reviews":{"average_rating":null,"number_of_questions":null,"number_of_reviews":null},"set_components":null,"shade_groups":null,"shades":[{"description":"","hex_val":"","image":{"height":null,"src":"","width":null},"name":"","smoosh_design":{"group_id":null,"name":""}}],"sizes":[{"key":1,"value":"200ml"}],"skin":{"tone":null,"type":[{"key":"dry-skintype","value":"dry_skintype"}],"type_description":null},"sku_badge":null,"sku_badge_image":null,"sku_display_order":1,"sku_id":"6KK401","sku_promo_messaging":null,"sku_type":"SE","sku_url":null,"tags":{"total":9,"items":[{"id":"24780","key":"clarifying-lotion","value":"Clarifying Lotion"},{"id":"1573","key":"ステップ２ふき取る","value":"ステップ２：ふき取る"},{"id":"1575","key":"ベストセラー","value":"ベストセラー"},{"id":"12792","key":"タイプ１乾燥","value":"タイプ１：乾燥"},{"id":"20525","key":"shop-the-movie-02","value":"Shop the Movie 02"},{"id":"1682","key":"ふき取り化粧水化粧水","value":"ふき取り化粧水・化粧水"},{"id":"19570","key":"おすすめ製品","value":"おすすめ製品"},{"id":"13051","key":"スキンケア-ベストセラー","value":"スキンケア ベストセラー"},{"id":"13300","key":"ローション","value":"ローション"}]},"texture":null,"undertone":null,"unit_of_measure":null,"unit_size":null,"unit_size_formatted":null,"upc":"020714290542","vto":{"is_color_experience":null,"is_foundation_experience":null}},{"color_family":null,"coverage_options":null,"cross_sell":null,"display_status":7,"finish":null,"finish_options":null,"fragrances":[{"family":null,"key":null,"value":null}],"iln_listing":"水・変性アルコール・ハマメリスエキス・グリセリン・ＢＧ・トレハロース・エタノール・アセチルグルコサミン・ＥＤＴＡ－２Ｎａ・ヒアルロン酸Ｎａ・リン酸２Ｎａ・リン酸・黄４・青１・ソルビン酸Ｋ・フェノキシエタノール<JILN3378>","iln_version_number":"JILN3378","inventory_status":"Active","is_active":true,"is_coming_soon":null,"is_default_sku":false,"is_discountable":true,"is_displayable":null,"is_engravable":null,"is_fragrance":null,"is_giftable":null,"is_giftwrap":false,"is_inactive":null,"is_multi_shaded":null,"is_out_of_stock":null,"is_preorder":false,"is_preorderable":null,"is_promotional":null,"is_replenishable":false,"is_search_suppressed":null,"is_searchable":true,"is_shaded":null,"is_sized":null,"is_sold_out":null,"is_under_weight_hazmat":null,"is_vto_enabled":null,"life_of_product":"Basic Reorder","material_code":"6KK3010001","media":{"large":[{"alt":"クラリファイング<br>ローション １","height":1200,"position":0,"src":"/media/export/cms/products/1200x1500/cl_sku_6KK301_1200x1500_0.png","type":"image","width":1500}],"medium":[{"alt":"クラリファイング<br>ローション １","height":600,"position":1,"src":"/media/export/cms/products/600x750/cl_sku_6KK301_600x750_0.png","type":"image","width":750}],"model":null,"poster":null,"small":[{"alt":"クラリファイング<br>ローション １","height":1200,"position":2,"src":"/media/export/cms/products/1200x1500/cl_sku_6KK301_1200x1500_0.png","type":"image","width":1500}],"smoosh":null,"xl":null},"out_of_stock_threshold":null,"perlgem":{"SKU_BASE_ID":15480},"preorder_date":null,"prices":[{"currency":"JPY","exclude_tax":{"original_price":5600,"original_price_formatted":"¥5,600","price":5600,"price_formatted":"¥5,600","price_per_unit":null,"price_per_unit_formatted":""},"include_tax":{"original_price":6160,"original_price_formatted":"¥6,160","price":6160,"price_formatted":"¥6,160","price_per_unit":null,"price_per_unit_formatted":""},"is_discounted":false}],"purchase_limit":null,"replenishment":{"message":null},"reviews":{"average_rating":null,"number_of_questions":null,"number_of_reviews":null},"set_components":null,"shade_groups":null,"shades":[{"description":"","hex_val":"","image":{"height":null,"src":"","width":null},"name":"","smoosh_design":{"group_id":null,"name":""}}],"sizes":[{"key":1,"value":"400ml"}],"skin":{"tone":null,"type":[{"key":"dry-skintype","value":"dry_skintype"}],"type_description":null},"sku_badge":null,"sku_badge_image":null,"sku_display_order":1,"sku_id":"6KK301","sku_promo_messaging":null,"sku_type":"SE","sku_url":null,"tags":{"total":9,"items":[{"id":"24780","key":"clarifying-lotion","value":"Clarifying Lotion"},{"id":"1573","key":"ステップ２ふき取る","value":"ステップ２：ふき取る"},{"id":"1575","key":"ベストセラー","value":"ベストセラー"},{"id":"12792","key":"タイプ１乾燥","value":"タイプ１：乾燥"},{"id":"20525","key":"shop-the-movie-02","value":"Shop the Movie 02"},{"id":"1682","key":"ふき取り化粧水化粧水","value":"ふき取り化粧水・化粧水"},{"id":"19570","key":"おすすめ製品","value":"おすすめ製品"},{"id":"13051","key":"スキンケア-ベストセラー","value":"スキンケア ベストセラー"},{"id":"13300","key":"ローション","value":"ローション"}]},"texture":null,"undertone":null,"unit_of_measure":null,"unit_size":null,"unit_size_formatted":null,"upc":"020714290535","vto":{"is_color_experience":null,"is_foundation_experience":null}}]},"sub_display_name":"クラリファイング<br>ローション １","sub_header":null,"tags":{"total":9,"items":[{"id":"24780","key":"clarifying-lotion","parent_tag_id":"13300","product_display_order":0,"value":"Clarifying Lotion"},{"id":"1573","key":"ステップ２ふき取る","parent_tag_id":"1570","product_display_order":2,"value":"ステップ２：ふき取る"},{"id":"1575","key":"ベストセラー","parent_tag_id":null,"product_display_order":7,"value":"ベストセラー"},{"id":"12792","key":"タイプ１乾燥","parent_tag_id":"1570","product_display_order":3,"value":"タイプ１：乾燥"},{"id":"20525","key":"shop-the-movie-02","parent_tag_id":"1000020","product_display_order":0,"value":"Shop the Movie 02"},{"id":"1682","key":"ふき取り化粧水化粧水","parent_tag_id":"1667","product_display_order":2,"value":"ふき取り化粧水・化粧水"},{"id":"19570","key":"おすすめ製品","parent_tag_id":"1000020","product_display_order":67,"value":"おすすめ製品"},{"id":"13051","key":"スキンケア-ベストセラー","parent_tag_id":"1667","product_display_order":5,"value":"スキンケア ベストセラー"},{"id":"13300","key":"ローション","parent_tag_id":"1667","product_display_order":6,"value":"ローション"}]},"usage":[{"content":"1日2回ソープ洗顔後、コットンにローションをたっぷり含ませ、顔全体を優しく拭き取ります。目のまわりと唇は避けてください。","label":"PRODUCT USAGE","type":"product_usage"},{"content":null,"label":"HOW DOES IT WORK","type":"how_does_it_work"},{"content":"スキンタイプ1用(乾燥肌)","label":"WHO IT IS FOR","type":"who_it_is_for"},{"content":null,"label":"GREAT TO KNOW","type":"great_to_know"},{"content":"洗顔では落としきれない、さまざまな肌トラブルの原因となる古い角質を、穏やかに取り除きます。明るく、なめらかな肌に。","label":"WHAT_IT_DOES","type":"what_it_does"},{"content":"エクスフォリエーション効果のある、拭き取りタイプの化粧水。<br><small>※クラリファイング　ローションを、初めてお使いいただくときには、肌の抵抗力も考慮してお選びします。<br>※製品パッケージは画像と異なる場合がございます。</small>","label":"WHAT_IT_IS","type":"what_it_is"}],"objectID":"6740"},{"benefit":{"statement":null,"benefits":null},"brand":null,"collection":null,"coverage":null,"cross_sell":[{"sku_id":"6A1501","sort_key":1},{"sku_id":"K39901","sort_key":2},{"sku_id":"KN0X01","sort_key":3}],"default_category":{"id":"1682","key":"ふき取り化粧水化粧水"},"description":"<P>エクスフォリエーション効果のある、拭き取りタイプの化粧水。古い角質を穏やかに取り除き、透明感を引き出すと同時に、潤いを受け入れやすい状態へ。 スキンタイプ2用(乾燥～混合肌)</P>","display_mode":null,"display_name":"クラリファイング<br>ローション 2","display_status":7,"finish":null,"form":null,"formula_type":null,"fragrance_family":null,"indexable_keywords":[{"value":"３ステップ"},{"value":"基礎化粧品"},{"value":"化粧水"},{"value":"エクスフォリエーター"},{"value":"3step"},{"value":"ローション"},{"value":"エクスフォリエーション"},{"value":"角質"}],"is_hazmat":false,"is_product_coming_soon":null,"is_product_displayable":true,"is_product_searchable":true,"is_product_shoppable":true,"is_product_sold_out":null,"is_product_temporarily_out_of_stock":null,"is_search_suppressed":null,"key_ingredient":null,"media":{"large":null,"medium":null,"poster":null,"small":null,"videos":[{"position":null,"poster":{"height":null,"src":null,"width":null},"provider":"YouTube","src":null},{"position":null,"poster":{"height":null,"src":null,"width":null},"provider":"YouTube","src":null},{"position":null,"poster":{"height":null,"src":null,"width":null},"provider":"YouTube","src":null}],"xl":null},"meta":{"description":null,"keywords":"３ステップ,基礎化粧品,化粧水,エクスフォリエーター,3step,ローション,エクスフォリエーション,角質"},"parent_category":[{"id":"1682","value":"ふき取り化粧水・化粧水"},{"id":"1667","value":"スキンケア"}],"product_badge":null,"product_id":"6741","product_title_tag":null,"product_type":"Sized","product_url":"/product/1682/6741/2/clarifying-lotion-2","reviews":{"average_rating":null,"number_of_questions":null,"number_of_reviews":null},"shade_groups":null,"short_description":"エクスフォリエーション効果のある、拭き取りタイプの化粧水。<br>乾燥～混合肌","skin":null,"skin_goal":null,"skus":{"total":2,"items":[{"color_family":null,"coverage_options":null,"cross_sell":null,"display_status":7,"finish":null,"finish_options":null,"fragrances":[{"family":null,"key":null,"value":null}],"iln_listing":"水・変性アルコール・ハマメリスエキス・グリセリン・エタノール・トレハロース・アセチルグルコサミン・メントール・ヒアルロン酸Ｎａ・ＢＧ・紫４０１・リン酸２Ｎａ・赤２０１・クエン酸・赤２２７・リン酸・フェノキシエタノール<JILN3379>","iln_version_number":"JILN3379","inventory_status":"Active","is_active":true,"is_coming_soon":null,"is_default_sku":false,"is_discountable":true,"is_displayable":null,"is_engravable":null,"is_fragrance":null,"is_giftable":null,"is_giftwrap":false,"is_inactive":null,"is_multi_shaded":null,"is_out_of_stock":null,"is_preorder":false,"is_preorderable":null,"is_promotional":null,"is_replenishable":false,"is_search_suppressed":null,"is_searchable":true,"is_shaded":null,"is_sized":null,"is_sold_out":null,"is_under_weight_hazmat":false,"is_vto_enabled":null,"life_of_product":"Basic Reorder","material_code":"6KKA010001","media":{"large":[{"alt":"クラリファイング<br>ローション 2","height":1200,"position":0,"src":"/media/export/cms/products/1200x1500/cl_sku_6KKA01_1200x1500_0.png","type":"image","width":1500}],"medium":[{"alt":"クラリファイング<br>ローション 2","height":600,"position":1,"src":"/media/export/cms/products/600x750/cl_sku_6KKA01_600x750_0.png","type":"image","width":750}],"model":null,"poster":null,"small":[{"alt":"クラリファイング<br>ローション 2","height":1200,"position":2,"src":"/media/export/cms/products/1200x1500/cl_sku_6KKA01_1200x1500_0.png","type":"image","width":1500}],"smoosh":null,"xl":null},"out_of_stock_threshold":null,"perlgem":{"SKU_BASE_ID":15482},"preorder_date":null,"prices":[{"currency":"JPY","exclude_tax":{"original_price":3500,"original_price_formatted":"¥3,500","price":3500,"price_formatted":"¥3,500","price_per_unit":null,"price_per_unit_formatted":""},"include_tax":{"original_price":3850,"original_price_formatted":"¥3,850","price":3850,"price_formatted":"¥3,850","price_per_unit":null,"price_per_unit_formatted":""},"is_discounted":false}],"purchase_limit":null,"replenishment":{"message":null},"reviews":{"average_rating":null,"number_of_questions":null,"number_of_reviews":null},"set_components":null,"shade_groups":null,"shades":[{"description":"","hex_val":"","image":{"height":null,"src":"","width":null},"name":"","smoosh_design":{"group_id":null,"name":""}}],"sizes":[{"key":1,"value":"200ml"}],"skin":{"tone":null,"type":null,"type_description":null},"sku_badge":null,"sku_badge_image":null,"sku_display_order":1,"sku_id":"6KKA01","sku_promo_messaging":null,"sku_type":"SE","sku_url":null,"tags":{"total":9,"items":[{"id":"24780","key":"clarifying-lotion","value":"Clarifying Lotion"},{"id":"13300","key":"ローション","value":"ローション"},{"id":"12793","key":"タイプ２乾燥混合","value":"タイプ２：乾燥～混合"},{"id":"13051","key":"スキンケア-ベストセラー","value":"スキンケア ベストセラー"},{"id":"1575","key":"ベストセラー","value":"ベストセラー"},{"id":"22381","key":"スキンケア","value":"スキンケア"},{"id":"1682","key":"ふき取り化粧水化粧水","value":"ふき取り化粧水・化粧水"},{"id":"19570","key":"おすすめ製品","value":"おすすめ製品"},{"id":"1573","key":"ステップ２ふき取る","value":"ステップ２：ふき取る"}]},"texture":null,"undertone":null,"unit_of_measure":null,"unit_size":null,"unit_size_formatted":null,"upc":"020714290603","vto":{"is_color_experience":null,"is_foundation_experience":null}},{"color_family":null,"coverage_options":null,"cross_sell":null,"display_status":7,"finish":null,"finish_options":null,"fragrances":[{"family":null,"key":null,"value":null}],"iln_listing":"水・変性アルコール・ハマメリスエキス・グリセリン・エタノール・トレハロース・アセチルグルコサミン・メントール・ヒアルロン酸Ｎａ・ＢＧ・紫４０１・リン酸２Ｎａ・赤２０１・クエン酸・赤２２７・リン酸・フェノキシエタノール<JILN3379>","iln_version_number":"JILN3379","inventory_status":"Active","is_active":true,"is_coming_soon":null,"is_default_sku":false,"is_discountable":true,"is_displayable":null,"is_engravable":null,"is_fragrance":null,"is_giftable":null,"is_giftwrap":false,"is_inactive":null,"is_multi_shaded":null,"is_out_of_stock":null,"is_preorder":false,"is_preorderable":null,"is_promotional":null,"is_replenishable":false,"is_search_suppressed":null,"is_searchable":true,"is_shaded":null,"is_sized":null,"is_sold_out":null,"is_under_weight_hazmat":false,"is_vto_enabled":null,"life_of_product":"Basic Reorder","material_code":"6KK9010001","media":{"large":[{"alt":"クラリファイング<br>ローション 2","height":1200,"position":0,"src":"/media/export/cms/products/1200x1500/cl_sku_6KK901_1200x1500_0.png","type":"image","width":1500}],"medium":[{"alt":"クラリファイング<br>ローション 2","height":600,"position":1,"src":"/media/export/cms/products/600x750/cl_sku_6KK901_600x750_0.png","type":"image","width":750}],"model":null,"poster":null,"small":[{"alt":"クラリファイング<br>ローション 2","height":1200,"position":2,"src":"/media/export/cms/products/1200x1500/cl_sku_6KK901_1200x1500_0.png","type":"image","width":1500}],"smoosh":null,"xl":null},"out_of_stock_threshold":null,"perlgem":{"SKU_BASE_ID":15483},"preorder_date":null,"prices":[{"currency":"JPY","exclude_tax":{"original_price":5600,"original_price_formatted":"¥5,600","price":5600,"price_formatted":"¥5,600","price_per_unit":null,"price_per_unit_formatted":""},"include_tax":{"original_price":6160,"original_price_formatted":"¥6,160","price":6160,"price_formatted":"¥6,160","price_per_unit":null,"price_per_unit_formatted":""},"is_discounted":false}],"purchase_limit":null,"replenishment":{"message":null},"reviews":{"average_rating":null,"number_of_questions":null,"number_of_reviews":null},"set_components":null,"shade_groups":null,"shades":[{"description":"","hex_val":"","image":{"height":null,"src":"","width":null},"name":"","smoosh_design":{"group_id":null,"name":""}}],"sizes":[{"key":1,"value":"400ml"}],"skin":{"tone":null,"type":null,"type_description":null},"sku_badge":null,"sku_badge_image":null,"sku_display_order":1,"sku_id":"6KK901","sku_promo_messaging":null,"sku_type":"SE","sku_url":null,"tags":{"total":9,"items":[{"id":"24780","key":"clarifying-lotion","value":"Clarifying Lotion"},{"id":"13300","key":"ローション","value":"ローション"},{"id":"12793","key":"タイプ２乾燥混合","value":"タイプ２：乾燥～混合"},{"id":"13051","key":"スキンケア-ベストセラー","value":"スキンケア ベストセラー"},{"id":"1575","key":"ベストセラー","value":"ベストセラー"},{"id":"22381","key":"スキンケア","value":"スキンケア"},{"id":"1682","key":"ふき取り化粧水化粧水","value":"ふき取り化粧水・化粧水"},{"id":"19570","key":"おすすめ製品","value":"おすすめ製品"},{"id":"1573","key":"ステップ２ふき取る","value":"ステップ２：ふき取る"}]},"texture":null,"undertone":null,"unit_of_measure":null,"unit_size":null,"unit_size_formatted":null,"upc":"020714290597","vto":{"is_color_experience":null,"is_foundation_experience":null}}]},"sub_display_name":"クラリファイング<br>ローション 2","sub_header":null,"tags":{"total":9,"items":[{"id":"24780","key":"clarifying-lotion","parent_tag_id":"13300","product_display_order":1,"value":"Clarifying Lotion"},{"id":"13300","key":"ローション","parent_tag_id":"1667","product_display_order":7,"value":"ローション"},{"id":"12793","key":"タイプ２乾燥混合","parent_tag_id":"1570","product_display_order":10,"value":"タイプ２：乾燥～混合"},{"id":"13051","key":"スキンケア-ベストセラー","parent_tag_id":"1667","product_display_order":6,"value":"スキンケア ベストセラー"},{"id":"1575","key":"ベストセラー","parent_tag_id":null,"product_display_order":8,"value":"ベストセラー"},{"id":"22381","key":"スキンケア","parent_tag_id":"1000020","product_display_order":0,"value":"スキンケア"},{"id":"1682","key":"ふき取り化粧水化粧水","parent_tag_id":"1667","product_display_order":3,"value":"ふき取り化粧水・化粧水"},{"id":"19570","key":"おすすめ製品","parent_tag_id":"1000020","product_display_order":68,"value":"おすすめ製品"},{"id":"1573","key":"ステップ２ふき取る","parent_tag_id":"1570","product_display_order":3,"value":"ステップ２：ふき取る"}]},"usage":[{"content":"1日2回ソープ洗顔後、コットンにローションをたっぷり含ませ、顔全体を優しく拭き取ります。目のまわりと唇は避けてください。","label":"PRODUCT USAGE","type":"product_usage"},{"content":null,"label":"HOW DOES IT WORK","type":"how_does_it_work"},{"content":"乾燥～混合肌","label":"WHO IT IS FOR","type":"who_it_is_for"},{"content":null,"label":"GREAT TO KNOW","type":"great_to_know"},{"content":null,"label":"WHAT_IT_DOES","type":"what_it_does"},{"content":"拭き取りタイプの化粧水","label":"WHAT_IT_IS","type":"what_it_is"}],"objectID":"6741"},{"benefit":{"statement":null,"benefits":null},"brand":null,"collection":null,"coverage":null,"cross_sell":[{"sku_id":"6A1501","sort_key":1},{"sku_id":"K39901","sort_key":2},{"sku_id":"K1MH01","sort_key":3}],"default_category":{"id":"1682","key":"ふき取り化粧水化粧水"},"description":"<P>エクスフォリエーション効果のある、拭き取りタイプの化粧水。古い角質を穏やかに取り除き、透明感を引き出します。ベタつきやすい肌も、みずみずしく。 スキンタイプ3用(混合～脂性肌)<BR><BR>※クラリファイング　ローションを、初めてお使いいただくときには、肌の抵抗力も考慮してお選びします。</P><BR><P>※製品パッケージは画像と異なる場合がございます。</P>","display_mode":null,"display_name":"クラリファイング<br>ローション 3","display_status":7,"finish":null,"form":null,"formula_type":null,"fragrance_family":null,"indexable_keywords":[{"value":"クラリファイングローション"},{"value":"３ステップ"},{"value":"基礎化粧品"},{"value":"化粧水"},{"value":"エクスフォリエーター"},{"value":"3step"},{"value":"ローション"},{"value":"エクスフォリエーション"},{"value":"角質"}],"is_hazmat":false,"is_product_coming_soon":null,"is_product_displayable":true,"is_product_searchable":true,"is_product_shoppable":true,"is_product_sold_out":null,"is_product_temporarily_out_of_stock":null,"is_search_suppressed":null,"key_ingredient":null,"media":{"large":null,"medium":null,"poster":null,"small":null,"videos":[{"position":null,"poster":{"height":null,"src":null,"width":null},"provider":null,"src":null},{"position":null,"poster":{"height":null,"src":null,"width":null},"provider":null,"src":null},{"position":null,"poster":{"height":null,"src":null,"width":null},"provider":null,"src":null}],"xl":null},"meta":{"description":null,"keywords":"３ステップ,基礎化粧品,化粧水,エクスフォリエーター,3step,ローション,エクスフォリエーション,角質"},"parent_category":[{"id":"1682","value":"ふき取り化粧水・化粧水"},{"id":"1667","value":"スキンケア"}],"product_badge":null,"product_id":"6742","product_title_tag":null,"product_type":"Sized","product_url":"/product/1682/6742/3/clarifying-lotion-3","reviews":{"average_rating":null,"number_of_questions":null,"number_of_reviews":null},"shade_groups":null,"short_description":"エクスフォリエーション効果のある、拭き取りタイプの化粧水。古い角質を穏やかに取り除き、透明感を引き出します。ベタつきやすい肌も、みずみずしく。","skin":null,"skin_goal":null,"skus":{"total":2,"items":[{"color_family":null,"coverage_options":null,"cross_sell":null,"display_status":7,"finish":null,"finish_options":null,"fragrances":[{"family":null,"key":null,"value":null}],"iln_listing":"変性アルコール・水・ハマメリスエキス・エタノール・グリセリン・ＢＧ・トレハロース・アセチルグルコサミン・トロメタミン・ヒアルロン酸Ｎａ・グリシン・ＥＤＴＡ－２Ｎａ・クエン酸・赤２０１・橙２０５・紫４０１・サリチル酸・ベンザルコニウムクロリド・フェノキシエタノール<JILN3380>","iln_version_number":"JILN3380","inventory_status":"Active","is_active":true,"is_coming_soon":null,"is_default_sku":false,"is_discountable":true,"is_displayable":null,"is_engravable":null,"is_fragrance":null,"is_giftable":null,"is_giftwrap":false,"is_inactive":null,"is_multi_shaded":null,"is_out_of_stock":null,"is_preorder":false,"is_preorderable":null,"is_promotional":null,"is_replenishable":false,"is_search_suppressed":null,"is_searchable":true,"is_shaded":null,"is_sized":null,"is_sold_out":null,"is_under_weight_hazmat":false,"is_vto_enabled":null,"life_of_product":"Basic Reorder","material_code":"6KKF010001","media":{"large":[{"alt":"クラリファイング<br>ローション 3","height":1200,"position":0,"src":"/media/export/cms/products/1200x1500/cl_sku_6KKF01_1200x1500_0.png","type":"image","width":1500}],"medium":[{"alt":"クラリファイング<br>ローション 3","height":600,"position":1,"src":"/media/export/cms/products/600x750/cl_sku_6KKF01_600x750_0.png","type":"image","width":750}],"model":null,"poster":null,"small":[{"alt":"クラリファイング<br>ローション 3","height":1200,"position":2,"src":"/media/export/cms/products/1200x1500/cl_sku_6KKF01_1200x1500_0.png","type":"image","width":1500}],"smoosh":null,"xl":null},"out_of_stock_threshold":null,"perlgem":{"SKU_BASE_ID":15485},"preorder_date":null,"prices":[{"currency":"JPY","exclude_tax":{"original_price":3500,"original_price_formatted":"¥3,500","price":3500,"price_formatted":"¥3,500","price_per_unit":null,"price_per_unit_formatted":""},"include_tax":{"original_price":3850,"original_price_formatted":"¥3,850","price":3850,"price_formatted":"¥3,850","price_per_unit":null,"price_per_unit_formatted":""},"is_discounted":false}],"purchase_limit":null,"replenishment":{"message":null},"reviews":{"average_rating":null,"number_of_questions":null,"number_of_reviews":null},"set_components":null,"shade_groups":null,"shades":[{"description":"","hex_val":"","image":{"height":null,"src":"","width":null},"name":"","smoosh_design":{"group_id":null,"name":""}}],"sizes":[{"key":1,"value":"200ml"}],"skin":{"tone":null,"type":[{"key":"combination-skintype","value":"combination_skintype"},{"key":"oily-skintype","value":"oily_skintype"}],"type_description":null},"sku_badge":null,"sku_badge_image":null,"sku_display_order":1,"sku_id":"6KKF01","sku_promo_messaging":null,"sku_type":"SE","sku_url":null,"tags":{"total":8,"items":[{"id":"1682","key":"ふき取り化粧水化粧水","value":"ふき取り化粧水・化粧水"},{"id":"1573","key":"ステップ２ふき取る","value":"ステップ２：ふき取る"},{"id":"19570","key":"おすすめ製品","value":"おすすめ製品"},{"id":"1575","key":"ベストセラー","value":"ベストセラー"},{"id":"13300","key":"ローション","value":"ローション"},{"id":"24780","key":"clarifying-lotion","value":"Clarifying Lotion"},{"id":"13051","key":"スキンケア-ベストセラー","value":"スキンケア ベストセラー"},{"id":"12794","key":"タイプ３混合脂性","value":"タイプ３：混合～脂性"}]},"texture":null,"undertone":null,"unit_of_measure":null,"unit_size":null,"unit_size_formatted":null,"upc":"020714290634","vto":{"is_color_experience":null,"is_foundation_experience":null}},{"color_family":null,"coverage_options":null,"cross_sell":null,"display_status":7,"finish":null,"finish_options":null,"fragrances":[{"family":null,"key":null,"value":null}],"iln_listing":"変性アルコール・水・ハマメリスエキス・エタノール・グリセリン・ＢＧ・トレハロース・アセチルグルコサミン・トロメタミン・ヒアルロン酸Ｎａ・グリシン・ＥＤＴＡ－２Ｎａ・クエン酸・赤２０１・橙２０５・紫４０１・サリチル酸・ベンザルコニウムクロリド・フェノキシエタノール<JILN3380>","iln_version_number":"JILN3380","inventory_status":"Active","is_active":true,"is_coming_soon":null,"is_default_sku":false,"is_discountable":true,"is_displayable":null,"is_engravable":null,"is_fragrance":null,"is_giftable":null,"is_giftwrap":false,"is_inactive":null,"is_multi_shaded":null,"is_out_of_stock":null,"is_preorder":false,"is_preorderable":null,"is_promotional":null,"is_replenishable":false,"is_search_suppressed":null,"is_searchable":true,"is_shaded":null,"is_sized":null,"is_sold_out":null,"is_under_weight_hazmat":false,"is_vto_enabled":null,"life_of_product":"Basic Reorder","material_code":"6KKE010001","media":{"large":[{"alt":"クラリファイング<br>ローション 3","height":1200,"position":0,"src":"/media/export/cms/products/1200x1500/cl_sku_6KKE01_1200x1500_0.png","type":"image","width":1500}],"medium":[{"alt":"クラリファイング<br>ローション 3","height":600,"position":1,"src":"/media/export/cms/products/600x750/cl_sku_6KKE01_600x750_0.png","type":"image","width":750}],"model":null,"poster":null,"small":[{"alt":"クラリファイング<br>ローション 3","height":1200,"position":2,"src":"/media/export/cms/products/1200x1500/cl_sku_6KKE01_1200x1500_0.png","type":"image","width":1500}],"smoosh":null,"xl":null},"out_of_stock_threshold":null,"perlgem":{"SKU_BASE_ID":15486},"preorder_date":null,"prices":[{"currency":"JPY","exclude_tax":{"original_price":5600,"original_price_formatted":"¥5,600","price":5600,"price_formatted":"¥5,600","price_per_unit":null,"price_per_unit_formatted":""},"include_tax":{"original_price":6160,"original_price_formatted":"¥6,160","price":6160,"price_formatted":"¥6,160","price_per_unit":null,"price_per_unit_formatted":""},"is_discounted":false}],"purchase_limit":null,"replenishment":{"message":null},"reviews":{"average_rating":null,"number_of_questions":null,"number_of_reviews":null},"set_components":null,"shade_groups":null,"shades":[{"description":"","hex_val":"","image":{"height":null,"src":"","width":null},"name":"","smoosh_design":{"group_id":null,"name":""}}],"sizes":[{"key":1,"value":"400ml"}],"skin":{"tone":null,"type":[{"key":"combination-skintype","value":"combination_skintype"},{"key":"oily-skintype","value":"oily_skintype"}],"type_description":null},"sku_badge":null,"sku_badge_image":null,"sku_display_order":1,"sku_id":"6KKE01","sku_promo_messaging":null,"sku_type":"SE","sku_url":null,"tags":{"total":8,"items":[{"id":"1682","key":"ふき取り化粧水化粧水","value":"ふき取り化粧水・化粧水"},{"id":"1573","key":"ステップ２ふき取る","value":"ステップ２：ふき取る"},{"id":"19570","key":"おすすめ製品","value":"おすすめ製品"},{"id":"1575","key":"ベストセラー","value":"ベストセラー"},{"id":"13300","key":"ローション","value":"ローション"},{"id":"24780","key":"clarifying-lotion","value":"Clarifying Lotion"},{"id":"13051","key":"スキンケア-ベストセラー","value":"スキンケア ベストセラー"},{"id":"12794","key":"タイプ３混合脂性","value":"タイプ３：混合～脂性"}]},"texture":null,"undertone":null,"unit_of_measure":null,"unit_size":null,"unit_size_formatted":null,"upc":"020714290627","vto":{"is_color_experience":null,"is_foundation_experience":null}}]},"sub_display_name":"クラリファイング<br>ローション 3","sub_header":null,"tags":{"total":8,"items":[{"id":"1682","key":"ふき取り化粧水化粧水","parent_tag_id":"1667","product_display_order":4,"value":"ふき取り化粧水・化粧水"},{"id":"1573","key":"ステップ２ふき取る","parent_tag_id":"1570","product_display_order":4,"value":"ステップ２：ふき取る"},{"id":"19570","key":"おすすめ製品","parent_tag_id":"1000020","product_display_order":69,"value":"おすすめ製品"},{"id":"1575","key":"ベストセラー","parent_tag_id":null,"product_display_order":9,"value":"ベストセラー"},{"id":"13300","key":"ローション","parent_tag_id":"1667","product_display_order":8,"value":"ローション"},{"id":"24780","key":"clarifying-lotion","parent_tag_id":"13300","product_display_order":2,"value":"Clarifying Lotion"},{"id":"13051","key":"スキンケア-ベストセラー","parent_tag_id":"1667","product_display_order":7,"value":"スキンケア ベストセラー"},{"id":"12794","key":"タイプ３混合脂性","parent_tag_id":"1570","product_display_order":8,"value":"タイプ３：混合～脂性"}]},"usage":[{"content":"1日2回ソープ洗顔後、コットンにローションをたっぷり含ませ、顔全体を優しく拭き取ります。目のまわりと唇は避けてください。","label":"PRODUCT USAGE","type":"product_usage"},{"content":null,"label":"HOW DOES IT WORK","type":"how_does_it_work"},{"content":"スキンタイプ3用(混合～脂性肌)","label":"WHO IT IS FOR","type":"who_it_is_for"},{"content":null,"label":"GREAT TO KNOW","type":"great_to_know"},{"content":"1日2回ソープ洗顔後、コットンにローションをたっぷり含ませ、顔全体を優しく拭き取ります。目のまわりと唇は避けてください。","label":"WHAT_IT_DOES","type":"what_it_does"},{"content":"エクスフォリエーション効果のある、拭き取りタイプの化粧水。古い角質を穏やかに取り除き、透明感を引き出します。ベタつきやすい肌も、みずみずしく。","label":"WHAT_IT_IS","type":"what_it_is"}],"objectID":"6742"},{"benefit":{"statement":null,"benefits":null},"brand":null,"collection":null,"coverage":null,"cross_sell":[{"sku_id":"6A1501","sort_key":1},{"sku_id":"K1MH01","sort_key":2},{"sku_id":"Z0HJ01","sort_key":3}],"default_category":{"id":"1682","key":"ふき取り化粧水化粧水"},"description":"<P>エクスフォリエーション効果のある、拭き取りタイプの化粧水。古い角質を穏やかに取り除き、透明感を引き出します。くすみ、ベタつきもすっきり一掃。 <br>容量：200mL<br>スキンタイプ:4用(脂性肌) <BR>※製品パッケージは画像と異なる場合がございます。</P>","display_mode":null,"display_name":"クラリファイング<br>ローション 4","display_status":7,"finish":null,"form":null,"formula_type":null,"fragrance_family":null,"indexable_keywords":[{"value":"クラリファイングローション"},{"value":"３ステップ"},{"value":"基礎化粧品"},{"value":"化粧水"},{"value":"エクスフォリエーター"},{"value":"3step"},{"value":"ローション"},{"value":"エクスフォリエーション"},{"value":"角質"}],"is_hazmat":false,"is_product_coming_soon":null,"is_product_displayable":true,"is_product_searchable":true,"is_product_shoppable":true,"is_product_sold_out":null,"is_product_temporarily_out_of_stock":null,"is_search_suppressed":null,"key_ingredient":null,"media":{"large":null,"medium":null,"poster":null,"small":null,"videos":[{"position":null,"poster":{"height":null,"src":null,"width":null},"provider":"YouTube","src":null},{"position":null,"poster":{"height":null,"src":null,"width":null},"provider":"YouTube","src":null},{"position":null,"poster":{"height":null,"src":null,"width":null},"provider":"YouTube","src":null}],"xl":null},"meta":{"description":null,"keywords":"３ステップ,基礎化粧品,化粧水,エクスフォリエーター,3step,ローション,エクスフォリエーション,角質"},"parent_category":[{"id":"1682","value":"ふき取り化粧水・化粧水"},{"id":"1667","value":"スキンケア"}],"product_badge":null,"product_id":"6743","product_title_tag":null,"product_type":"Sized","product_url":"/product/1682/6743/4/clarifying-lotion-4","reviews":{"average_rating":null,"number_of_questions":null,"number_of_reviews":null},"shade_groups":null,"short_description":"エクスフォリエーション効果のある、拭き取りタイプの化粧水。古い角質を穏やかに取り除き、透明感を引き出します。くすみ、ベタつきもすっきり一掃。","skin":null,"skin_goal":null,"skus":{"total":1,"items":[{"color_family":null,"coverage_options":null,"cross_sell":null,"display_status":7,"finish":null,"finish_options":null,"fragrances":[{"family":null,"key":null,"value":null}],"iln_listing":null,"iln_version_number":null,"inventory_status":"Active","is_active":true,"is_coming_soon":null,"is_default_sku":false,"is_discountable":true,"is_displayable":null,"is_engravable":null,"is_fragrance":null,"is_giftable":null,"is_giftwrap":false,"is_inactive":null,"is_multi_shaded":null,"is_out_of_stock":null,"is_preorder":false,"is_preorderable":null,"is_promotional":null,"is_replenishable":false,"is_search_suppressed":null,"is_searchable":true,"is_shaded":null,"is_sized":null,"is_sold_out":null,"is_under_weight_hazmat":false,"is_vto_enabled":null,"life_of_product":"Basic Reorder","material_code":"6KKJ010001","media":{"large":[{"alt":"クラリファイング<br>ローション 4","height":1200,"position":0,"src":"/media/export/cms/products/1200x1500/cl_sku_6KKJ01_1200x1500_0.png","type":"image","width":1500}],"medium":[{"alt":"クラリファイング<br>ローション 4","height":600,"position":1,"src":"/media/export/cms/products/600x750/cl_sku_6KKJ01_600x750_0.png","type":"image","width":750}],"model":null,"poster":null,"small":[{"alt":"クラリファイング<br>ローション 4","height":1200,"position":2,"src":"/media/export/cms/products/1200x1500/cl_sku_6KKJ01_1200x1500_0.png","type":"image","width":1500}],"smoosh":null,"xl":null},"out_of_stock_threshold":null,"perlgem":{"SKU_BASE_ID":15487},"preorder_date":null,"prices":[{"currency":"JPY","exclude_tax":{"original_price":3500,"original_price_formatted":"¥3,500","price":3500,"price_formatted":"¥3,500","price_per_unit":null,"price_per_unit_formatted":""},"include_tax":{"original_price":3850,"original_price_formatted":"¥3,850","price":3850,"price_formatted":"¥3,850","price_per_unit":null,"price_per_unit_formatted":""},"is_discounted":false}],"purchase_limit":null,"replenishment":{"message":null},"reviews":{"average_rating":null,"number_of_questions":null,"number_of_reviews":null},"set_components":null,"shade_groups":null,"shades":[{"description":"","hex_val":"","image":{"height":null,"src":"","width":null},"name":"","smoosh_design":{"group_id":null,"name":""}}],"sizes":[{"key":1,"value":"200ml"}],"skin":{"tone":null,"type":[{"key":"oily-skintype","value":"oily_skintype"}],"type_description":null},"sku_badge":null,"sku_badge_image":null,"sku_display_order":1,"sku_id":"6KKJ01","sku_promo_messaging":null,"sku_type":"SE","sku_url":null,"tags":{"total":8,"items":[{"id":"13300","key":"ローション","value":"ローション"},{"id":"1573","key":"ステップ２ふき取る","value":"ステップ２：ふき取る"},{"id":"24780","key":"clarifying-lotion","value":"Clarifying Lotion"},{"id":"12795","key":"タイプ４脂性","value":"タイプ４：脂性"},{"id":"1575","key":"ベストセラー","value":"ベストセラー"},{"id":"13051","key":"スキンケア-ベストセラー","value":"スキンケア ベストセラー"},{"id":"1682","key":"ふき取り化粧水化粧水","value":"ふき取り化粧水・化粧水"},{"id":"19570","key":"おすすめ製品","value":"おすすめ製品"}]},"texture":null,"undertone":null,"unit_of_measure":null,"unit_size":null,"unit_size_formatted":null,"upc":"020714290665","vto":{"is_color_experience":null,"is_foundation_experience":null}}]},"sub_display_name":"クラリファイング<br>ローション 4","sub_header":null,"tags":{"total":8,"items":[{"id":"13300","key":"ローション","parent_tag_id":"1667","product_display_order":10,"value":"ローション"},{"id":"1573","key":"ステップ２ふき取る","parent_tag_id":"1570","product_display_order":5,"value":"ステップ２：ふき取る"},{"id":"24780","key":"clarifying-lotion","parent_tag_id":"13300","product_display_order":3,"value":"Clarifying Lotion"},{"id":"12795","key":"タイプ４脂性","parent_tag_id":"1570","product_display_order":0,"value":"タイプ４：脂性"},{"id":"1575","key":"ベストセラー","parent_tag_id":null,"product_display_order":10,"value":"ベストセラー"},{"id":"13051","key":"スキンケア-ベストセラー","parent_tag_id":"1667","product_display_order":8,"value":"スキンケア ベストセラー"},{"id":"1682","key":"ふき取り化粧水化粧水","parent_tag_id":"1667","product_display_order":5,"value":"ふき取り化粧水・化粧水"},{"id":"19570","key":"おすすめ製品","parent_tag_id":"1000020","product_display_order":70,"value":"おすすめ製品"}]},"usage":[{"content":"1日2回ソープ洗顔後、コットンにローションをたっぷり含ませ、顔全体を優しく拭き取ります。目のまわりと唇は避けてください。","label":"PRODUCT USAGE","type":"product_usage"},{"content":null,"label":"HOW DOES IT WORK","type":"how_does_it_work"},{"content":"スキンタイプ4用(脂性肌)","label":"WHO IT IS FOR","type":"who_it_is_for"},{"content":null,"label":"GREAT TO KNOW","type":"great_to_know"},{"content":"1日2回ソープ洗顔後、コットンにローションをたっぷり含ませ、顔全体を優しく拭き取ります。目のまわりと唇は避けてください。","label":"WHAT_IT_DOES","type":"what_it_does"},{"content":"エクスフォリエーション効果のある、拭き取りタイプの化粧水。古い角質を穏やかに取り除き、透明感を引き出します。くすみ、ベタつきもすっきり一掃。","label":"WHAT_IT_IS","type":"what_it_is"}],"objectID":"6743"},{"benefit":{"statement":null,"benefits":null},"brand":null,"collection":null,"coverage":null,"cross_sell":null,"default_category":{"id":"1599","key":"ファンデーション"},"description":"肌の渇きにたっぷり水分チャージする「モイスチャー サージ」シリーズから、待望の持ち運び可能なリキッド、「クッション ファンデ」が新登場！<br><BR>シリーズが誇るアロエベラ葉水＊配合で、潤って素肌からぷるぷるの、しずくのような潤み肌仕上がりに。エアコンなどによる乾燥からも守りながら、薄づきでナチュラル、あなたの肌色をキレイにカバーします。<BR>日本や、アジアの湿気が多い国の気候のために 特別に開発された「ウォーター レジスタント処方」で、湿度に強く、仕上がりが崩れにくく、うるツヤな透明感をキープします。<BR>単品使いはもちろん、パウダリーなど 他のファンデーションと合わせてもお使いいただけます。<BR>今回、全7色展開のうち ユニークな「01 ローズィー グロウ トーン アップ」は、その名のとおり「肌のトーンアップ」用として、または「ハイライト」用として、別シェードとの重ねづけが可能。<BR>プライマーのように使って、パッ！と明るい、キレイな血色感のある肌を演出できます。<br><BR>さあ、これからはいつでもどこでも、ピンクの大人かわいいコンパクトをあければ、しずくのような潤み肌仕上がり(Dewy Look)に変身！<br><font size=\"1\">＊保湿成分</font>","display_mode":null,"display_name":"モイスチャー サージ ハイドレーティング クッション コンパクト 33 SPF33/PA+++（ケース付）","display_status":7,"finish":null,"form":null,"formula_type":null,"fragrance_family":null,"indexable_keywords":null,"is_hazmat":false,"is_product_coming_soon":null,"is_product_displayable":true,"is_product_searchable":true,"is_product_shoppable":true,"is_product_sold_out":null,"is_product_temporarily_out_of_stock":null,"is_search_suppressed":null,"key_ingredient":null,"media":{"large":null,"medium":null,"poster":null,"small":null,"videos":[{"position":null,"poster":{"height":null,"src":null,"width":null},"provider":null,"src":null},{"position":null,"poster":{"height":null,"src":null,"width":null},"provider":null,"src":null},{"position":null,"poster":{"height":null,"src":null,"width":null},"provider":null,"src":null}],"xl":null},"meta":{"description":null,"keywords":null},"parent_category":[{"id":"1599","value":"ファンデーション"},{"id":"1592","value":"メーク"}],"product_badge":null,"product_id":"67720","product_title_tag":null,"product_type":"Shaded","product_url":"/product/1599/67720/--33-spf33pa/moisture-surge-hydrating-cusion-compact-33","reviews":{"average_rating":null,"number_of_questions":null,"number_of_reviews":null},"shade_groups":null,"short_description":"肌の渇きにたっぷり水分チャージする「モイスチャー サージ」シリーズから、待望の持ち運び可能なリキッド、「クッション ファンデ」が新登場！<br><BR>シリーズが誇るアロエベラ葉水＊配合で、潤って素肌からぷるぷるの、しずくのような潤み肌仕上がりに。エアコンなどによる乾燥からも守りながら、薄づきでナチュラル、あなたの肌色をキレイにカバーします。<BR>日本や、アジアの湿気が多い国の気候のために 特別に開発された「ウォーター レジスタント処方」で、湿度に強く、仕上がりが崩れにくく、うるツヤな透明感をキープします。<BR>単品使いはもちろん、パウダリーなど 他のファンデーションと合わせてもお使いいただけます。<BR>今回、全7色展開のうち ユニークな「01 ローズィー グロウ トーン アップ」は、その名のとおり「肌のトーンアップ」用として、または「ハイライト」用として、別シェードとの重ねづけが可能。<BR>プライマーのように使って、パッ！と明るい、キレイな血色感のある肌を演出できます。<br><BR>さあ、これからはいつでもどこでも、ピンクの大人かわいいコンパクトをあければ、しずくのような潤み肌仕上がり(Dewy Look)に変身！<br><font size=\"1\">＊保湿成分</font>","skin":null,"skin_goal":null,"skus":{"total":2,"items":[{"color_family":null,"coverage_options":null,"cross_sell":null,"display_status":7,"finish":null,"finish_options":null,"fragrances":[{"family":null,"key":null,"value":null}],"iln_listing":"水・メチルトリメチコン・ジメチコン・ジエチルへキサン酸ネオペンチルグリコール・ＢＧ・硫酸Ｂａ・アスコルビルグルコシド・ＰＥＧ－９ポリジメチルシロキシエチルジメチコン・ペンチレングリコール・（アクリレーツ／ジメチコン）コポリマー・グリセリン・ＰＥＧ－４００・ポリメタクリル酸メチル・タルク・（ジメチコン／ビニルジメチコン）クロスポリマー・（ジメチコン／（ＰＥＧ－１０／１５））クロスポリマー・ジイソステアリン酸ポリグリセリル－２・ステアリン酸・塩化Ｎａ・クエン酸Ｎａ・アルミナ・水酸化Ｎａ・トコフェロール・グリシン・ハイドロゲンジメチコン・グリチルレチン酸ステアリル・水酸化Ａｌ・クエン酸・硫酸Ｍｇ・ジカプリン酸ＰＧ・ヒマワリ油粕・オオムギ種子エキス・キュウリ果実エキス・アロエベラ葉水・ＢＨＴ・チャ葉エキス・フェノキシエタノール　＋／－　酸化チタン・マイカ・酸化鉄<JILN9043>","iln_version_number":"JILN9043","inventory_status":"Active","is_active":true,"is_coming_soon":null,"is_default_sku":false,"is_discountable":true,"is_displayable":null,"is_engravable":null,"is_fragrance":null,"is_giftable":null,"is_giftwrap":false,"is_inactive":null,"is_multi_shaded":null,"is_out_of_stock":null,"is_preorder":false,"is_preorderable":null,"is_promotional":null,"is_replenishable":false,"is_search_suppressed":null,"is_searchable":true,"is_shaded":null,"is_sized":null,"is_sold_out":null,"is_under_weight_hazmat":false,"is_vto_enabled":null,"life_of_product":"Basic Reorder","material_code":"KFF6616000","media":{"large":[{"alt":"モイスチャー サージ ハイドレーティング クッション コンパクト 33 SPF33/PA+++（ケース付）","height":1200,"position":0,"src":"/media/export/cms/products/1200x1500/cl_sku_KFF661_1200x1500_0.png","type":"image","width":1500}],"medium":[{"alt":"モイスチャー サージ ハイドレーティング クッション コンパクト 33 SPF33/PA+++（ケース付）","height":600,"position":1,"src":"/media/export/cms/products/600x750/cl_sku_KFF661_600x750_0.png","type":"image","width":750}],"model":null,"poster":null,"small":[{"alt":"モイスチャー サージ ハイドレーティング クッション コンパクト 33 SPF33/PA+++（ケース付）","height":1200,"position":2,"src":"/media/export/cms/products/1200x1500/cl_sku_KFF661_1200x1500_0.png","type":"image","width":1500}],"smoosh":null,"xl":null},"out_of_stock_threshold":null,"perlgem":{"SKU_BASE_ID":105804},"preorder_date":null,"prices":[{"currency":"JPY","exclude_tax":{"original_price":5300,"original_price_formatted":"¥5,300","price":5300,"price_formatted":"¥5,300","price_per_unit":null,"price_per_unit_formatted":""},"include_tax":{"original_price":5830,"original_price_formatted":"¥5,830","price":5830,"price_formatted":"¥5,830","price_per_unit":null,"price_per_unit_formatted":""},"is_discounted":false}],"purchase_limit":null,"replenishment":{"message":null},"reviews":{"average_rating":null,"number_of_questions":null,"number_of_reviews":null},"set_components":null,"shade_groups":null,"shades":[{"description":"","hex_val":"#EED4BA","image":{"height":null,"src":"","width":null},"name":"61 アイボリー","smoosh_design":{"group_id":null,"name":""}}],"sizes":[{"key":1,"value":null}],"skin":{"tone":null,"type":null,"type_description":null},"sku_badge":null,"sku_badge_image":null,"sku_display_order":1,"sku_id":"KFF661","sku_promo_messaging":null,"sku_type":"SE","sku_url":null,"tags":{"total":3,"items":[{"id":"1599","key":"ファンデーション","value":"ファンデーション"},{"id":"1687","key":"乾燥","value":"乾燥"},{"id":"1592","key":"メーク","value":"メーク"}]},"texture":null,"undertone":null,"unit_of_measure":null,"unit_size":null,"unit_size_formatted":null,"upc":"020714971571","vto":{"is_color_experience":null,"is_foundation_experience":null}},{"color_family":null,"coverage_options":null,"cross_sell":null,"display_status":7,"finish":null,"finish_options":null,"fragrances":[{"family":null,"key":null,"value":null}],"iln_listing":"水・メチルトリメチコン・ジメチコン・ジエチルへキサン酸ネオペンチルグリコール・ＢＧ・硫酸Ｂａ・アスコルビルグルコシド・ＰＥＧ－９ポリジメチルシロキシエチルジメチコン・ペンチレングリコール・（アクリレーツ／ジメチコン）コポリマー・グリセリン・ＰＥＧ－４００・ポリメタクリル酸メチル・タルク・（ジメチコン／ビニルジメチコン）クロスポリマー・（ジメチコン／（ＰＥＧ－１０／１５））クロスポリマー・ジイソステアリン酸ポリグリセリル－２・ステアリン酸・塩化Ｎａ・クエン酸Ｎａ・アルミナ・水酸化Ｎａ・トコフェロール・グリシン・ハイドロゲンジメチコン・グリチルレチン酸ステアリル・水酸化Ａｌ・クエン酸・硫酸Ｍｇ・ジカプリン酸ＰＧ・ヒマワリ油粕・オオムギ種子エキス・キュウリ果実エキス・アロエベラ葉水・ＢＨＴ・チャ葉エキス・フェノキシエタノール　＋／－　酸化チタン・マイカ・酸化鉄<JILN9043>","iln_version_number":"JILN9043","inventory_status":"Active","is_active":true,"is_coming_soon":null,"is_default_sku":false,"is_discountable":true,"is_displayable":null,"is_engravable":null,"is_fragrance":null,"is_giftable":null,"is_giftwrap":false,"is_inactive":null,"is_multi_shaded":null,"is_out_of_stock":null,"is_preorder":false,"is_preorderable":null,"is_promotional":null,"is_replenishable":false,"is_search_suppressed":null,"is_searchable":true,"is_shaded":null,"is_sized":null,"is_sold_out":null,"is_under_weight_hazmat":false,"is_vto_enabled":null,"life_of_product":"Basic Reorder","material_code":"KFF6666000","media":{"large":[{"alt":"モイスチャー サージ ハイドレーティング クッション コンパクト 33 SPF33/PA+++（ケース付）","height":1200,"position":0,"src":"/media/export/cms/products/1200x1500/cl_sku_KFF666_1200x1500_0.png","type":"image","width":1500}],"medium":[{"alt":"モイスチャー サージ ハイドレーティング クッション コンパクト 33 SPF33/PA+++（ケース付）","height":600,"position":1,"src":"/media/export/cms/products/600x750/cl_sku_KFF666_600x750_0.png","type":"image","width":750}],"model":null,"poster":null,"small":[{"alt":"モイスチャー サージ ハイドレーティング クッション コンパクト 33 SPF33/PA+++（ケース付）","height":1200,"position":2,"src":"/media/export/cms/products/1200x1500/cl_sku_KFF666_1200x1500_0.png","type":"image","width":1500}],"smoosh":null,"xl":null},"out_of_stock_threshold":null,"perlgem":{"SKU_BASE_ID":105809},"preorder_date":null,"prices":[{"currency":"JPY","exclude_tax":{"original_price":5300,"original_price_formatted":"¥5,300","price":5300,"price_formatted":"¥5,300","price_per_unit":null,"price_per_unit_formatted":""},"include_tax":{"original_price":5830,"original_price_formatted":"¥5,830","price":5830,"price_formatted":"¥5,830","price_per_unit":null,"price_per_unit_formatted":""},"is_discounted":false}],"purchase_limit":null,"replenishment":{"message":null},"reviews":{"average_rating":null,"number_of_questions":null,"number_of_reviews":null},"set_components":null,"shade_groups":null,"shades":[{"description":"","hex_val":"#E6B087","image":{"height":null,"src":"","width":null},"name":"66 トゥルー ベージュ","smoosh_design":{"group_id":null,"name":""}}],"sizes":[{"key":1,"value":null}],"skin":{"tone":null,"type":null,"type_description":null},"sku_badge":null,"sku_badge_image":null,"sku_display_order":6,"sku_id":"KFF666","sku_promo_messaging":null,"sku_type":"SE","sku_url":null,"tags":{"total":3,"items":[{"id":"1599","key":"ファンデーション","value":"ファンデーション"},{"id":"1687","key":"乾燥","value":"乾燥"},{"id":"1592","key":"メーク","value":"メーク"}]},"texture":null,"undertone":null,"unit_of_measure":null,"unit_size":null,"unit_size_formatted":null,"upc":"020714971625","vto":{"is_color_experience":null,"is_foundation_experience":null}}]},"sub_display_name":"モイスチャー サージ ハイドレーティング クッション コンパクト 33 SPF33/PA+++（ケース付）","sub_header":null,"tags":{"total":3,"items":[{"id":"1599","key":"ファンデーション","parent_tag_id":"1592","product_display_order":9,"value":"ファンデーション"},{"id":"1687","key":"乾燥","parent_tag_id":"1667","product_display_order":6,"value":"乾燥"},{"id":"1592","key":"メーク","parent_tag_id":null,"product_display_order":0,"value":"メーク"}]},"usage":[{"content":null,"label":"PRODUCT USAGE","type":"product_usage"},{"content":null,"label":"HOW DOES IT WORK","type":"how_does_it_work"},{"content":null,"label":"WHO IT IS FOR","type":"who_it_is_for"},{"content":null,"label":"GREAT TO KNOW","type":"great_to_know"},{"content":null,"label":"WHAT_IT_DOES","type":"what_it_does"},{"content":null,"label":"WHAT_IT_IS","type":"what_it_is"}],"objectID":"67720"},{"benefit":{"statement":null,"benefits":null},"brand":null,"collection":null,"coverage":null,"cross_sell":null,"default_category":{"id":"1599","key":"ファンデーション"},"description":"肌の渇きにたっぷり水分チャージする「モイスチャー サージ」シリーズから、待望の持ち運び可能なリキッド、「クッション ファンデ」が新登場！*リフィル<br><BR>シリーズが誇るアロエベラ葉水＊配合で、潤って素肌からぷるぷるの、しずくのような潤み肌仕上がりに。エアコンなどによる乾燥からも守りながら、薄づきでナチュラル、あなたの肌色をキレイにカバーします。<BR>日本や、アジアの湿気が多い国の気候のために 特別に開発された「ウォーター レジスタント処方」で、湿度に強く、仕上がりが崩れにくく、うるツヤな透明感をキープします。<BR><br><font size=\"1\">＊保湿成分</font>","display_mode":null,"display_name":"モイスチャー サージ ハイドレーティング クッション コンパクト 33 SPF33/PA+++ リフィル","display_status":7,"finish":null,"form":null,"formula_type":null,"fragrance_family":null,"indexable_keywords":null,"is_hazmat":false,"is_product_coming_soon":null,"is_product_displayable":true,"is_product_searchable":true,"is_product_shoppable":true,"is_product_sold_out":null,"is_product_temporarily_out_of_stock":null,"is_search_suppressed":null,"key_ingredient":null,"media":{"large":null,"medium":null,"poster":null,"small":null,"videos":[{"position":null,"poster":{"height":null,"src":null,"width":null},"provider":null,"src":null},{"position":null,"poster":{"height":null,"src":null,"width":null},"provider":null,"src":null},{"position":null,"poster":{"height":null,"src":null,"width":null},"provider":null,"src":null}],"xl":null},"meta":{"description":null,"keywords":null},"parent_category":[{"id":"1599","value":"ファンデーション"},{"id":"1592","value":"メーク"}],"product_badge":null,"product_id":"67722","product_title_tag":null,"product_type":"Shaded","product_url":"/product/1599/67722/--33-spf33pa/moisture-surge-hydrating-cusion-compact-33-refill","reviews":{"average_rating":null,"number_of_questions":null,"number_of_reviews":null},"shade_groups":null,"short_description":"肌の渇きにたっぷり水分チャージする「モイスチャー サージ」シリーズから、待望の持ち運び可能なリキッド、「クッション ファンデ」が新登場！*リフィル<br><BR>シリーズが誇るアロエベラ葉水＊配合で、潤って素肌からぷるぷるの、しずくのような潤み肌仕上がりに。エアコンなどによる乾燥からも守りながら、薄づきでナチュラル、あなたの肌色をキレイにカバーします。<BR>日本や、アジアの湿気が多い国の気候のために 特別に開発された「ウォーター レジスタント処方」で、湿度に強く、仕上がりが崩れにくく、うるツヤな透明感をキープします。<BR><br><font size=\"1\">＊保湿成分</font>","skin":null,"skin_goal":null,"skus":{"total":2,"items":[{"color_family":null,"coverage_options":null,"cross_sell":null,"display_status":7,"finish":null,"finish_options":null,"fragrances":[{"family":null,"key":null,"value":null}],"iln_listing":"水・メチルトリメチコン・ジメチコン・ジエチルへキサン酸ネオペンチルグリコール・ＢＧ・硫酸Ｂａ・アスコルビルグルコシド・ＰＥＧ－９ポリジメチルシロキシエチルジメチコン・ペンチレングリコール・（アクリレーツ／ジメチコン）コポリマー・グリセリン・ＰＥＧ－４００・ポリメタクリル酸メチル・タルク・（ジメチコン／ビニルジメチコン）クロスポリマー・（ジメチコン／（ＰＥＧ－１０／１５））クロスポリマー・ジイソステアリン酸ポリグリセリル－２・ステアリン酸・塩化Ｎａ・クエン酸Ｎａ・アルミナ・水酸化Ｎａ・トコフェロール・グリシン・ハイドロゲンジメチコン・グリチルレチン酸ステアリル・水酸化Ａｌ・クエン酸・硫酸Ｍｇ・ジカプリン酸ＰＧ・ヒマワリ油粕・オオムギ種子エキス・キュウリ果実エキス・アロエベラ葉水・ＢＨＴ・チャ葉エキス・フェノキシエタノール　＋／－　酸化チタン・マイカ・酸化鉄<JILN9043>","iln_version_number":"JILN9043","inventory_status":"Active","is_active":true,"is_coming_soon":null,"is_default_sku":false,"is_discountable":true,"is_displayable":null,"is_engravable":null,"is_fragrance":null,"is_giftable":null,"is_giftwrap":false,"is_inactive":null,"is_multi_shaded":null,"is_out_of_stock":null,"is_preorder":false,"is_preorderable":null,"is_promotional":null,"is_replenishable":false,"is_search_suppressed":null,"is_searchable":true,"is_shaded":null,"is_sized":null,"is_sold_out":null,"is_under_weight_hazmat":false,"is_vto_enabled":null,"life_of_product":"Basic Reorder","material_code":"KFF9016000","media":{"large":[{"alt":"モイスチャー サージ ハイドレーティング クッション コンパクト 33 SPF33/PA+++ リフィル","height":1200,"position":0,"src":"/media/export/cms/products/1200x1500/cl_sku_KFF901_1200x1500_0.png","type":"image","width":1500}],"medium":[{"alt":"モイスチャー サージ ハイドレーティング クッション コンパクト 33 SPF33/PA+++ リフィル","height":600,"position":1,"src":"/media/export/cms/products/600x750/cl_sku_KFF901_600x750_0.png","type":"image","width":750}],"model":null,"poster":null,"small":[{"alt":"モイスチャー サージ ハイドレーティング クッション コンパクト 33 SPF33/PA+++ リフィル","height":1200,"position":2,"src":"/media/export/cms/products/1200x1500/cl_sku_KFF901_1200x1500_0.png","type":"image","width":1500}],"smoosh":null,"xl":null},"out_of_stock_threshold":null,"perlgem":{"SKU_BASE_ID":105810},"preorder_date":null,"prices":[{"currency":"JPY","exclude_tax":{"original_price":4300,"original_price_formatted":"¥4,300","price":4300,"price_formatted":"¥4,300","price_per_unit":null,"price_per_unit_formatted":""},"include_tax":{"original_price":4730,"original_price_formatted":"¥4,730","price":4730,"price_formatted":"¥4,730","price_per_unit":null,"price_per_unit_formatted":""},"is_discounted":false}],"purchase_limit":null,"replenishment":{"message":null},"reviews":{"average_rating":null,"number_of_questions":null,"number_of_reviews":null},"set_components":null,"shade_groups":null,"shades":[{"description":"","hex_val":"#FCE5E0","image":{"height":null,"src":"","width":null},"name":"01 ローズィー グロウ トーン アップ","smoosh_design":{"group_id":null,"name":""}}],"sizes":[{"key":1,"value":"12g"}],"skin":{"tone":null,"type":null,"type_description":null},"sku_badge":null,"sku_badge_image":null,"sku_display_order":0,"sku_id":"KFF901","sku_promo_messaging":null,"sku_type":"SE","sku_url":null,"tags":{"total":3,"items":[{"id":"25943","key":"foundation-fy20spring-set-refill","value":"foundation_fy20spring_set_refill"},{"id":"1599","key":"ファンデーション","value":"ファンデーション"},{"id":"1592","key":"メーク","value":"メーク"}]},"texture":null,"undertone":null,"unit_of_measure":null,"unit_size":null,"unit_size_formatted":null,"upc":"020714971816","vto":{"is_color_experience":null,"is_foundation_experience":null}},{"color_family":null,"coverage_options":null,"cross_sell":null,"display_status":7,"finish":null,"finish_options":null,"fragrances":[{"family":null,"key":null,"value":null}],"iln_listing":"水・メチルトリメチコン・ジメチコン・ジエチルへキサン酸ネオペンチルグリコール・ＢＧ・硫酸Ｂａ・アスコルビルグルコシド・ＰＥＧ－９ポリジメチルシロキシエチルジメチコン・ペンチレングリコール・（アクリレーツ／ジメチコン）コポリマー・グリセリン・ＰＥＧ－４００・ポリメタクリル酸メチル・タルク・（ジメチコン／ビニルジメチコン）クロスポリマー・（ジメチコン／（ＰＥＧ－１０／１５））クロスポリマー・ジイソステアリン酸ポリグリセリル－２・ステアリン酸・塩化Ｎａ・クエン酸Ｎａ・アルミナ・水酸化Ｎａ・トコフェロール・グリシン・ハイドロゲンジメチコン・グリチルレチン酸ステアリル・水酸化Ａｌ・クエン酸・硫酸Ｍｇ・ジカプリン酸ＰＧ・ヒマワリ油粕・オオムギ種子エキス・キュウリ果実エキス・アロエベラ葉水・ＢＨＴ・チャ葉エキス・フェノキシエタノール　＋／－　酸化チタン・マイカ・酸化鉄<JILN9043>","iln_version_number":"JILN9043","inventory_status":"Active","is_active":true,"is_coming_soon":null,"is_default_sku":false,"is_discountable":true,"is_displayable":null,"is_engravable":null,"is_fragrance":null,"is_giftable":null,"is_giftwrap":false,"is_inactive":null,"is_multi_shaded":null,"is_out_of_stock":null,"is_preorder":false,"is_preorderable":null,"is_promotional":null,"is_replenishable":false,"is_search_suppressed":null,"is_searchable":true,"is_shaded":null,"is_sized":null,"is_sold_out":null,"is_under_weight_hazmat":false,"is_vto_enabled":null,"life_of_product":"Basic Reorder","material_code":"KFF9666000","media":{"large":[{"alt":"モイスチャー サージ ハイドレーティング クッション コンパクト 33 SPF33/PA+++ リフィル","height":1200,"position":0,"src":"/media/export/cms/products/1200x1500/cl_sku_KFF966_1200x1500_0.png","type":"image","width":1500}],"medium":[{"alt":"モイスチャー サージ ハイドレーティング クッション コンパクト 33 SPF33/PA+++ リフィル","height":600,"position":1,"src":"/media/export/cms/products/600x750/cl_sku_KFF966_600x750_0.png","type":"image","width":750}],"model":null,"poster":null,"small":[{"alt":"モイスチャー サージ ハイドレーティング クッション コンパクト 33 SPF33/PA+++ リフィル","height":1200,"position":2,"src":"/media/export/cms/products/1200x1500/cl_sku_KFF966_1200x1500_0.png","type":"image","width":1500}],"smoosh":null,"xl":null},"out_of_stock_threshold":null,"perlgem":{"SKU_BASE_ID":105819},"preorder_date":null,"prices":[{"currency":"JPY","exclude_tax":{"original_price":4300,"original_price_formatted":"¥4,300","price":4300,"price_formatted":"¥4,300","price_per_unit":null,"price_per_unit_formatted":""},"include_tax":{"original_price":4730,"original_price_formatted":"¥4,730","price":4730,"price_formatted":"¥4,730","price_per_unit":null,"price_per_unit_formatted":""},"is_discounted":false}],"purchase_limit":null,"replenishment":{"message":null},"reviews":{"average_rating":null,"number_of_questions":null,"number_of_reviews":null},"set_components":null,"shade_groups":null,"shades":[{"description":"","hex_val":"#E6B092","image":{"height":null,"src":"","width":null},"name":"66 トゥルー ベージュ","smoosh_design":{"group_id":null,"name":""}}],"sizes":[{"key":1,"value":null}],"skin":{"tone":null,"type":null,"type_description":null},"sku_badge":null,"sku_badge_image":null,"sku_display_order":6,"sku_id":"KFF966","sku_promo_messaging":null,"sku_type":"SE","sku_url":null,"tags":{"total":3,"items":[{"id":"25943","key":"foundation-fy20spring-set-refill","value":"foundation_fy20spring_set_refill"},{"id":"1599","key":"ファンデーション","value":"ファンデーション"},{"id":"1592","key":"メーク","value":"メーク"}]},"texture":null,"undertone":null,"unit_of_measure":null,"unit_size":null,"unit_size_formatted":null,"upc":"020714974015","vto":{"is_color_experience":null,"is_foundation_experience":null}}]},"sub_display_name":"モイスチャー サージ ハイドレーティング クッション コンパクト 33 SPF33/PA+++ リフィル","sub_header":null,"tags":{"total":3,"items":[{"id":"25943","key":"foundation-fy20spring-set-refill","parent_tag_id":"1599","product_display_order":3,"value":"foundation_fy20spring_set_refill"},{"id":"1599","key":"ファンデーション","parent_tag_id":"1592","product_display_order":10,"value":"ファンデーション"},{"id":"1592","key":"メーク","parent_tag_id":null,"product_display_order":0,"value":"メーク"}]},"usage":[{"content":null,"label":"PRODUCT USAGE","type":"product_usage"},{"content":null,"label":"HOW DOES IT WORK","type":"how_does_it_work"},{"content":null,"label":"WHO IT IS FOR","type":"who_it_is_for"},{"content":null,"label":"GREAT TO KNOW","type":"great_to_know"},{"content":null,"label":"WHAT_IT_DOES","type":"what_it_does"},{"content":null,"label":"WHAT_IT_IS","type":"what_it_is"}],"objectID":"67722"},{"benefit":{"statement":null,"benefits":null},"brand":null,"collection":null,"coverage":null,"cross_sell":null,"default_category":{"id":"1599","key":"ファンデーション"},"description":"モイスチャー サージ ハイドレーティング クッション コンパクト用の専用スポンジ。","display_mode":null,"display_name":"モイスチャー サージ ハイドレーティング クッション コンパクト スポンジ","display_status":7,"finish":null,"form":null,"formula_type":null,"fragrance_family":null,"indexable_keywords":null,"is_hazmat":false,"is_product_coming_soon":null,"is_product_displayable":true,"is_product_searchable":true,"is_product_shoppable":true,"is_product_sold_out":null,"is_product_temporarily_out_of_stock":null,"is_search_suppressed":null,"key_ingredient":null,"media":{"large":null,"medium":null,"poster":null,"small":null,"videos":[{"position":null,"poster":{"height":null,"src":null,"width":null},"provider":null,"src":null},{"position":null,"poster":{"height":null,"src":null,"width":null},"provider":null,"src":null},{"position":null,"poster":{"height":null,"src":null,"width":null},"provider":null,"src":null}],"xl":null},"meta":{"description":null,"keywords":null},"parent_category":[{"id":"1599","value":"ファンデーション"},{"id":"1592","value":"メーク"}],"product_badge":null,"product_id":"67725","product_title_tag":null,"product_type":"Other","product_url":"/product/1599/67725/--/moisture-surge-hydrating-cusion-compact-sponge","reviews":{"average_rating":null,"number_of_questions":null,"number_of_reviews":null},"shade_groups":null,"short_description":"モイスチャー サージ ハイドレーティング クッション コンパクト用の専用スポンジ。","skin":null,"skin_goal":null,"skus":{"total":1,"items":[{"color_family":null,"coverage_options":null,"cross_sell":null,"display_status":7,"finish":null,"finish_options":null,"fragrances":[{"family":null,"key":null,"value":null}],"iln_listing":null,"iln_version_number":null,"inventory_status":"Active","is_active":true,"is_coming_soon":null,"is_default_sku":false,"is_discountable":true,"is_displayable":null,"is_engravable":null,"is_fragrance":null,"is_giftable":null,"is_giftwrap":false,"is_inactive":null,"is_multi_shaded":null,"is_out_of_stock":null,"is_preorder":false,"is_preorderable":null,"is_promotional":null,"is_replenishable":false,"is_search_suppressed":null,"is_searchable":true,"is_shaded":null,"is_sized":null,"is_sold_out":null,"is_under_weight_hazmat":false,"is_vto_enabled":null,"life_of_product":"Basic Reorder","material_code":"KG3E010000","media":{"large":[{"alt":"モイスチャー サージ ハイドレーティング クッション コンパクト スポンジ","height":1200,"position":0,"src":"/media/export/cms/products/1200x1500/cl_sku_KG3E01_1200x1500_0.png","type":"image","width":1500}],"medium":[{"alt":"モイスチャー サージ ハイドレーティング クッション コンパクト スポンジ","height":600,"position":1,"src":"/media/export/cms/products/600x750/cl_sku_KG3E01_600x750_0.png","type":"image","width":750}],"model":null,"poster":null,"small":[{"alt":"モイスチャー サージ ハイドレーティング クッション コンパクト スポンジ","height":1200,"position":2,"src":"/media/export/cms/products/1200x1500/cl_sku_KG3E01_1200x1500_0.png","type":"image","width":1500}],"smoosh":null,"xl":null},"out_of_stock_threshold":null,"perlgem":{"SKU_BASE_ID":105820},"preorder_date":null,"prices":[{"currency":"JPY","exclude_tax":{"original_price":500,"original_price_formatted":"¥500","price":500,"price_formatted":"¥500","price_per_unit":null,"price_per_unit_formatted":""},"include_tax":{"original_price":550,"original_price_formatted":"¥550","price":550,"price_formatted":"¥550","price_per_unit":null,"price_per_unit_formatted":""},"is_discounted":false}],"purchase_limit":null,"replenishment":{"message":null},"reviews":{"average_rating":null,"number_of_questions":null,"number_of_reviews":null},"set_components":null,"shade_groups":null,"shades":null,"sizes":[{"key":1,"value":null}],"skin":{"tone":null,"type":null,"type_description":null},"sku_badge":null,"sku_badge_image":null,"sku_display_order":0,"sku_id":"KG3E01","sku_promo_messaging":null,"sku_type":"SE","sku_url":null,"tags":{"total":2,"items":[{"id":"1599","key":"ファンデーション","value":"ファンデーション"},{"id":"1592","key":"メーク","value":"メーク"}]},"texture":null,"undertone":null,"unit_of_measure":null,"unit_size":null,"unit_size_formatted":null,"upc":"020714300067","vto":{"is_color_experience":null,"is_foundation_experience":null}}]},"sub_display_name":"モイスチャー サージ ハイドレーティング クッション コンパクト スポンジ","sub_header":null,"tags":{"total":2,"items":[{"id":"1599","key":"ファンデーション","parent_tag_id":"1592","product_display_order":11,"value":"ファンデーション"},{"id":"1592","key":"メーク","parent_tag_id":null,"product_display_order":0,"value":"メーク"}]},"usage":[{"content":null,"label":"PRODUCT USAGE","type":"product_usage"},{"content":null,"label":"HOW DOES IT WORK","type":"how_does_it_work"},{"content":null,"label":"WHO IT IS FOR","type":"who_it_is_for"},{"content":null,"label":"GREAT TO KNOW","type":"great_to_know"},{"content":null,"label":"WHAT_IT_DOES","type":"what_it_does"},{"content":null,"label":"WHAT_IT_IS","type":"what_it_is"}],"objectID":"67725"},{"benefit":{"statement":null,"benefits":[{"key":"oil-free-benefit","value":"oil_free_benefit"}]},"brand":null,"collection":null,"coverage":null,"cross_sell":null,"default_category":{"id":"1625","key":"スキンケア"},"description":"<div style=\"color: #f547b2\">Mini's製品(15mLサイズ)をご購入で次回ご利用可能な500円クーポン<sup>＊</sup>プレゼント！<br>さらにMini's2品以上のご購入で送料無料。</div><div style=\"margin-bottom: .5em;\">颯爽と、うるおう肌へと導く「MXシリーズ」から、<br>渇きやすい男の肌のために、<br>頼れるブルーの保湿ジェルクリームが誕生。</div><div style=\"margin-bottom: .5em;\">うるおいを肌に巡らせてキープする、オートリプレニッシング テクノロジー搭載。<br>瞬速、みずみずしく、まるで水分が自動的に湧き上がるように、爽快にうるおして、クールでスマートな肌印象へ。</div><div style=\"margin-bottom: .5em;\">オイルフリーで、ベタつかず、スーッと肌になじむ、軽いつけ心地。しっかり水分を閉じ込めるから、みずみずしい感触を与え続けます。より渇きを感じた時は、５分間マスクとしても使用可能。</div><div style=\"margin-bottom: .5em;\">渇いた肌では語れないから、いつでもたっぷり潤して、進化を遂げる男の肌へ。</div><div style=\"margin-bottom: .5em;\">9月20日(金)より全国発売</div><div style=\"margin-bottom: .5em;\"><small>＊ ご購入の製品と一緒にクーポンをお届けいたします。<br>＊ クーポンコードの使用期限はお届けから30日となります。<br>＊ おひとり様1回限りご利用が可能です。<br>＊ クーポンは公式オンラインショップのみでご使用いただけます。（百貨店店舗ではご利用いただけません）</small></div>","display_mode":null,"display_name":"MX ハイドレーター 72","display_status":7,"finish":null,"form":[{"key":"gel-form","value":"gel_form"}],"formula_type":null,"fragrance_family":null,"indexable_keywords":null,"is_hazmat":false,"is_product_coming_soon":null,"is_product_displayable":true,"is_product_searchable":true,"is_product_shoppable":true,"is_product_sold_out":null,"is_product_temporarily_out_of_stock":null,"is_search_suppressed":null,"key_ingredient":null,"media":{"large":[{"alt":"MX ハイドレーター 72","height":1200,"position":0,"src":"/media/export/cms/products/1200x1500/cl_prod_67951_1200x1500_0.png","type":"image","width":1500},{"alt":"MX ハイドレーター 72","height":1200,"position":1,"src":"/media/export/cms/products/1200x1500/cl_prod_67951_1200x1500_1.png","type":"image","width":1500}],"medium":null,"poster":null,"small":[{"alt":"MX ハイドレーター 72","height":1200,"position":2,"src":"/media/export/cms/products/1200x1500/cl_prod_67951_1200x1500_0.png","type":"image","width":1500},{"alt":"MX ハイドレーター 72","height":1200,"position":3,"src":"/media/export/cms/products/1200x1500/cl_prod_67951_1200x1500_1.png","type":"image","width":1500}],"videos":[{"position":null,"poster":{"height":null,"src":null,"width":null},"provider":"YouTube","src":null},{"position":null,"poster":{"height":null,"src":null,"width":null},"provider":"YouTube","src":null},{"position":null,"poster":{"height":null,"src":null,"width":null},"provider":"YouTube","src":null}],"xl":null},"meta":{"description":null,"keywords":null},"parent_category":[{"id":"1625","value":"スキンケア"},{"id":"1609","value":"メンズ"}],"product_badge":null,"product_id":"67951","product_title_tag":null,"product_type":"Sized","product_url":"/product/1625/67951/mx-72/mx-hydrator-72","reviews":{"average_rating":null,"number_of_questions":null,"number_of_reviews":null},"shade_groups":null,"short_description":"颯爽と、うるおう肌へと導く「MXシリーズ」から、渇きやすい男の肌のために、頼れるブルーの保湿ジェルクリームが誕生。","skin":{"concern":[{"key":"dry-concern","value":"dry_concern"}]},"skin_goal":null,"skus":{"total":2,"items":[{"color_family":null,"coverage_options":null,"cross_sell":null,"display_status":7,"finish":null,"finish_options":null,"fragrances":[{"family":null,"key":null,"value":null}],"iln_listing":"水・ジメチコン・ＢＧ・グリセリン・トリシロキサン・トレハロース・スクロース・（アクリロイルジメチルタウリンアンモニウム／ＶＰ）コポリマー・ヒドロキシエチルウレア・異性化糖・酢酸トコフェロール・ソルビトール・（アクリレーツ／アクリル酸アルキル（Ｃ１０－３０））クロスポリマー・オレス－１０・ポリアスパラギン酸Ｎａ・ＥＤＴＡ－２Ｎａ／銅・カフェイン・トロメタミン・水添レシチン・ヒアルロン酸Ｎａ・ＢＨＴ・カプリリルグリコール・ポリメタクリル酸グリセリル・ＥＤＴＡ－２Ｎａ・ＰＥＧ－８・ヘキシレングリコール・ヨーロッパシラカバ樹皮エキス・リン酸アスコルビルＭｇ・オオアザミ果実エキス・サーマスサーモフィルス培養物・チャエキス・緑２０１・サッカロミセス溶解質エキス・アロエベラ葉水・パルミトイルヘキサペプチド－１２・フェノキシエタノール<JILN9615>","iln_version_number":"JILN9615","inventory_status":"Active","is_active":true,"is_coming_soon":null,"is_default_sku":true,"is_discountable":true,"is_displayable":null,"is_engravable":null,"is_fragrance":null,"is_giftable":null,"is_giftwrap":false,"is_inactive":null,"is_multi_shaded":null,"is_out_of_stock":null,"is_preorder":false,"is_preorderable":null,"is_promotional":null,"is_replenishable":false,"is_search_suppressed":null,"is_searchable":true,"is_shaded":null,"is_sized":null,"is_sold_out":null,"is_under_weight_hazmat":false,"is_vto_enabled":null,"life_of_product":"Basic Reorder","material_code":"KJ8H010000","media":{"large":[{"alt":"MX ハイドレーター 72","height":1200,"position":0,"src":"/media/export/cms/products/1200x1500/cl_sku_KJ8H01_1200x1500_0.png","type":"image","width":1500}],"medium":[{"alt":"MX ハイドレーター 72","height":600,"position":1,"src":"/media/export/cms/products/600x750/cl_sku_KJ8H01_600x750_0.png","type":"image","width":750},{"alt":"MX ハイドレーター 72","height":600,"position":2,"src":"/media/export/cms/products/600x750/cl_sku_KJ8H01_600x750_1.png","type":"image","width":750}],"model":null,"poster":null,"small":[{"alt":"MX ハイドレーター 72","height":1200,"position":3,"src":"/media/export/cms/products/1200x1500/cl_sku_KJ8H01_1200x1500_0.png","type":"image","width":1500}],"smoosh":null,"xl":null},"out_of_stock_threshold":null,"perlgem":{"SKU_BASE_ID":106288},"preorder_date":null,"prices":[{"currency":"JPY","exclude_tax":{"original_price":6200,"original_price_formatted":"¥6,200","price":6200,"price_formatted":"¥6,200","price_per_unit":null,"price_per_unit_formatted":""},"include_tax":{"original_price":6820,"original_price_formatted":"¥6,820","price":6820,"price_formatted":"¥6,820","price_per_unit":null,"price_per_unit_formatted":""},"is_discounted":false}],"purchase_limit":null,"replenishment":{"message":null},"reviews":{"average_rating":null,"number_of_questions":null,"number_of_reviews":null},"set_components":null,"shade_groups":null,"shades":null,"sizes":[{"key":1,"value":"50ml"}],"skin":{"tone":null,"type":[{"key":"dry-skintype","value":"dry_skintype"},{"key":"combination-skintype","value":"combination_skintype"},{"key":"oily-skintype","value":"oily_skintype"},{"key":"normal-skintype","value":"normal_skintype"}],"type_description":null},"sku_badge":null,"sku_badge_image":null,"sku_display_order":0,"sku_id":"KJ8H01","sku_promo_messaging":null,"sku_type":"SE","sku_url":null,"tags":{"total":13,"items":[{"id":"27174","key":"day7flashsale","value":"Day7FlashSale"},{"id":"1609","key":"メンズ","value":"メンズ"},{"id":"1687","key":"乾燥","value":"乾燥"},{"id":"12950","key":"mens-bestsellers","value":"Men's Bestsellers"},{"id":"27172","key":"day5flashsale","value":"Day5FlashSale"},{"id":"27168","key":"day1flashsale","value":"Day1FlashSale"},{"id":"19570","key":"おすすめ製品","value":"おすすめ製品"},{"id":"1614","key":"moisturize","value":"Moisturize"},{"id":"1626","key":"moisturize-protect","value":"Moisturize & Protect"},{"id":"1625","key":"スキンケア","value":"スキンケア"},{"id":"1618","key":"メンズセットギフト","value":"メンズセット＆ギフト"},{"id":"13304","key":"スペシャルケア","value":"スペシャルケア"},{"id":"1619","key":"セットギフト","value":"セット＆ギフト"}]},"texture":null,"undertone":null,"unit_of_measure":null,"unit_size":null,"unit_size_formatted":null,"upc":"020714993085","vto":{"is_color_experience":null,"is_foundation_experience":null}},{"color_family":null,"coverage_options":null,"cross_sell":null,"display_status":7,"finish":null,"finish_options":null,"fragrances":[{"family":null,"key":null,"value":null}],"iln_listing":"水・ジメチコン・ＢＧ・グリセリン・トリシロキサン・トレハロース・スクロース・（アクリロイルジメチルタウリンアンモニウム／ＶＰ）コポリマー・ヒドロキシエチルウレア・異性化糖・酢酸トコフェロール・ソルビトール・（アクリレーツ／アクリル酸アルキル（Ｃ１０－３０））クロスポリマー・オレス－１０・ポリアスパラギン酸Ｎａ・ＥＤＴＡ－２Ｎａ／銅・カフェイン・トロメタミン・水添レシチン・ヒアルロン酸Ｎａ・ＢＨＴ・カプリリルグリコール・ポリメタクリル酸グリセリル・ＥＤＴＡ－２Ｎａ・ＰＥＧ－８・ヘキシレングリコール・ヨーロッパシラカバ樹皮エキス・リン酸アスコルビルＭｇ・オオアザミ果実エキス・サーマスサーモフィルス培養物・チャエキス・緑２０１・サッカロミセス溶解質エキス・アロエベラ葉水・パルミトイルヘキサペプチド－１２・フェノキシエタノール<JILN9615>","iln_version_number":"JILN9615","inventory_status":"Active","is_active":true,"is_coming_soon":null,"is_default_sku":false,"is_discountable":true,"is_displayable":null,"is_engravable":null,"is_fragrance":null,"is_giftable":null,"is_giftwrap":false,"is_inactive":null,"is_multi_shaded":null,"is_out_of_stock":null,"is_preorder":false,"is_preorderable":null,"is_promotional":null,"is_replenishable":false,"is_search_suppressed":null,"is_searchable":true,"is_shaded":null,"is_sized":null,"is_sold_out":null,"is_under_weight_hazmat":false,"is_vto_enabled":null,"life_of_product":"Basic Reorder","material_code":"KJ8J010000","media":{"large":[{"alt":"MX ハイドレーター 72","height":1200,"position":0,"src":"/media/export/cms/products/1200x1500/cl_sku_KJ8J01_1200x1500_0.png","type":"image","width":1500}],"medium":[{"alt":"MX ハイドレーター 72","height":600,"position":1,"src":"/media/export/cms/products/600x750/cl_sku_KJ8J01_600x750_0.png","type":"image","width":750}],"model":null,"poster":null,"small":[{"alt":"MX ハイドレーター 72","height":1200,"position":2,"src":"/media/export/cms/products/1200x1500/cl_sku_KJ8J01_1200x1500_0.png","type":"image","width":1500}],"smoosh":null,"xl":null},"out_of_stock_threshold":null,"perlgem":{"SKU_BASE_ID":108400},"preorder_date":null,"prices":[{"currency":"JPY","exclude_tax":{"original_price":2000,"original_price_formatted":"¥2,000","price":2000,"price_formatted":"¥2,000","price_per_unit":null,"price_per_unit_formatted":""},"include_tax":{"original_price":2200,"original_price_formatted":"¥2,200","price":2200,"price_formatted":"¥2,200","price_per_unit":null,"price_per_unit_formatted":""},"is_discounted":false}],"purchase_limit":null,"replenishment":{"message":null},"reviews":{"average_rating":null,"number_of_questions":null,"number_of_reviews":null},"set_components":null,"shade_groups":null,"shades":null,"sizes":[{"key":1,"value":"15ml"}],"skin":{"tone":null,"type":[{"key":"dry-skintype","value":"dry_skintype"},{"key":"combination-skintype","value":"combination_skintype"},{"key":"oily-skintype","value":"oily_skintype"},{"key":"normal-skintype","value":"normal_skintype"}],"type_description":null},"sku_badge":null,"sku_badge_image":null,"sku_display_order":0,"sku_id":"KJ8J01","sku_promo_messaging":null,"sku_type":"SE","sku_url":null,"tags":{"total":5,"items":[{"id":"1609","key":"メンズ","value":"メンズ"},{"id":"13659","key":"トライアルサイズ","value":"トライアルサイズ"},{"id":"1626","key":"moisturize-protect","value":"Moisturize & Protect"},{"id":"1625","key":"スキンケア","value":"スキンケア"},{"id":"13304","key":"スペシャルケア","value":"スペシャルケア"}]},"texture":null,"undertone":null,"unit_of_measure":null,"unit_size":null,"unit_size_formatted":null,"upc":"020714993122","vto":{"is_color_experience":null,"is_foundation_experience":null}}]},"sub_display_name":"MX ハイドレーター 72","sub_header":null,"tags":{"total":14,"items":[{"id":"27174","key":"day7flashsale","parent_tag_id":"1590","product_display_order":0,"value":"Day7FlashSale"},{"id":"1609","key":"メンズ","parent_tag_id":null,"product_display_order":36,"value":"メンズ"},{"id":"1687","key":"乾燥","parent_tag_id":"1667","product_display_order":94,"value":"乾燥"},{"id":"12950","key":"mens-bestsellers","parent_tag_id":"1609","product_display_order":0,"value":"Men's Bestsellers"},{"id":"27172","key":"day5flashsale","parent_tag_id":"1590","product_display_order":168,"value":"Day5FlashSale"},{"id":"27168","key":"day1flashsale","parent_tag_id":"1590","product_display_order":0,"value":"Day1FlashSale"},{"id":"19570","key":"おすすめ製品","parent_tag_id":"1000020","product_display_order":44,"value":"おすすめ製品"},{"id":"13659","key":"トライアルサイズ","parent_tag_id":"1667","product_display_order":4,"value":"トライアルサイズ"},{"id":"1614","key":"moisturize","parent_tag_id":"1610","product_display_order":0,"value":"Moisturize"},{"id":"1626","key":"moisturize-protect","parent_tag_id":"1625","product_display_order":0,"value":"Moisturize & Protect"},{"id":"1625","key":"スキンケア","parent_tag_id":"1609","product_display_order":2,"value":"スキンケア"},{"id":"1618","key":"メンズセットギフト","parent_tag_id":"1609","product_display_order":1,"value":"メンズセット＆ギフト"},{"id":"13304","key":"スペシャルケア","parent_tag_id":"1667","product_display_order":7,"value":"スペシャルケア"},{"id":"1619","key":"セットギフト","parent_tag_id":"1618","product_display_order":38,"value":"セット＆ギフト"}]},"usage":[{"content":"朝晩の洗顔後に適量を取り、顔と首に馴染ませる","label":"PRODUCT USAGE","type":"product_usage"},{"content":null,"label":"HOW DOES IT WORK","type":"how_does_it_work"},{"content":"すべてのスキンタイプ","label":"WHO IT IS FOR","type":"who_it_is_for"},{"content":null,"label":"GREAT TO KNOW","type":"great_to_know"},{"content":"オイルフリーで、ベタつかず、スーッと肌になじむ、軽いつけ心地。","label":"WHAT_IT_DOES","type":"what_it_does"},{"content":"頼れるブルーの保湿ジェルクリーム","label":"WHAT_IT_IS","type":"what_it_is"}],"objectID":"67951"},{"benefit":{"statement":null,"benefits":null},"brand":null,"collection":null,"coverage":null,"cross_sell":null,"default_category":{"id":"1625","key":"スキンケア"},"description":"颯爽と、うるおう肌へと導く「MXシリーズ」から、<br>クリニークの革新的<br><font size=\"1\">＊1</font>3つのテクノロジーを搭載した、<br>男のためのアイケア美容液が誕生。<br><br>新「リピッドスフィア テクノロジー」は、アロエバター<font size=\"1\">*2</font>などのスキンケア成分配合。<br>ビタミンE<font size=\"1\">*3</font>とC<font size=\"1\">*4</font>を包み込んだ粒状カプセルが次々と弾け、すばやく肌表面を膜で覆って守り、うるおいを与えていきます。<br>さらに「オアシス テクノロジー」と「モイスチャー ホールディングスーパー マトリックス テクノロジー」は、肌がみずから潤う力に着目。アロエベラ葉水<font size=\"1\">*5</font>がたっぷり潤して、水分を磁石のように引きつけ閉じ込めます。<br>ウォーター ジェル状の軽やかなテクスチャーが、即感、しっとりうるおして、みずみずしく。特に乾燥を感じる目もとには、たっぷりのせて「３分間マスク」としても使用可能。<br>疲れや年齢が出やすい目もとだからこそ、スペシャルケアを！<br><br>9月20日(金)より全国発売<br><br><font size=\"1\">＊1当社比＊2保湿成分：ヤシ油で抽出したアロエベラ葉エキス ＊3酢酸トコフェロール：製品の抗酸化剤 ＊4テトラヘキシルデカン酸アスコルビン：製品の抗酸化剤 ＊5保湿</font>","display_mode":null,"display_name":"MX アイ 96 コンセントレート","display_status":7,"finish":null,"form":null,"formula_type":null,"fragrance_family":null,"indexable_keywords":null,"is_hazmat":false,"is_product_coming_soon":null,"is_product_displayable":true,"is_product_searchable":true,"is_product_shoppable":true,"is_product_sold_out":null,"is_product_temporarily_out_of_stock":null,"is_search_suppressed":null,"key_ingredient":null,"media":{"large":[{"alt":"MX アイ 96 コンセントレート","height":1200,"position":0,"src":"/media/export/cms/products/1200x1500/cl_prod_67952_1200x1500_0.png","type":"image","width":1500}],"medium":null,"poster":null,"small":[{"alt":"MX アイ 96 コンセントレート","height":1200,"position":1,"src":"/media/export/cms/products/1200x1500/cl_prod_67952_1200x1500_0.png","type":"image","width":1500}],"videos":[{"position":null,"poster":{"height":null,"src":null,"width":null},"provider":"YouTube","src":null},{"position":null,"poster":{"height":null,"src":null,"width":null},"provider":"YouTube","src":null},{"position":null,"poster":{"height":null,"src":null,"width":null},"provider":"YouTube","src":null}],"xl":null},"meta":{"description":null,"keywords":null},"parent_category":[{"id":"1625","value":"スキンケア"},{"id":"1609","value":"メンズ"}],"product_badge":null,"product_id":"67952","product_title_tag":null,"product_type":"Other","product_url":"/product/1625/67952/mx-96/mx-eye-96-concentrate","reviews":{"average_rating":null,"number_of_questions":null,"number_of_reviews":null},"shade_groups":null,"short_description":"颯爽と、うるおう肌へと導く「MXシリーズ」から、クリニークの革新的<sup>＊1</sup>3つのテクノロジーを搭載した、男のためのアイケア美容液が誕生。<small>＊1当社比</small>","skin":null,"skin_goal":null,"skus":{"total":1,"items":[{"color_family":null,"coverage_options":null,"cross_sell":null,"display_status":7,"finish":null,"finish_options":null,"fragrances":[{"family":null,"key":null,"value":null}],"iln_listing":"水・グリセリン・ＢＧ・プロパンジオール・フェニルトリメチコン・ヒドロキシエチルウレア・スクロース・トレハロース・アルゲエキス・（アクリレーツ／アクリル酸アルキル（Ｃ１０－３０））クロスポリマー・ソルビトール・パルミチン酸デキストリン・ポリアスパラギン酸Ｎａ・テトラエチルヘキサン酸ペンタエリスリチル・カフェイン・キュウリ果実エキス・酢酸トコフェロール・ポリメタクリル酸グリセリル・ＰＥＧ－７Ｍ・水酸化Ｎａ・アセチルグルコサミン・カルボマー・ナイアシンアミド・ヒアルロン酸Ｎａ・デヒドロキサンタンガム・ＢＨＴ・ＥＤＴＡ－２Ｎａ・テトラヘキシルデカン酸アスコルビル・テトラ（ジ－ｔ－ブチルヒドロキシヒドロケイヒ酸）ペンタエリスリチル・コレステロール・クエン酸Ｎａ・ＰＥＧ－８・加水分解コメエキス・（アクリル酸グリセリル／アクリル酸）コポリマー・クエン酸・チャ葉エキス・クロレラエキス・青１・アルテロモナス発酵エキス・アセチルヘキサペプチド－８・カギイバラノリエキス・黄４・シマテングサエキス・アロエベラ葉水・ヤシ油・アロエベラ葉エキス・トリエトキシカプリリルシラン・パルミトイルヘキサペプチド－１２・フェノキシエタノール・クロルフェネシン・ソルビン酸Ｋ<JILN9628>","iln_version_number":"JILN9628","inventory_status":"Active","is_active":true,"is_coming_soon":null,"is_default_sku":true,"is_discountable":true,"is_displayable":null,"is_engravable":null,"is_fragrance":null,"is_giftable":null,"is_giftwrap":false,"is_inactive":null,"is_multi_shaded":null,"is_out_of_stock":null,"is_preorder":false,"is_preorderable":null,"is_promotional":null,"is_replenishable":false,"is_search_suppressed":null,"is_searchable":true,"is_shaded":null,"is_sized":null,"is_sold_out":null,"is_under_weight_hazmat":false,"is_vto_enabled":null,"life_of_product":"Basic Reorder","material_code":"KJFA010000","media":{"large":[{"alt":"MX アイ 96 コンセントレート","height":1200,"position":0,"src":"/media/export/cms/products/1200x1500/cl_sku_KJFA01_1200x1500_0.png","type":"image","width":1500}],"medium":[{"alt":"MX アイ 96 コンセントレート","height":600,"position":1,"src":"/media/export/cms/products/600x750/cl_sku_KJFA01_600x750_0.png","type":"image","width":750},{"alt":"MX アイ 96 コンセントレート","height":600,"position":2,"src":"/media/export/cms/products/600x750/cl_sku_KJFA01_600x750_1.png","type":"image","width":750}],"model":null,"poster":null,"small":[{"alt":"MX アイ 96 コンセントレート","height":1200,"position":3,"src":"/media/export/cms/products/1200x1500/cl_sku_KJFA01_1200x1500_0.png","type":"image","width":1500}],"smoosh":null,"xl":null},"out_of_stock_threshold":null,"perlgem":{"SKU_BASE_ID":106289},"preorder_date":null,"prices":[{"currency":"JPY","exclude_tax":{"original_price":4500,"original_price_formatted":"¥4,500","price":4500,"price_formatted":"¥4,500","price_per_unit":null,"price_per_unit_formatted":""},"include_tax":{"original_price":4950,"original_price_formatted":"¥4,950","price":4950,"price_formatted":"¥4,950","price_per_unit":null,"price_per_unit_formatted":""},"is_discounted":false}],"purchase_limit":null,"replenishment":{"message":null},"reviews":{"average_rating":null,"number_of_questions":null,"number_of_reviews":null},"set_components":null,"shade_groups":null,"shades":null,"sizes":[{"key":1,"value":"15ml"}],"skin":{"tone":null,"type":[{"key":"dry-skintype","value":"dry_skintype"},{"key":"combination-skintype","value":"combination_skintype"},{"key":"oily-skintype","value":"oily_skintype"},{"key":"normal-skintype","value":"normal_skintype"}],"type_description":null},"sku_badge":null,"sku_badge_image":null,"sku_display_order":0,"sku_id":"KJFA01","sku_promo_messaging":null,"sku_type":"SE","sku_url":null,"tags":{"total":17,"items":[{"id":"19570","key":"おすすめ製品","value":"おすすめ製品"},{"id":"1618","key":"メンズセットギフト","value":"メンズセット＆ギフト"},{"id":"1625","key":"スキンケア","value":"スキンケア"},{"id":"1626","key":"moisturize-protect","value":"Moisturize & Protect"},{"id":"1619","key":"セットギフト","value":"セット＆ギフト"},{"id":"27172","key":"day5flashsale","value":"Day5FlashSale"},{"id":"1609","key":"メンズ","value":"メンズ"},{"id":"27174","key":"day7flashsale","value":"Day7FlashSale"},{"id":"12943","key":"mens-de-aging","value":"Men's De-Aging"},{"id":"14706","key":"スペシャルケア","value":"スペシャルケア"},{"id":"1687","key":"乾燥","value":"乾燥"},{"id":"25565","key":"justarrivednew","value":"justarrivednew"},{"id":"12950","key":"mens-bestsellers","value":"Men's Bestsellers"},{"id":"12824","key":"grooming","value":"Grooming"},{"id":"27168","key":"day1flashsale","value":"Day1FlashSale"},{"id":"13304","key":"スペシャルケア","value":"スペシャルケア"},{"id":"19288","key":"スペシャルセール","value":"スペシャルセール"}]},"texture":null,"undertone":null,"unit_of_measure":null,"unit_size":null,"unit_size_formatted":null,"upc":"020714994778","vto":{"is_color_experience":null,"is_foundation_experience":null}}]},"sub_display_name":"MX アイ 96 コンセントレート","sub_header":null,"tags":{"total":17,"items":[{"id":"19570","key":"おすすめ製品","parent_tag_id":"1000020","product_display_order":43,"value":"おすすめ製品"},{"id":"1618","key":"メンズセットギフト","parent_tag_id":"1609","product_display_order":3,"value":"メンズセット＆ギフト"},{"id":"1625","key":"スキンケア","parent_tag_id":"1609","product_display_order":1,"value":"スキンケア"},{"id":"1626","key":"moisturize-protect","parent_tag_id":"1625","product_display_order":0,"value":"Moisturize & Protect"},{"id":"1619","key":"セットギフト","parent_tag_id":"1618","product_display_order":39,"value":"セット＆ギフト"},{"id":"27172","key":"day5flashsale","parent_tag_id":"1590","product_display_order":171,"value":"Day5FlashSale"},{"id":"1609","key":"メンズ","parent_tag_id":null,"product_display_order":12,"value":"メンズ"},{"id":"27174","key":"day7flashsale","parent_tag_id":"1590","product_display_order":0,"value":"Day7FlashSale"},{"id":"12943","key":"mens-de-aging","parent_tag_id":"1625","product_display_order":0,"value":"Men's De-Aging"},{"id":"14706","key":"スペシャルケア","parent_tag_id":"1667","product_display_order":17,"value":"スペシャルケア"},{"id":"1687","key":"乾燥","parent_tag_id":"1667","product_display_order":101,"value":"乾燥"},{"id":"25565","key":"justarrivednew","parent_tag_id":null,"product_display_order":15,"value":"justarrivednew"},{"id":"12950","key":"mens-bestsellers","parent_tag_id":"1609","product_display_order":0,"value":"Men's Bestsellers"},{"id":"12824","key":"grooming","parent_tag_id":"1625","product_display_order":0,"value":"Grooming"},{"id":"27168","key":"day1flashsale","parent_tag_id":"1590","product_display_order":0,"value":"Day1FlashSale"},{"id":"13304","key":"スペシャルケア","parent_tag_id":"1667","product_display_order":9,"value":"スペシャルケア"},{"id":"19288","key":"スペシャルセール","parent_tag_id":"1590","product_display_order":0,"value":"スペシャルセール"}]},"usage":[{"content":null,"label":"PRODUCT USAGE","type":"product_usage"},{"content":null,"label":"HOW DOES IT WORK","type":"how_does_it_work"},{"content":"すべてのスキンタイプ","label":"WHO IT IS FOR","type":"who_it_is_for"},{"content":null,"label":"GREAT TO KNOW","type":"great_to_know"},{"content":"新「リピッドスフィア テクノロジー」は、アロエバター<sup>＊2</sup>などのスキンケア成分配合。ビタミンE<sup>＊3</sup>とC<sup>＊4</sup>を包み込んだ粒状カプセルが次々と弾け、すばやく肌表面を膜で覆って守り、うるおいを与えていきます。さらに「オアシス テクノロジー」と「モイスチャー ホールディングスーパー マトリックス テクノロジー」は、肌がみずから潤う力に着目。アロエベラ葉水<sup>＊5</sup>がたっぷり潤して、水分を磁石のように引きつけ閉じ込めます。ウォーター ジェル状の軽やかなテクスチャーが、即感、しっとりうるおして、みずみずしく。特に乾燥を感じる目もとには、たっぷりのせて「３分間マスク」としても使用可能。疲れや年齢が出やすい目もとだからこそ、スペシャルケアを！<br><small>＊2保湿成分：ヤシ油で抽出したアロエベラ葉エキス　＊3酢酸トコフェロール：製品の抗酸化剤　＊4テトラヘキシルデカン酸アスコルビン：製品の抗酸化剤 ＊5保湿</small>","label":"WHAT_IT_DOES","type":"what_it_does"},{"content":"アイケア美容液","label":"WHAT_IT_IS","type":"what_it_is"}],"objectID":"67952"},{"benefit":{"statement":null,"benefits":[{"key":"brightening-benefit","value":"brightening_benefit"}]},"brand":null,"collection":[{"key":"even-better-collection","value":"even_better_collection"}],"coverage":null,"cross_sell":[{"sku_id":"K39901","sort_key":1},{"sku_id":"6KKA01","sort_key":2},{"sku_id":"KLR701","sort_key":3}],"default_category":{"id":"13303","key":"美容液"},"description":"<P>皮膚科学から生まれた「クリニーク」のブライトニング美容液。<br>揺るぎない明るさと透明感<sup>＊1</sup>溢れる“均一美肌”<sup>＊2</sup>へ。</P><P>均一に美しく輝く肌のために。<br>先進のテクノロジーを搭載した、ブライトニング 成分「UP302<sup>＊3</sup>」を配合。<br>集中的に潤いで満たして、乾燥によるくすみなどの肌の濁りの元に「攻め」のアプローチ。</P><P>玉露エキスなど植物成分を含む「インタラプター複合体<sup>＊4</sup>」が、<br>モイスチャーバリアをサポートし、健やかに整え、未来の肌に「守り」のアプローチ。</P><P>さあ、透明感のその先へ。“均一美肌”ケアで自信の素肌を。</P><P><small>＊1 潤いによる明るさと透明感　＊2 キメの整った美しい肌　＊3 ジメトキシトリルプロピルレゾルシノール：整肌成分　＊4 チャ葉エキス（玉露エキス）、ヤマグワ根皮エキス等：整肌成分</small></P>","display_mode":null,"display_name":"イーブン ベター ラディカル ブライト セラム","display_status":7,"finish":null,"form":[{"key":"serum-form","value":"serum_form"}],"formula_type":null,"fragrance_family":null,"indexable_keywords":[{"value":"イーブン ベター"},{"value":"乳液"},{"value":"セラム"},{"value":"ラディカル ブライト"}],"is_hazmat":false,"is_product_coming_soon":null,"is_product_displayable":true,"is_product_searchable":true,"is_product_shoppable":true,"is_product_sold_out":null,"is_product_temporarily_out_of_stock":null,"is_search_suppressed":null,"key_ingredient":null,"media":{"large":[{"alt":"イーブン ベター ラディカル ブライト セラム","height":1200,"position":0,"src":"/media/export/cms/products/1200x1500/cl_prod_68008_1200x1500_0.png","type":"image","width":1500},{"alt":"イーブン ベター ラディカル ブライト セラム","height":1200,"position":1,"src":"/media/export/cms/products/1200x1500/cl_prod_68008_1200x1500_1.png","type":"image","width":1500},{"alt":"イーブン ベター ラディカル ブライト セラム","height":1200,"position":2,"src":"/media/export/cms/products/1200x1500/cl_prod_68008_1200x1500_2.png","type":"image","width":1500}],"medium":null,"poster":null,"small":[{"alt":"イーブン ベター ラディカル ブライト セラム","height":1200,"position":3,"src":"/media/export/cms/products/1200x1500/cl_prod_68008_1200x1500_0.png","type":"image","width":1500},{"alt":"イーブン ベター ラディカル ブライト セラム","height":1200,"position":4,"src":"/media/export/cms/products/1200x1500/cl_prod_68008_1200x1500_1.png","type":"image","width":1500},{"alt":"イーブン ベター ラディカル ブライト セラム","height":1200,"position":5,"src":"/media/export/cms/products/1200x1500/cl_prod_68008_1200x1500_2.png","type":"image","width":1500}],"videos":[{"position":null,"poster":{"height":null,"src":null,"width":null},"provider":"YouTube","src":null},{"position":null,"poster":{"height":null,"src":null,"width":null},"provider":"YouTube","src":null},{"position":null,"poster":{"height":null,"src":null,"width":null},"provider":"YouTube","src":null}],"xl":null},"meta":{"description":null,"keywords":null},"parent_category":[{"id":"13303","value":"美容液"},{"id":"1667","value":"スキンケア"}],"product_badge":null,"product_id":"68008","product_title_tag":null,"product_type":"Sized","product_url":"/product/13303/68008/-/even-better-clinicaltm-radical-dark-spot-corrector-interrupter","reviews":{"average_rating":null,"number_of_questions":null,"number_of_reviews":null},"shade_groups":null,"short_description":"皮膚科学から生まれた「クリニーク」のブライトニング美容液。","skin":{"concern":[{"key":"acne-concern","value":"acne_concern"},{"key":"dark-spots-concern","value":"dark_spots_concern"},{"key":"dullness-concern","value":"dullness_concern"},{"key":"unevenskintone-concern","value":"unevenskintone_concern"}]},"skin_goal":null,"skus":{"total":2,"items":[{"color_family":null,"coverage_options":null,"cross_sell":null,"display_status":7,"finish":null,"finish_options":null,"fragrances":[{"family":null,"key":null,"value":null}],"iln_listing":"水・ジメチコン・イソドデカン・シクロペンタシロキサン・ポリシリコーン－１１・ＢＧ・酵母エキス・アスコルビルグルコシド・ＰＥＧ－１０ジメチコン・ＰＥＧ－６・トロメタミン・（アクリロイルジメチルタウリンアンモニウム／ＶＰ）コポリマー・（アクリルアミド／アクリロイルジメチルタウリンＮａ）コポリマー・ポリソルベート２０・イソヘキサデカン・ジカプリン酸ＰＧ・ヒマワリ油粕・酢酸トコフェロール・カフェイン・アセチルグルコサミン・ジメトキシトリルプロピルレゾルシノール・カプリリルグリコール・グリチルレチン酸・ポリソルベート８０・ヒアルロン酸Ｎａ・ＲＮＡ－Ｎａ・コレステロール・スクワラン・水酸化Ｎａ・ＥＤＴＡ－２Ｎａ・コメヌカエキス・ヘキシレングリコール・バクガ液汁・カワラタケエキス・オオムギ種子エキス・コムギ胚芽エキス・ジアルキル（Ｃ１２－１８）ジモニウムクロリド・オオムギエキス・ヨーロッパシラカバ樹皮エキス・キュウリ果実エキス・サッカロミセス溶解質エキス・黄４・チャ葉エキス・オウゴン根エキス・ヤマグワ根皮エキス・黄５・シメチコン・フェノキシエタノール・サリチル酸<JILN009875>","iln_version_number":"JILN009875","inventory_status":"Active","is_active":true,"is_coming_soon":null,"is_default_sku":false,"is_discountable":true,"is_displayable":null,"is_engravable":null,"is_fragrance":null,"is_giftable":null,"is_giftwrap":false,"is_inactive":null,"is_multi_shaded":null,"is_out_of_stock":null,"is_preorder":false,"is_preorderable":null,"is_promotional":null,"is_replenishable":false,"is_search_suppressed":null,"is_searchable":true,"is_shaded":null,"is_sized":null,"is_sold_out":null,"is_under_weight_hazmat":false,"is_vto_enabled":null,"life_of_product":"Basic Reorder","material_code":"KN0X010000","media":{"large":[{"alt":"イーブン ベター ラディカル ブライト セラム","height":1200,"position":0,"src":"/media/export/cms/products/1200x1500/cl_sku_KN0X01_1200x1500_0.png","type":"image","width":1500}],"medium":[{"alt":"イーブン ベター ラディカル ブライト セラム","height":600,"position":1,"src":"/media/export/cms/products/600x750/cl_sku_KN0X01_600x750_0.png","type":"image","width":750}],"model":null,"poster":null,"small":[{"alt":"イーブン ベター ラディカル ブライト セラム","height":1200,"position":2,"src":"/media/export/cms/products/1200x1500/cl_sku_KN0X01_1200x1500_0.png","type":"image","width":1500}],"smoosh":null,"xl":null},"out_of_stock_threshold":null,"perlgem":{"SKU_BASE_ID":111541},"preorder_date":null,"prices":[{"currency":"JPY","exclude_tax":{"original_price":9000,"original_price_formatted":"¥9,000","price":9000,"price_formatted":"¥9,000","price_per_unit":null,"price_per_unit_formatted":""},"include_tax":{"original_price":9900,"original_price_formatted":"¥9,900","price":9900,"price_formatted":"¥9,900","price_per_unit":null,"price_per_unit_formatted":""},"is_discounted":false}],"purchase_limit":null,"replenishment":{"message":null},"reviews":{"average_rating":null,"number_of_questions":null,"number_of_reviews":null},"set_components":null,"shade_groups":null,"shades":null,"sizes":[{"key":1,"value":"30mL"}],"skin":{"tone":null,"type":null,"type_description":null},"sku_badge":null,"sku_badge_image":null,"sku_display_order":0,"sku_id":"KN0X01","sku_promo_messaging":null,"sku_type":"SE","sku_url":null,"tags":{"total":11,"items":[{"id":"4323","key":"just-arrived","value":"Just Arrived"},{"id":"1693","key":"シミソバカス","value":"シミ・ソバカス"},{"id":"1667","key":"スキンケア","value":"スキンケア"},{"id":"4034","key":"serums","value":"Serums"},{"id":"14706","key":"スペシャルケア","value":"スペシャルケア"},{"id":"25565","key":"justarrivednew","value":"justarrivednew"},{"id":"13051","key":"スキンケア-ベストセラー","value":"スキンケア ベストセラー"},{"id":"1575","key":"ベストセラー","value":"ベストセラー"},{"id":"1685","key":"セットギフト","value":"セット＆ギフト"},{"id":"13303","key":"美容液","value":"美容液"},{"id":"13304","key":"スペシャルケア","value":"スペシャルケア"}]},"texture":null,"undertone":null,"unit_of_measure":null,"unit_size":null,"unit_size_formatted":null,"upc":"192333027219","vto":{"is_color_experience":null,"is_foundation_experience":null}},{"color_family":null,"coverage_options":null,"cross_sell":null,"display_status":7,"finish":null,"finish_options":null,"fragrances":[{"family":null,"key":null,"value":null}],"iln_listing":"水・ジメチコン・イソドデカン・シクロペンタシロキサン・ポリシリコーン－１１・ＢＧ・酵母エキス・アスコルビルグルコシド・ＰＥＧ－１０ジメチコン・ＰＥＧ－６・トロメタミン・（アクリロイルジメチルタウリンアンモニウム／ＶＰ）コポリマー・（アクリルアミド／アクリロイルジメチルタウリンＮａ）コポリマー・ポリソルベート２０・イソヘキサデカン・ジカプリン酸ＰＧ・ヒマワリ油粕・酢酸トコフェロール・カフェイン・アセチルグルコサミン・ジメトキシトリルプロピルレゾルシノール・カプリリルグリコール・グリチルレチン酸・ポリソルベート８０・ヒアルロン酸Ｎａ・ＲＮＡ－Ｎａ・コレステロール・スクワラン・水酸化Ｎａ・ＥＤＴＡ－２Ｎａ・コメヌカエキス・ヘキシレングリコール・バクガ液汁・カワラタケエキス・オオムギ種子エキス・コムギ胚芽エキス・ジアルキル（Ｃ１２－１８）ジモニウムクロリド・オオムギエキス・ヨーロッパシラカバ樹皮エキス・キュウリ果実エキス・サッカロミセス溶解質エキス・黄４・チャ葉エキス・オウゴン根エキス・ヤマグワ根皮エキス・黄５・シメチコン・フェノキシエタノール・サリチル酸<JILN009875>","iln_version_number":"JILN009875","inventory_status":"Active","is_active":true,"is_coming_soon":null,"is_default_sku":false,"is_discountable":true,"is_displayable":null,"is_engravable":null,"is_fragrance":null,"is_giftable":null,"is_giftwrap":false,"is_inactive":null,"is_multi_shaded":null,"is_out_of_stock":null,"is_preorder":false,"is_preorderable":null,"is_promotional":null,"is_replenishable":false,"is_search_suppressed":null,"is_searchable":true,"is_shaded":null,"is_sized":null,"is_sold_out":null,"is_under_weight_hazmat":false,"is_vto_enabled":null,"life_of_product":"Basic Reorder","material_code":"KN0Y010000","media":{"large":[{"alt":"イーブン ベター ラディカル ブライト セラム","height":1200,"position":0,"src":"/media/export/cms/products/1200x1500/cl_sku_KN0Y01_1200x1500_0.png","type":"image","width":1500}],"medium":[{"alt":"イーブン ベター ラディカル ブライト セラム","height":600,"position":1,"src":"/media/export/cms/products/600x750/cl_sku_KN0Y01_600x750_0.png","type":"image","width":750}],"model":null,"poster":null,"small":[{"alt":"イーブン ベター ラディカル ブライト セラム","height":1200,"position":2,"src":"/media/export/cms/products/1200x1500/cl_sku_KN0Y01_1200x1500_0.png","type":"image","width":1500}],"smoosh":null,"xl":null},"out_of_stock_threshold":null,"perlgem":{"SKU_BASE_ID":111540},"preorder_date":null,"prices":[{"currency":"JPY","exclude_tax":{"original_price":14000,"original_price_formatted":"¥14,000","price":14000,"price_formatted":"¥14,000","price_per_unit":null,"price_per_unit_formatted":""},"include_tax":{"original_price":15400,"original_price_formatted":"¥15,400","price":15400,"price_formatted":"¥15,400","price_per_unit":null,"price_per_unit_formatted":""},"is_discounted":false}],"purchase_limit":null,"replenishment":{"message":null},"reviews":{"average_rating":null,"number_of_questions":null,"number_of_reviews":null},"set_components":null,"shade_groups":null,"shades":null,"sizes":[{"key":1,"value":"50mL"}],"skin":{"tone":null,"type":null,"type_description":null},"sku_badge":null,"sku_badge_image":null,"sku_display_order":0,"sku_id":"KN0Y01","sku_promo_messaging":null,"sku_type":"SE","sku_url":null,"tags":{"total":10,"items":[{"id":"4323","key":"just-arrived","value":"Just Arrived"},{"id":"1693","key":"シミソバカス","value":"シミ・ソバカス"},{"id":"1667","key":"スキンケア","value":"スキンケア"},{"id":"4034","key":"serums","value":"Serums"},{"id":"14706","key":"スペシャルケア","value":"スペシャルケア"},{"id":"13051","key":"スキンケア-ベストセラー","value":"スキンケア ベストセラー"},{"id":"1575","key":"ベストセラー","value":"ベストセラー"},{"id":"1685","key":"セットギフト","value":"セット＆ギフト"},{"id":"13303","key":"美容液","value":"美容液"},{"id":"13304","key":"スペシャルケア","value":"スペシャルケア"}]},"texture":null,"undertone":null,"unit_of_measure":null,"unit_size":null,"unit_size_formatted":null,"upc":"192333027226","vto":{"is_color_experience":null,"is_foundation_experience":null}}]},"sub_display_name":"イーブン ベター ラディカル ブライト セラム","sub_header":null,"tags":{"total":11,"items":[{"id":"4323","key":"just-arrived","parent_tag_id":null,"product_display_order":0,"value":"Just Arrived"},{"id":"1693","key":"シミソバカス","parent_tag_id":"1667","product_display_order":0,"value":"シミ・ソバカス"},{"id":"1667","key":"スキンケア","parent_tag_id":null,"product_display_order":0,"value":"スキンケア"},{"id":"4034","key":"serums","parent_tag_id":"1667","product_display_order":0,"value":"Serums"},{"id":"14706","key":"スペシャルケア","parent_tag_id":"1667","product_display_order":0,"value":"スペシャルケア"},{"id":"25565","key":"justarrivednew","parent_tag_id":null,"product_display_order":0,"value":"justarrivednew"},{"id":"13051","key":"スキンケア-ベストセラー","parent_tag_id":"1667","product_display_order":4,"value":"スキンケア ベストセラー"},{"id":"1575","key":"ベストセラー","parent_tag_id":null,"product_display_order":4,"value":"ベストセラー"},{"id":"1685","key":"セットギフト","parent_tag_id":"1684","product_display_order":77,"value":"セット＆ギフト"},{"id":"13303","key":"美容液","parent_tag_id":"1667","product_display_order":0,"value":"美容液"},{"id":"13304","key":"スペシャルケア","parent_tag_id":"1667","product_display_order":0,"value":"スペシャルケア"}]},"usage":[{"content":null,"label":"PRODUCT USAGE","type":"product_usage"},{"content":null,"label":"HOW DOES IT WORK","type":"how_does_it_work"},{"content":null,"label":"WHO IT IS FOR","type":"who_it_is_for"},{"content":null,"label":"GREAT TO KNOW","type":"great_to_know"},{"content":null,"label":"WHAT_IT_DOES","type":"what_it_does"},{"content":null,"label":"WHAT_IT_IS","type":"what_it_is"}],"objectID":"68008"},{"benefit":{"statement":null,"benefits":null},"brand":null,"collection":null,"coverage":null,"cross_sell":[{"sku_id":"KHAT61","sort_key":1},{"sku_id":"ZPY101","sort_key":2},{"sku_id":"KN0X01","sort_key":3}],"default_category":{"id":"13305","key":"メーク下地uvケア"},"description":"<P>環境ストレスにさらされた素肌を守る、ピンクのジェルUVベース。<br>透明感<sup>＊1</sup>のある”均一美肌”<sup>＊2</sup>へ。</P><P>SPF45/PA+++の優れた紫外線カット力で、日焼けによるシミ・ソバカスを防ぎ、<br>大気汚染、花粉、ブルーライトや赤外線などにさらされた素肌を守る、日焼け止め兼メーク下地。</P><P>ムラサキシキブ果実エキスなどの保湿成分配合の、みずみずしいピンクのジェルタイプ。<br>肌に透明感と潤いを与えながら、メークのりと持ちを良くします。</P><P><small>＊1 メークアップ効果による ＊2 キメの整った美しい肌</small></P>","display_mode":null,"display_name":"イーブン ベター シティブロック アクア ジェル 45","display_status":7,"finish":null,"form":null,"formula_type":null,"fragrance_family":null,"indexable_keywords":null,"is_hazmat":false,"is_product_coming_soon":null,"is_product_displayable":true,"is_product_searchable":true,"is_product_shoppable":true,"is_product_sold_out":null,"is_product_temporarily_out_of_stock":null,"is_search_suppressed":null,"key_ingredient":null,"media":{"large":null,"medium":null,"poster":null,"small":null,"videos":[{"position":null,"poster":{"height":null,"src":null,"width":null},"provider":"YouTube","src":null},{"position":null,"poster":{"height":null,"src":null,"width":null},"provider":"YouTube","src":null},{"position":null,"poster":{"height":null,"src":null,"width":null},"provider":"YouTube","src":null}],"xl":null},"meta":{"description":null,"keywords":null},"parent_category":[{"id":"13305","value":"メーク下地・UVケア"},{"id":"1667","value":"スキンケア"}],"product_badge":null,"product_id":"68776","product_title_tag":null,"product_type":"Other","product_url":"/product/13305/68776/uv/--45/even-better-city-block-brightening-aqua-gel-45-30ml","reviews":{"average_rating":null,"number_of_questions":null,"number_of_reviews":null},"shade_groups":null,"short_description":"環境ストレスにさらされた素肌を守る、ピンクのジェルUVベース。","skin":null,"skin_goal":null,"skus":{"total":1,"items":[{"color_family":null,"coverage_options":null,"cross_sell":null,"display_status":7,"finish":null,"finish_options":null,"fragrances":[{"family":null,"key":null,"value":null}],"iln_listing":"水・メトキシケイヒ酸エチルヘキシル・変性アルコール・ホモサレート・サリチル酸エチルヘキシル・ｔ－ブチルメトキシジベンゾイルメタン・ビスエチルヘキシルオキシフェノールメトキシフェニルトリアジン・ＢＧ・ジメチコン・ポリメチルシルセスキオキサン・パルミチン酸デキストリン・スクロース・ステアリン酸グリセリル・酢酸トコフェロール・（アクリロイルジメチルタウリンアンモニウム／ＶＰ）コポリマー・アクリレーツコポリマー・トリ（カプリル酸／カプリン酸）グリセリル・カプリリルグリコール・カフェイン・テトライソステアリン酸ソルベス－３０・（アクリレーツ／アクリル酸アルキル（Ｃ１０－３０））クロスポリマー・ＤＰＧ・カルボマー・ＢＨＴ・デヒドロキサンタンガム・ラミナリアオクロロイカエキス・ＥＤＴＡ－２Ｎａ・アルカリゲネス産生多糖体・セスキイソステアリン酸ソルビタン・ヘキシレングリコール・ヒアルロン酸Ｎａ・（アクリレーツ／メタクリル酸ベヘネスー２５）コポリマー・水酸化Ｎａ・ＰＰＧ－８セテス－２０・黄４・赤５０４・トウミツエキス・ムラサキシキブ果実エキス・チャ葉エキス・フェノキシエタノール・ソルビン酸Ｋ<JILN009880>","iln_version_number":"JILN009880","inventory_status":"Active","is_active":true,"is_coming_soon":null,"is_default_sku":false,"is_discountable":true,"is_displayable":null,"is_engravable":null,"is_fragrance":null,"is_giftable":null,"is_giftwrap":false,"is_inactive":null,"is_multi_shaded":null,"is_out_of_stock":null,"is_preorder":false,"is_preorderable":null,"is_promotional":null,"is_replenishable":false,"is_search_suppressed":null,"is_searchable":true,"is_shaded":null,"is_sized":null,"is_sold_out":null,"is_under_weight_hazmat":false,"is_vto_enabled":null,"life_of_product":"Basic Reorder","material_code":"KLR7016000","media":{"large":[{"alt":"イーブン ベター シティブロック アクア ジェル 45","height":1200,"position":0,"src":"/media/export/cms/products/1200x1500/cl_sku_KLR701_1200x1500_0.png","type":"image","width":1500}],"medium":[{"alt":"イーブン ベター シティブロック アクア ジェル 45","height":600,"position":1,"src":"/media/export/cms/products/600x750/cl_sku_KLR701_600x750_0.png","type":"image","width":750}],"model":null,"poster":null,"small":[{"alt":"イーブン ベター シティブロック アクア ジェル 45","height":1200,"position":2,"src":"/media/export/cms/products/1200x1500/cl_sku_KLR701_1200x1500_0.png","type":"image","width":1500}],"smoosh":null,"xl":null},"out_of_stock_threshold":null,"perlgem":{"SKU_BASE_ID":107347},"preorder_date":null,"prices":[{"currency":"JPY","exclude_tax":{"original_price":5500,"original_price_formatted":"¥5,500","price":5500,"price_formatted":"¥5,500","price_per_unit":null,"price_per_unit_formatted":""},"include_tax":{"original_price":6050,"original_price_formatted":"¥6,050","price":6050,"price_formatted":"¥6,050","price_per_unit":null,"price_per_unit_formatted":""},"is_discounted":false}],"purchase_limit":null,"replenishment":{"message":null},"reviews":{"average_rating":null,"number_of_questions":null,"number_of_reviews":null},"set_components":null,"shade_groups":null,"shades":null,"sizes":[{"key":1,"value":"30mL"}],"skin":{"tone":null,"type":null,"type_description":null},"sku_badge":null,"sku_badge_image":null,"sku_display_order":0,"sku_id":"KLR701","sku_promo_messaging":null,"sku_type":"SE","sku_url":null,"tags":{"total":5,"items":[{"id":"1667","key":"スキンケア","value":"スキンケア"},{"id":"12537","key":"メークアップ-ベストセラー","value":"メークアップ ベストセラー"},{"id":"1575","key":"ベストセラー","value":"ベストセラー"},{"id":"11265","key":"メーク下地uvベース","value":"メーク下地・UVベース"},{"id":"13305","key":"メーク下地uvケア","value":"メーク下地・UVケア"}]},"texture":null,"undertone":null,"unit_of_measure":null,"unit_size":null,"unit_size_formatted":null,"upc":"192333017579","vto":{"is_color_experience":null,"is_foundation_experience":null}}]},"sub_display_name":"イーブン ベター シティブロック アクア ジェル 45","sub_header":null,"tags":{"total":5,"items":[{"id":"1667","key":"スキンケア","parent_tag_id":null,"product_display_order":0,"value":"スキンケア"},{"id":"12537","key":"メークアップ-ベストセラー","parent_tag_id":"1592","product_display_order":1,"value":"メークアップ ベストセラー"},{"id":"1575","key":"ベストセラー","parent_tag_id":null,"product_display_order":5,"value":"ベストセラー"},{"id":"11265","key":"メーク下地uvベース","parent_tag_id":"1592","product_display_order":1,"value":"メーク下地・UVベース"},{"id":"13305","key":"メーク下地uvケア","parent_tag_id":"1667","product_display_order":0,"value":"メーク下地・UVケア"}]},"usage":[{"content":null,"label":"PRODUCT USAGE","type":"product_usage"},{"content":null,"label":"HOW DOES IT WORK","type":"how_does_it_work"},{"content":null,"label":"WHO IT IS FOR","type":"who_it_is_for"},{"content":null,"label":"GREAT TO KNOW","type":"great_to_know"},{"content":null,"label":"WHAT_IT_DOES","type":"what_it_does"},{"content":null,"label":"WHAT_IT_IS","type":"what_it_is"}],"objectID":"68776"},{"benefit":{"statement":null,"benefits":null},"brand":null,"collection":null,"coverage":null,"cross_sell":[{"sku_id":"KGN201","sort_key":1},{"sku_id":"7THL15","sort_key":2},{"sku_id":"KN0X01","sort_key":3}],"default_category":{"id":"1605","key":"リップスティック"},"description":"<P>美しさ際立つ肌の美しさを引き立てる、あなただけのリアルマッチリップ。</P><P>塗った瞬間、ぴったり自分色。唇はもちろん、あなたの肌さえ均一に美しく見せる、新発想リップ「イーブンベター ポップ」が誕生！<br>それは、肌トーンから、あなたにぴったりの色を導き出す、“クリニーク シェードマッチ サイエンス”によって開発されたリップカラー。肌トーンに合わせて、あなたを最も魅力的に見せる、「エブリデイ」、「カジュアル」、「モード」の３シェードをご用意。明るさが違う3つのカラーから、今の気分に合わせてお選びください。</P><P>なめらかに広がってつけ心地も軽やか。唇の縦ジワも目立たなくして、ふっくら柔らかに見せます。植物由来オイルがたっぷりと唇を潤し、しっとりベルベットのような仕上がりに。</P><P>さあ、あなたにリアルマッチなカラーで、美しさ際立たせて。</P>","display_mode":null,"display_name":"イーブン ベター ポップ","display_status":7,"finish":null,"form":null,"formula_type":null,"fragrance_family":null,"indexable_keywords":null,"is_hazmat":false,"is_product_coming_soon":null,"is_product_displayable":true,"is_product_searchable":true,"is_product_shoppable":true,"is_product_sold_out":null,"is_product_temporarily_out_of_stock":null,"is_search_suppressed":null,"key_ingredient":null,"media":{"large":[{"alt":"イーブン ベター ポップ","height":1200,"position":0,"src":"/media/export/cms/products/1200x1500/cl_prod_68809_1200x1500_0.png","type":"image","width":1500},{"alt":"イーブン ベター ポップ","height":1200,"position":1,"src":"/media/export/cms/products/1200x1500/cl_prod_68809_1200x1500_1.png","type":"image","width":1500},{"alt":"イーブン ベター ポップ","height":1200,"position":2,"src":"/media/export/cms/products/1200x1500/cl_prod_68809_1200x1500_2.png","type":"image","width":1500}],"medium":null,"poster":null,"small":[{"alt":"イーブン ベター ポップ","height":1200,"position":3,"src":"/media/export/cms/products/1200x1500/cl_prod_68809_1200x1500_0.png","type":"image","width":1500},{"alt":"イーブン ベター ポップ","height":1200,"position":4,"src":"/media/export/cms/products/1200x1500/cl_prod_68809_1200x1500_1.png","type":"image","width":1500},{"alt":"イーブン ベター ポップ","height":1200,"position":5,"src":"/media/export/cms/products/1200x1500/cl_prod_68809_1200x1500_2.png","type":"image","width":1500}],"videos":[{"position":null,"poster":{"height":null,"src":null,"width":null},"provider":"YouTube","src":null},{"position":null,"poster":{"height":null,"src":null,"width":null},"provider":"YouTube","src":null},{"position":null,"poster":{"height":null,"src":null,"width":null},"provider":"YouTube","src":null}],"xl":null},"meta":{"description":null,"keywords":null},"parent_category":[{"id":"1605","value":"リップスティック"},{"id":"1592","value":"メーク"}],"product_badge":null,"product_id":"68809","product_title_tag":null,"product_type":"Shaded","product_url":"/product/1605/68809/even-better-pop","reviews":{"average_rating":null,"number_of_questions":null,"number_of_reviews":null},"shade_groups":null,"short_description":"美しさ際立つ肌の美しさを引き立てる、あなただけのリアルマッチリップ。","skin":null,"skin_goal":null,"skus":{"total":11,"items":[{"color_family":null,"coverage_options":null,"cross_sell":null,"display_status":7,"finish":null,"finish_options":null,"fragrances":[{"family":null,"key":null,"value":null}],"iln_listing":"パルミチン酸エチルヘキシル・オゾケライト・ヒマシ油・ビスジグリセリルポリアシルアジペート－２・ミツロウ・エチルヘキサン酸セチル・クエン酸トリイソステアリル・ポリエチレン・（ＰＰＧ－５１／ＳＭＤＩ）コポリマー・シリカ・マイクロクリスタリンワックス・レシチン・酢酸トコフェロール・（ＨＤＩ／トリメチロールヘキシルラクトン）クロスポリマー・シア脂・ジパルミトイルヒドロキシプロリン・カプリリルグリコール・スクワラン・トリベヘニン・ヘプタヒドロキシステアリン酸ポリグリセリル－１０・水添ポリイソブテン・テトラ（ジ－ｔ－ブチルヒドロキシヒドロケイヒ酸）ペンタエリスリチル・水・ヒマワリ種子油・イソステアリン酸ソルビタン・トロロアオイモドキエキス・ツボクサエキス・（エチレン／プロピレン／スチレン）コポリマー・ホウケイ酸（Ｃａ／Ｎａ）・アルミナ・ホウケイ酸（Ｃａ／Ａｌ）・パルミトイルトリペプチド－１・（ブチレン／エチレン／スチレン）コポリマー・合成金雲母・フェノキシエタノール　＋／－　マイカ・酸化チタン・酸化鉄・黄４・硫酸Ｂａ・赤２２７・赤２０２・青１・ロジン・赤２０１・赤１０４（１）・カルミン・酸化スズ<JILN009814>","iln_version_number":"JILN009814","inventory_status":"Active","is_active":true,"is_coming_soon":null,"is_default_sku":false,"is_discountable":true,"is_displayable":null,"is_engravable":null,"is_fragrance":null,"is_giftable":null,"is_giftwrap":false,"is_inactive":null,"is_multi_shaded":null,"is_out_of_stock":null,"is_preorder":false,"is_preorderable":null,"is_promotional":null,"is_replenishable":false,"is_search_suppressed":null,"is_searchable":true,"is_shaded":null,"is_sized":null,"is_sold_out":null,"is_under_weight_hazmat":false,"is_vto_enabled":null,"life_of_product":"Basic Reorder","material_code":"KL3P010000","media":{"large":[{"alt":"イーブン ベター ポップ","height":1200,"position":1,"src":"/media/export/cms/products/1200x1500/cl_sku_KL3P01_1200x1500_0.png","type":"image","width":1500}],"medium":[{"alt":"イーブン ベター ポップ","height":600,"position":2,"src":"/media/export/cms/products/600x750/cl_sku_KL3P01_600x750_0.png","type":"image","width":750}],"model":null,"poster":null,"small":[{"alt":"イーブン ベター ポップ","height":1200,"position":3,"src":"/media/export/cms/products/1200x1500/cl_sku_KL3P01_1200x1500_0.png","type":"image","width":1500}],"smoosh":[{"alt":"イーブン ベター ポップ","height":1200,"position":0,"src":"/media/export/cms/products/1200x1500/swatches_v3/13_ns_ng.png","type":"image","width":1500}],"xl":null},"out_of_stock_threshold":null,"perlgem":{"SKU_BASE_ID":107391},"preorder_date":null,"prices":[{"currency":"JPY","exclude_tax":{"original_price":3200,"original_price_formatted":"¥3,200","price":3200,"price_formatted":"¥3,200","price_per_unit":null,"price_per_unit_formatted":""},"include_tax":{"original_price":3520,"original_price_formatted":"¥3,520","price":3520,"price_formatted":"¥3,520","price_per_unit":null,"price_per_unit_formatted":""},"is_discounted":false}],"purchase_limit":null,"replenishment":{"message":null},"reviews":{"average_rating":null,"number_of_questions":null,"number_of_reviews":null},"set_components":null,"shade_groups":null,"shades":[{"description":"","hex_val":"#d58d79","image":{"height":null,"src":"","width":null},"name":"#01 アイレット","smoosh_design":{"group_id":null,"name":"13::none::none"}}],"sizes":[{"key":1,"value":"3.9 gm /.13 oz"}],"skin":{"tone":null,"type":null,"type_description":null},"sku_badge":null,"sku_badge_image":null,"sku_display_order":0,"sku_id":"KL3P01","sku_promo_messaging":null,"sku_type":"SE","sku_url":null,"tags":{"total":8,"items":[{"id":"12537","key":"メークアップ-ベストセラー","value":"メークアップ ベストセラー"},{"id":"1605","key":"リップスティック","value":"リップスティック"},{"id":"1575","key":"ベストセラー","value":"ベストセラー"},{"id":"1592","key":"メーク","value":"メーク"},{"id":"1602","key":"セットギフト","value":"セット&ギフト"},{"id":"27172","key":"day5flashsale","value":"Day5FlashSale"},{"id":"27171","key":"day4flashsale","value":"Day4FlashSale"},{"id":"27174","key":"day7flashsale","value":"Day7FlashSale"}]},"texture":null,"undertone":null,"unit_of_measure":null,"unit_size":null,"unit_size_formatted":null,"upc":"192333012284","vto":{"is_color_experience":null,"is_foundation_experience":null}},{"color_family":null,"coverage_options":null,"cross_sell":null,"display_status":7,"finish":null,"finish_options":null,"fragrances":[{"family":null,"key":null,"value":null}],"iln_listing":"パルミチン酸エチルヘキシル・オゾケライト・ヒマシ油・ビスジグリセリルポリアシルアジペート－２・ミツロウ・エチルヘキサン酸セチル・クエン酸トリイソステアリル・ポリエチレン・（ＰＰＧ－５１／ＳＭＤＩ）コポリマー・シリカ・マイクロクリスタリンワックス・レシチン・酢酸トコフェロール・（ＨＤＩ／トリメチロールヘキシルラクトン）クロスポリマー・シア脂・ジパルミトイルヒドロキシプロリン・カプリリルグリコール・スクワラン・トリベヘニン・ヘプタヒドロキシステアリン酸ポリグリセリル－１０・水添ポリイソブテン・テトラ（ジ－ｔ－ブチルヒドロキシヒドロケイヒ酸）ペンタエリスリチル・水・ヒマワリ種子油・イソステアリン酸ソルビタン・トロロアオイモドキエキス・ツボクサエキス・（エチレン／プロピレン／スチレン）コポリマー・ホウケイ酸（Ｃａ／Ｎａ）・アルミナ・ホウケイ酸（Ｃａ／Ａｌ）・パルミトイルトリペプチド－１・（ブチレン／エチレン／スチレン）コポリマー・合成金雲母・フェノキシエタノール　＋／－　マイカ・酸化チタン・酸化鉄・黄４・硫酸Ｂａ・赤２２７・赤２０２・青１・ロジン・赤２０１・赤１０４（１）・カルミン・酸化スズ<JILN009814>","iln_version_number":"JILN009814","inventory_status":"Active","is_active":true,"is_coming_soon":null,"is_default_sku":false,"is_discountable":true,"is_displayable":null,"is_engravable":null,"is_fragrance":null,"is_giftable":null,"is_giftwrap":false,"is_inactive":null,"is_multi_shaded":null,"is_out_of_stock":null,"is_preorder":false,"is_preorderable":null,"is_promotional":null,"is_replenishable":false,"is_search_suppressed":null,"is_searchable":true,"is_shaded":null,"is_sized":null,"is_sold_out":null,"is_under_weight_hazmat":false,"is_vto_enabled":null,"life_of_product":"Basic Reorder","material_code":"KL3P040000","media":{"large":[{"alt":"イーブン ベター ポップ","height":1200,"position":1,"src":"/media/export/cms/products/1200x1500/cl_sku_KL3P04_1200x1500_0.png","type":"image","width":1500}],"medium":[{"alt":"イーブン ベター ポップ","height":600,"position":2,"src":"/media/export/cms/products/600x750/cl_sku_KL3P04_600x750_0.png","type":"image","width":750}],"model":null,"poster":null,"small":[{"alt":"イーブン ベター ポップ","height":1200,"position":3,"src":"/media/export/cms/products/1200x1500/cl_sku_KL3P04_1200x1500_0.png","type":"image","width":1500}],"smoosh":[{"alt":"イーブン ベター ポップ","height":1200,"position":0,"src":"/media/export/cms/products/1200x1500/swatches_v3/13_ns_ng.png","type":"image","width":1500}],"xl":null},"out_of_stock_threshold":null,"perlgem":{"SKU_BASE_ID":107460},"preorder_date":null,"prices":[{"currency":"JPY","exclude_tax":{"original_price":3200,"original_price_formatted":"¥3,200","price":3200,"price_formatted":"¥3,200","price_per_unit":null,"price_per_unit_formatted":""},"include_tax":{"original_price":3520,"original_price_formatted":"¥3,520","price":3520,"price_formatted":"¥3,520","price_per_unit":null,"price_per_unit_formatted":""},"is_discounted":false}],"purchase_limit":null,"replenishment":{"message":null},"reviews":{"average_rating":null,"number_of_questions":null,"number_of_reviews":null},"set_components":null,"shade_groups":null,"shades":[{"description":"","hex_val":"#cb776e","image":{"height":null,"src":"","width":null},"name":"#04 サブトル","smoosh_design":{"group_id":null,"name":"13::none::none"}}],"sizes":[{"key":1,"value":"3.9 gm /.13 oz"}],"skin":{"tone":null,"type":null,"type_description":null},"sku_badge":null,"sku_badge_image":null,"sku_display_order":1,"sku_id":"KL3P04","sku_promo_messaging":null,"sku_type":"SE","sku_url":null,"tags":{"total":7,"items":[{"id":"12537","key":"メークアップ-ベストセラー","value":"メークアップ ベストセラー"},{"id":"1605","key":"リップスティック","value":"リップスティック"},{"id":"1575","key":"ベストセラー","value":"ベストセラー"},{"id":"1592","key":"メーク","value":"メーク"},{"id":"1602","key":"セットギフト","value":"セット&ギフト"},{"id":"27172","key":"day5flashsale","value":"Day5FlashSale"},{"id":"27171","key":"day4flashsale","value":"Day4FlashSale"}]},"texture":null,"undertone":null,"unit_of_measure":null,"unit_size":null,"unit_size_formatted":null,"upc":"192333012314","vto":{"is_color_experience":null,"is_foundation_experience":null}},{"color_family":null,"coverage_options":null,"cross_sell":null,"display_status":7,"finish":null,"finish_options":null,"fragrances":[{"family":null,"key":null,"value":null}],"iln_listing":"パルミチン酸エチルヘキシル・オゾケライト・ヒマシ油・ビスジグリセリルポリアシルアジペート－２・ミツロウ・エチルヘキサン酸セチル・クエン酸トリイソステアリル・ポリエチレン・（ＰＰＧ－５１／ＳＭＤＩ）コポリマー・シリカ・マイクロクリスタリンワックス・レシチン・酢酸トコフェロール・（ＨＤＩ／トリメチロールヘキシルラクトン）クロスポリマー・シア脂・ジパルミトイルヒドロキシプロリン・カプリリルグリコール・スクワラン・トリベヘニン・ヘプタヒドロキシステアリン酸ポリグリセリル－１０・水添ポリイソブテン・テトラ（ジ－ｔ－ブチルヒドロキシヒドロケイヒ酸）ペンタエリスリチル・水・ヒマワリ種子油・イソステアリン酸ソルビタン・トロロアオイモドキエキス・ツボクサエキス・（エチレン／プロピレン／スチレン）コポリマー・ホウケイ酸（Ｃａ／Ｎａ）・アルミナ・ホウケイ酸（Ｃａ／Ａｌ）・パルミトイルトリペプチド－１・（ブチレン／エチレン／スチレン）コポリマー・合成金雲母・フェノキシエタノール　＋／－　マイカ・酸化チタン・酸化鉄・黄４・硫酸Ｂａ・赤２２７・赤２０２・青１・ロジン・赤２０１・赤１０４（１）・カルミン・酸化スズ<JILN009814>","iln_version_number":"JILN009814","inventory_status":"Active","is_active":true,"is_coming_soon":null,"is_default_sku":false,"is_discountable":true,"is_displayable":null,"is_engravable":null,"is_fragrance":null,"is_giftable":null,"is_giftwrap":false,"is_inactive":null,"is_multi_shaded":null,"is_out_of_stock":null,"is_preorder":false,"is_preorderable":null,"is_promotional":null,"is_replenishable":false,"is_search_suppressed":null,"is_searchable":true,"is_shaded":null,"is_sized":null,"is_sold_out":null,"is_under_weight_hazmat":false,"is_vto_enabled":null,"life_of_product":"Basic Reorder","material_code":"KL3P050000","media":{"large":[{"alt":"イーブン ベター ポップ","height":1200,"position":1,"src":"/media/export/cms/products/1200x1500/cl_sku_KL3P05_1200x1500_0.png","type":"image","width":1500}],"medium":[{"alt":"イーブン ベター ポップ","height":600,"position":2,"src":"/media/export/cms/products/600x750/cl_sku_KL3P05_600x750_0.png","type":"image","width":750}],"model":null,"poster":null,"small":[{"alt":"イーブン ベター ポップ","height":1200,"position":3,"src":"/media/export/cms/products/1200x1500/cl_sku_KL3P05_1200x1500_0.png","type":"image","width":1500}],"smoosh":[{"alt":"イーブン ベター ポップ","height":1200,"position":0,"src":"/media/export/cms/products/1200x1500/swatches_v3/13_ns_ng.png","type":"image","width":1500}],"xl":null},"out_of_stock_threshold":null,"perlgem":{"SKU_BASE_ID":107461},"preorder_date":null,"prices":[{"currency":"JPY","exclude_tax":{"original_price":3200,"original_price_formatted":"¥3,200","price":3200,"price_formatted":"¥3,200","price_per_unit":null,"price_per_unit_formatted":""},"include_tax":{"original_price":3520,"original_price_formatted":"¥3,520","price":3520,"price_formatted":"¥3,520","price_per_unit":null,"price_per_unit_formatted":""},"is_discounted":false}],"purchase_limit":null,"replenishment":{"message":null},"reviews":{"average_rating":null,"number_of_questions":null,"number_of_reviews":null},"set_components":null,"shade_groups":null,"shades":[{"description":"","hex_val":"#e96a68","image":{"height":null,"src":"","width":null},"name":"#05 カメリア","smoosh_design":{"group_id":null,"name":"13::none::none"}}],"sizes":[{"key":1,"value":"3.9 gm /.13 oz"}],"skin":{"tone":null,"type":null,"type_description":null},"sku_badge":null,"sku_badge_image":null,"sku_display_order":2,"sku_id":"KL3P05","sku_promo_messaging":null,"sku_type":"SE","sku_url":null,"tags":{"total":8,"items":[{"id":"12537","key":"メークアップ-ベストセラー","value":"メークアップ ベストセラー"},{"id":"1605","key":"リップスティック","value":"リップスティック"},{"id":"1575","key":"ベストセラー","value":"ベストセラー"},{"id":"1592","key":"メーク","value":"メーク"},{"id":"1602","key":"セットギフト","value":"セット&ギフト"},{"id":"27172","key":"day5flashsale","value":"Day5FlashSale"},{"id":"27171","key":"day4flashsale","value":"Day4FlashSale"},{"id":"27174","key":"day7flashsale","value":"Day7FlashSale"}]},"texture":null,"undertone":null,"unit_of_measure":null,"unit_size":null,"unit_size_formatted":null,"upc":"192333012321","vto":{"is_color_experience":null,"is_foundation_experience":null}},{"color_family":null,"coverage_options":null,"cross_sell":null,"display_status":7,"finish":null,"finish_options":null,"fragrances":[{"family":null,"key":null,"value":null}],"iln_listing":"パルミチン酸エチルヘキシル・オゾケライト・ヒマシ油・ビスジグリセリルポリアシルアジペート－２・ミツロウ・エチルヘキサン酸セチル・クエン酸トリイソステアリル・ポリエチレン・（ＰＰＧ－５１／ＳＭＤＩ）コポリマー・シリカ・マイクロクリスタリンワックス・レシチン・酢酸トコフェロール・（ＨＤＩ／トリメチロールヘキシルラクトン）クロスポリマー・シア脂・ジパルミトイルヒドロキシプロリン・カプリリルグリコール・スクワラン・トリベヘニン・ヘプタヒドロキシステアリン酸ポリグリセリル－１０・水添ポリイソブテン・テトラ（ジ－ｔ－ブチルヒドロキシヒドロケイヒ酸）ペンタエリスリチル・水・ヒマワリ種子油・イソステアリン酸ソルビタン・トロロアオイモドキエキス・ツボクサエキス・（エチレン／プロピレン／スチレン）コポリマー・ホウケイ酸（Ｃａ／Ｎａ）・アルミナ・ホウケイ酸（Ｃａ／Ａｌ）・パルミトイルトリペプチド－１・（ブチレン／エチレン／スチレン）コポリマー・合成金雲母・フェノキシエタノール　＋／－　マイカ・酸化チタン・酸化鉄・黄４・硫酸Ｂａ・赤２２７・赤２０２・青１・ロジン・赤２０１・赤１０４（１）・カルミン・酸化スズ<JILN009814>","iln_version_number":"JILN009814","inventory_status":"Active","is_active":true,"is_coming_soon":null,"is_default_sku":false,"is_discountable":true,"is_displayable":null,"is_engravable":null,"is_fragrance":null,"is_giftable":null,"is_giftwrap":false,"is_inactive":null,"is_multi_shaded":null,"is_out_of_stock":null,"is_preorder":false,"is_preorderable":null,"is_promotional":null,"is_replenishable":false,"is_search_suppressed":null,"is_searchable":true,"is_shaded":null,"is_sized":null,"is_sold_out":null,"is_under_weight_hazmat":false,"is_vto_enabled":null,"life_of_product":"Basic Reorder","material_code":"KL3P060000","media":{"large":[{"alt":"イーブン ベター ポップ","height":1200,"position":1,"src":"/media/export/cms/products/1200x1500/cl_sku_KL3P06_1200x1500_0.png","type":"image","width":1500}],"medium":[{"alt":"イーブン ベター ポップ","height":600,"position":2,"src":"/media/export/cms/products/600x750/cl_sku_KL3P06_600x750_0.png","type":"image","width":750}],"model":null,"poster":null,"small":[{"alt":"イーブン ベター ポップ","height":1200,"position":3,"src":"/media/export/cms/products/1200x1500/cl_sku_KL3P06_1200x1500_0.png","type":"image","width":1500}],"smoosh":[{"alt":"イーブン ベター ポップ","height":1200,"position":0,"src":"/media/export/cms/products/1200x1500/swatches_v3/13_ns_ng.png","type":"image","width":1500}],"xl":null},"out_of_stock_threshold":null,"perlgem":{"SKU_BASE_ID":107462},"preorder_date":null,"prices":[{"currency":"JPY","exclude_tax":{"original_price":3200,"original_price_formatted":"¥3,200","price":3200,"price_formatted":"¥3,200","price_per_unit":null,"price_per_unit_formatted":""},"include_tax":{"original_price":3520,"original_price_formatted":"¥3,520","price":3520,"price_formatted":"¥3,520","price_per_unit":null,"price_per_unit_formatted":""},"is_discounted":false}],"purchase_limit":null,"replenishment":{"message":null},"reviews":{"average_rating":null,"number_of_questions":null,"number_of_reviews":null},"set_components":null,"shade_groups":null,"shades":[{"description":"","hex_val":"#d17971","image":{"height":null,"src":"","width":null},"name":"#06 ソフトリー","smoosh_design":{"group_id":null,"name":"13::none::none"}}],"sizes":[{"key":1,"value":"3.9 gm /.13 oz"}],"skin":{"tone":null,"type":null,"type_description":null},"sku_badge":null,"sku_badge_image":null,"sku_display_order":3,"sku_id":"KL3P06","sku_promo_messaging":null,"sku_type":"SE","sku_url":null,"tags":{"total":7,"items":[{"id":"12537","key":"メークアップ-ベストセラー","value":"メークアップ ベストセラー"},{"id":"1605","key":"リップスティック","value":"リップスティック"},{"id":"1575","key":"ベストセラー","value":"ベストセラー"},{"id":"1592","key":"メーク","value":"メーク"},{"id":"1602","key":"セットギフト","value":"セット&ギフト"},{"id":"27172","key":"day5flashsale","value":"Day5FlashSale"},{"id":"27171","key":"day4flashsale","value":"Day4FlashSale"}]},"texture":null,"undertone":null,"unit_of_measure":null,"unit_size":null,"unit_size_formatted":null,"upc":"192333012338","vto":{"is_color_experience":null,"is_foundation_experience":null}},{"color_family":null,"coverage_options":null,"cross_sell":null,"display_status":7,"finish":null,"finish_options":null,"fragrances":[{"family":null,"key":null,"value":null}],"iln_listing":"パルミチン酸エチルヘキシル・オゾケライト・ヒマシ油・ビスジグリセリルポリアシルアジペート－２・ミツロウ・エチルヘキサン酸セチル・クエン酸トリイソステアリル・ポリエチレン・（ＰＰＧ－５１／ＳＭＤＩ）コポリマー・シリカ・マイクロクリスタリンワックス・レシチン・酢酸トコフェロール・（ＨＤＩ／トリメチロールヘキシルラクトン）クロスポリマー・シア脂・ジパルミトイルヒドロキシプロリン・カプリリルグリコール・スクワラン・トリベヘニン・ヘプタヒドロキシステアリン酸ポリグリセリル－１０・水添ポリイソブテン・テトラ（ジ－ｔ－ブチルヒドロキシヒドロケイヒ酸）ペンタエリスリチル・水・ヒマワリ種子油・イソステアリン酸ソルビタン・トロロアオイモドキエキス・ツボクサエキス・（エチレン／プロピレン／スチレン）コポリマー・ホウケイ酸（Ｃａ／Ｎａ）・アルミナ・ホウケイ酸（Ｃａ／Ａｌ）・パルミトイルトリペプチド－１・（ブチレン／エチレン／スチレン）コポリマー・合成金雲母・フェノキシエタノール　＋／－　マイカ・酸化チタン・酸化鉄・黄４・硫酸Ｂａ・赤２２７・赤２０２・青１・ロジン・赤２０１・赤１０４（１）・カルミン・酸化スズ<JILN009814>","iln_version_number":"JILN009814","inventory_status":"Active","is_active":true,"is_coming_soon":null,"is_default_sku":false,"is_discountable":true,"is_displayable":null,"is_engravable":null,"is_fragrance":null,"is_giftable":null,"is_giftwrap":false,"is_inactive":null,"is_multi_shaded":null,"is_out_of_stock":null,"is_preorder":false,"is_preorderable":null,"is_promotional":null,"is_replenishable":false,"is_search_suppressed":null,"is_searchable":true,"is_shaded":null,"is_sized":null,"is_sold_out":null,"is_under_weight_hazmat":false,"is_vto_enabled":null,"life_of_product":"Basic Reorder","material_code":"KL3P070000","media":{"large":[{"alt":"イーブン ベター ポップ","height":1200,"position":1,"src":"/media/export/cms/products/1200x1500/cl_sku_KL3P07_1200x1500_0.png","type":"image","width":1500}],"medium":[{"alt":"イーブン ベター ポップ","height":600,"position":2,"src":"/media/export/cms/products/600x750/cl_sku_KL3P07_600x750_0.png","type":"image","width":750}],"model":null,"poster":null,"small":[{"alt":"イーブン ベター ポップ","height":1200,"position":3,"src":"/media/export/cms/products/1200x1500/cl_sku_KL3P07_1200x1500_0.png","type":"image","width":1500}],"smoosh":[{"alt":"イーブン ベター ポップ","height":1200,"position":0,"src":"/media/export/cms/products/1200x1500/swatches_v3/13_ns_ng.png","type":"image","width":1500}],"xl":null},"out_of_stock_threshold":null,"perlgem":{"SKU_BASE_ID":107463},"preorder_date":null,"prices":[{"currency":"JPY","exclude_tax":{"original_price":3200,"original_price_formatted":"¥3,200","price":3200,"price_formatted":"¥3,200","price_per_unit":null,"price_per_unit_formatted":""},"include_tax":{"original_price":3520,"original_price_formatted":"¥3,520","price":3520,"price_formatted":"¥3,520","price_per_unit":null,"price_per_unit_formatted":""},"is_discounted":false}],"purchase_limit":null,"replenishment":{"message":null},"reviews":{"average_rating":null,"number_of_questions":null,"number_of_reviews":null},"set_components":null,"shade_groups":null,"shades":[{"description":"","hex_val":"#cb6d63","image":{"height":null,"src":"","width":null},"name":"#07 ブラッシュ","smoosh_design":{"group_id":null,"name":"13::none::none"}}],"sizes":[{"key":1,"value":"3.9 gm /.13 oz"}],"skin":{"tone":null,"type":null,"type_description":null},"sku_badge":null,"sku_badge_image":null,"sku_display_order":4,"sku_id":"KL3P07","sku_promo_messaging":null,"sku_type":"SE","sku_url":null,"tags":{"total":7,"items":[{"id":"12537","key":"メークアップ-ベストセラー","value":"メークアップ ベストセラー"},{"id":"1605","key":"リップスティック","value":"リップスティック"},{"id":"1575","key":"ベストセラー","value":"ベストセラー"},{"id":"1592","key":"メーク","value":"メーク"},{"id":"1602","key":"セットギフト","value":"セット&ギフト"},{"id":"27172","key":"day5flashsale","value":"Day5FlashSale"},{"id":"27171","key":"day4flashsale","value":"Day4FlashSale"}]},"texture":null,"undertone":null,"unit_of_measure":null,"unit_size":null,"unit_size_formatted":null,"upc":"192333012345","vto":{"is_color_experience":null,"is_foundation_experience":null}},{"color_family":null,"coverage_options":null,"cross_sell":null,"display_status":7,"finish":null,"finish_options":null,"fragrances":[{"family":null,"key":null,"value":null}],"iln_listing":"パルミチン酸エチルヘキシル・オゾケライト・ヒマシ油・ビスジグリセリルポリアシルアジペート－２・ミツロウ・エチルヘキサン酸セチル・クエン酸トリイソステアリル・ポリエチレン・（ＰＰＧ－５１／ＳＭＤＩ）コポリマー・シリカ・マイクロクリスタリンワックス・レシチン・酢酸トコフェロール・（ＨＤＩ／トリメチロールヘキシルラクトン）クロスポリマー・シア脂・ジパルミトイルヒドロキシプロリン・カプリリルグリコール・スクワラン・トリベヘニン・ヘプタヒドロキシステアリン酸ポリグリセリル－１０・水添ポリイソブテン・テトラ（ジ－ｔ－ブチルヒドロキシヒドロケイヒ酸）ペンタエリスリチル・水・ヒマワリ種子油・イソステアリン酸ソルビタン・トロロアオイモドキエキス・ツボクサエキス・（エチレン／プロピレン／スチレン）コポリマー・ホウケイ酸（Ｃａ／Ｎａ）・アルミナ・ホウケイ酸（Ｃａ／Ａｌ）・パルミトイルトリペプチド－１・（ブチレン／エチレン／スチレン）コポリマー・合成金雲母・フェノキシエタノール　＋／－　マイカ・酸化チタン・酸化鉄・黄４・硫酸Ｂａ・赤２２７・赤２０２・青１・ロジン・赤２０１・赤１０４（１）・カルミン・酸化スズ<JILN009814>","iln_version_number":"JILN009814","inventory_status":"Active","is_active":true,"is_coming_soon":null,"is_default_sku":false,"is_discountable":true,"is_displayable":null,"is_engravable":null,"is_fragrance":null,"is_giftable":null,"is_giftwrap":false,"is_inactive":null,"is_multi_shaded":null,"is_out_of_stock":null,"is_preorder":false,"is_preorderable":null,"is_promotional":null,"is_replenishable":false,"is_search_suppressed":null,"is_searchable":true,"is_shaded":null,"is_sized":null,"is_sold_out":null,"is_under_weight_hazmat":false,"is_vto_enabled":null,"life_of_product":"Basic Reorder","material_code":"KL3P130000","media":{"large":[{"alt":"イーブン ベター ポップ","height":1200,"position":1,"src":"/media/export/cms/products/1200x1500/cl_sku_KL3P13_1200x1500_0.png","type":"image","width":1500}],"medium":[{"alt":"イーブン ベター ポップ","height":600,"position":2,"src":"/media/export/cms/products/600x750/cl_sku_KL3P13_600x750_0.png","type":"image","width":750}],"model":null,"poster":null,"small":[{"alt":"イーブン ベター ポップ","height":1200,"position":3,"src":"/media/export/cms/products/1200x1500/cl_sku_KL3P13_1200x1500_0.png","type":"image","width":1500}],"smoosh":[{"alt":"イーブン ベター ポップ","height":1200,"position":0,"src":"/media/export/cms/products/1200x1500/swatches_v3/13_ns_ng.png","type":"image","width":1500}],"xl":null},"out_of_stock_threshold":null,"perlgem":{"SKU_BASE_ID":107468},"preorder_date":null,"prices":[{"currency":"JPY","exclude_tax":{"original_price":3200,"original_price_formatted":"¥3,200","price":3200,"price_formatted":"¥3,200","price_per_unit":null,"price_per_unit_formatted":""},"include_tax":{"original_price":3520,"original_price_formatted":"¥3,520","price":3520,"price_formatted":"¥3,520","price_per_unit":null,"price_per_unit_formatted":""},"is_discounted":false}],"purchase_limit":null,"replenishment":{"message":null},"reviews":{"average_rating":null,"number_of_questions":null,"number_of_reviews":null},"set_components":null,"shade_groups":null,"shades":[{"description":"","hex_val":"#a25247","image":{"height":null,"src":"","width":null},"name":"#13 クローザー","smoosh_design":{"group_id":null,"name":"13::none::none"}}],"sizes":[{"key":1,"value":"3.9 gm /.13 oz"}],"skin":{"tone":null,"type":null,"type_description":null},"sku_badge":null,"sku_badge_image":null,"sku_display_order":5,"sku_id":"KL3P13","sku_promo_messaging":null,"sku_type":"SE","sku_url":null,"tags":{"total":8,"items":[{"id":"12537","key":"メークアップ-ベストセラー","value":"メークアップ ベストセラー"},{"id":"1605","key":"リップスティック","value":"リップスティック"},{"id":"1575","key":"ベストセラー","value":"ベストセラー"},{"id":"1592","key":"メーク","value":"メーク"},{"id":"1602","key":"セットギフト","value":"セット&ギフト"},{"id":"27172","key":"day5flashsale","value":"Day5FlashSale"},{"id":"27171","key":"day4flashsale","value":"Day4FlashSale"},{"id":"27174","key":"day7flashsale","value":"Day7FlashSale"}]},"texture":null,"undertone":null,"unit_of_measure":null,"unit_size":null,"unit_size_formatted":null,"upc":"192333012406","vto":{"is_color_experience":null,"is_foundation_experience":null}},{"color_family":null,"coverage_options":null,"cross_sell":null,"display_status":7,"finish":null,"finish_options":null,"fragrances":[{"family":null,"key":null,"value":null}],"iln_listing":"パルミチン酸エチルヘキシル・オゾケライト・ヒマシ油・ビスジグリセリルポリアシルアジペート－２・ミツロウ・エチルヘキサン酸セチル・クエン酸トリイソステアリル・ポリエチレン・（ＰＰＧ－５１／ＳＭＤＩ）コポリマー・シリカ・マイクロクリスタリンワックス・レシチン・酢酸トコフェロール・（ＨＤＩ／トリメチロールヘキシルラクトン）クロスポリマー・シア脂・ジパルミトイルヒドロキシプロリン・カプリリルグリコール・スクワラン・トリベヘニン・ヘプタヒドロキシステアリン酸ポリグリセリル－１０・水添ポリイソブテン・テトラ（ジ－ｔ－ブチルヒドロキシヒドロケイヒ酸）ペンタエリスリチル・水・ヒマワリ種子油・イソステアリン酸ソルビタン・トロロアオイモドキエキス・ツボクサエキス・（エチレン／プロピレン／スチレン）コポリマー・ホウケイ酸（Ｃａ／Ｎａ）・アルミナ・ホウケイ酸（Ｃａ／Ａｌ）・パルミトイルトリペプチド－１・（ブチレン／エチレン／スチレン）コポリマー・合成金雲母・フェノキシエタノール　＋／－　マイカ・酸化チタン・酸化鉄・黄４・硫酸Ｂａ・赤２２７・赤２０２・青１・ロジン・赤２０１・赤１０４（１）・カルミン・酸化スズ<JILN009814>","iln_version_number":"JILN009814","inventory_status":"Active","is_active":true,"is_coming_soon":null,"is_default_sku":false,"is_discountable":true,"is_displayable":null,"is_engravable":null,"is_fragrance":null,"is_giftable":null,"is_giftwrap":false,"is_inactive":null,"is_multi_shaded":null,"is_out_of_stock":null,"is_preorder":false,"is_preorderable":null,"is_promotional":null,"is_replenishable":false,"is_search_suppressed":null,"is_searchable":true,"is_shaded":null,"is_sized":null,"is_sold_out":null,"is_under_weight_hazmat":false,"is_vto_enabled":null,"life_of_product":"Basic Reorder","material_code":"KL3P140000","media":{"large":[{"alt":"イーブン ベター ポップ","height":1200,"position":1,"src":"/media/export/cms/products/1200x1500/cl_sku_KL3P14_1200x1500_0.png","type":"image","width":1500}],"medium":[{"alt":"イーブン ベター ポップ","height":600,"position":2,"src":"/media/export/cms/products/600x750/cl_sku_KL3P14_600x750_0.png","type":"image","width":750}],"model":null,"poster":null,"small":[{"alt":"イーブン ベター ポップ","height":1200,"position":3,"src":"/media/export/cms/products/1200x1500/cl_sku_KL3P14_1200x1500_0.png","type":"image","width":1500}],"smoosh":[{"alt":"イーブン ベター ポップ","height":1200,"position":0,"src":"/media/export/cms/products/1200x1500/swatches_v3/13_ns_ng.png","type":"image","width":1500}],"xl":null},"out_of_stock_threshold":null,"perlgem":{"SKU_BASE_ID":107470},"preorder_date":null,"prices":[{"currency":"JPY","exclude_tax":{"original_price":3200,"original_price_formatted":"¥3,200","price":3200,"price_formatted":"¥3,200","price_per_unit":null,"price_per_unit_formatted":""},"include_tax":{"original_price":3520,"original_price_formatted":"¥3,520","price":3520,"price_formatted":"¥3,520","price_per_unit":null,"price_per_unit_formatted":""},"is_discounted":false}],"purchase_limit":null,"replenishment":{"message":null},"reviews":{"average_rating":null,"number_of_questions":null,"number_of_reviews":null},"set_components":null,"shade_groups":null,"shades":[{"description":"","hex_val":"#a5524b","image":{"height":null,"src":"","width":null},"name":"#14 ネスルド","smoosh_design":{"group_id":null,"name":"13::none::none"}}],"sizes":[{"key":1,"value":"3.9 gm /.13 oz"}],"skin":{"tone":null,"type":null,"type_description":null},"sku_badge":null,"sku_badge_image":null,"sku_display_order":6,"sku_id":"KL3P14","sku_promo_messaging":null,"sku_type":"SE","sku_url":null,"tags":{"total":8,"items":[{"id":"12537","key":"メークアップ-ベストセラー","value":"メークアップ ベストセラー"},{"id":"1605","key":"リップスティック","value":"リップスティック"},{"id":"1575","key":"ベストセラー","value":"ベストセラー"},{"id":"1592","key":"メーク","value":"メーク"},{"id":"1602","key":"セットギフト","value":"セット&ギフト"},{"id":"27172","key":"day5flashsale","value":"Day5FlashSale"},{"id":"27171","key":"day4flashsale","value":"Day4FlashSale"},{"id":"27174","key":"day7flashsale","value":"Day7FlashSale"}]},"texture":null,"undertone":null,"unit_of_measure":null,"unit_size":null,"unit_size_formatted":null,"upc":"192333012413","vto":{"is_color_experience":null,"is_foundation_experience":null}},{"color_family":null,"coverage_options":null,"cross_sell":null,"display_status":7,"finish":null,"finish_options":null,"fragrances":[{"family":null,"key":null,"value":null}],"iln_listing":"パルミチン酸エチルヘキシル・オゾケライト・ヒマシ油・ビスジグリセリルポリアシルアジペート－２・ミツロウ・エチルヘキサン酸セチル・クエン酸トリイソステアリル・ポリエチレン・（ＰＰＧ－５１／ＳＭＤＩ）コポリマー・シリカ・マイクロクリスタリンワックス・レシチン・酢酸トコフェロール・（ＨＤＩ／トリメチロールヘキシルラクトン）クロスポリマー・シア脂・ジパルミトイルヒドロキシプロリン・カプリリルグリコール・スクワラン・トリベヘニン・ヘプタヒドロキシステアリン酸ポリグリセリル－１０・水添ポリイソブテン・テトラ（ジ－ｔ－ブチルヒドロキシヒドロケイヒ酸）ペンタエリスリチル・水・ヒマワリ種子油・イソステアリン酸ソルビタン・トロロアオイモドキエキス・ツボクサエキス・（エチレン／プロピレン／スチレン）コポリマー・ホウケイ酸（Ｃａ／Ｎａ）・アルミナ・ホウケイ酸（Ｃａ／Ａｌ）・パルミトイルトリペプチド－１・（ブチレン／エチレン／スチレン）コポリマー・合成金雲母・フェノキシエタノール　＋／－　マイカ・酸化チタン・酸化鉄・黄４・硫酸Ｂａ・赤２２７・赤２０２・青１・ロジン・赤２０１・赤１０４（１）・カルミン・酸化スズ<JILN009814>","iln_version_number":"JILN009814","inventory_status":"Active","is_active":true,"is_coming_soon":null,"is_default_sku":false,"is_discountable":true,"is_displayable":null,"is_engravable":null,"is_fragrance":null,"is_giftable":null,"is_giftwrap":false,"is_inactive":null,"is_multi_shaded":null,"is_out_of_stock":null,"is_preorder":false,"is_preorderable":null,"is_promotional":null,"is_replenishable":false,"is_search_suppressed":null,"is_searchable":true,"is_shaded":null,"is_sized":null,"is_sold_out":null,"is_under_weight_hazmat":false,"is_vto_enabled":null,"life_of_product":"Basic Reorder","material_code":"KL3P150000","media":{"large":[{"alt":"イーブン ベター ポップ","height":1200,"position":1,"src":"/media/export/cms/products/1200x1500/cl_sku_KL3P15_1200x1500_0.png","type":"image","width":1500}],"medium":[{"alt":"イーブン ベター ポップ","height":600,"position":2,"src":"/media/export/cms/products/600x750/cl_sku_KL3P15_600x750_0.png","type":"image","width":750}],"model":null,"poster":null,"small":[{"alt":"イーブン ベター ポップ","height":1200,"position":3,"src":"/media/export/cms/products/1200x1500/cl_sku_KL3P15_1200x1500_0.png","type":"image","width":1500}],"smoosh":[{"alt":"イーブン ベター ポップ","height":1200,"position":0,"src":"/media/export/cms/products/1200x1500/swatches_v3/13_ns_ng.png","type":"image","width":1500}],"xl":null},"out_of_stock_threshold":null,"perlgem":{"SKU_BASE_ID":107498},"preorder_date":null,"prices":[{"currency":"JPY","exclude_tax":{"original_price":3200,"original_price_formatted":"¥3,200","price":3200,"price_formatted":"¥3,200","price_per_unit":null,"price_per_unit_formatted":""},"include_tax":{"original_price":3520,"original_price_formatted":"¥3,520","price":3520,"price_formatted":"¥3,520","price_per_unit":null,"price_per_unit_formatted":""},"is_discounted":false}],"purchase_limit":null,"replenishment":{"message":null},"reviews":{"average_rating":null,"number_of_questions":null,"number_of_reviews":null},"set_components":null,"shade_groups":null,"shades":[{"description":"","hex_val":"#a85841","image":{"height":null,"src":"","width":null},"name":"#15 テンダー","smoosh_design":{"group_id":null,"name":"13::none::none"}}],"sizes":[{"key":1,"value":"3.9 gm /.13 oz"}],"skin":{"tone":null,"type":null,"type_description":null},"sku_badge":null,"sku_badge_image":null,"sku_display_order":7,"sku_id":"KL3P15","sku_promo_messaging":null,"sku_type":"SE","sku_url":null,"tags":{"total":8,"items":[{"id":"12537","key":"メークアップ-ベストセラー","value":"メークアップ ベストセラー"},{"id":"1605","key":"リップスティック","value":"リップスティック"},{"id":"1575","key":"ベストセラー","value":"ベストセラー"},{"id":"1592","key":"メーク","value":"メーク"},{"id":"1602","key":"セットギフト","value":"セット&ギフト"},{"id":"27172","key":"day5flashsale","value":"Day5FlashSale"},{"id":"27171","key":"day4flashsale","value":"Day4FlashSale"},{"id":"27174","key":"day7flashsale","value":"Day7FlashSale"}]},"texture":null,"undertone":null,"unit_of_measure":null,"unit_size":null,"unit_size_formatted":null,"upc":"192333012420","vto":{"is_color_experience":null,"is_foundation_experience":null}},{"color_family":null,"coverage_options":null,"cross_sell":null,"display_status":7,"finish":null,"finish_options":null,"fragrances":[{"family":null,"key":null,"value":null}],"iln_listing":"パルミチン酸エチルヘキシル・オゾケライト・ヒマシ油・ビスジグリセリルポリアシルアジペート－２・ミツロウ・エチルヘキサン酸セチル・クエン酸トリイソステアリル・ポリエチレン・（ＰＰＧ－５１／ＳＭＤＩ）コポリマー・シリカ・マイクロクリスタリンワックス・レシチン・酢酸トコフェロール・（ＨＤＩ／トリメチロールヘキシルラクトン）クロスポリマー・シア脂・ジパルミトイルヒドロキシプロリン・カプリリルグリコール・スクワラン・トリベヘニン・ヘプタヒドロキシステアリン酸ポリグリセリル－１０・水添ポリイソブテン・テトラ（ジ－ｔ－ブチルヒドロキシヒドロケイヒ酸）ペンタエリスリチル・水・ヒマワリ種子油・イソステアリン酸ソルビタン・トロロアオイモドキエキス・ツボクサエキス・（エチレン／プロピレン／スチレン）コポリマー・ホウケイ酸（Ｃａ／Ｎａ）・アルミナ・ホウケイ酸（Ｃａ／Ａｌ）・パルミトイルトリペプチド－１・（ブチレン／エチレン／スチレン）コポリマー・合成金雲母・フェノキシエタノール　＋／－　マイカ・酸化チタン・酸化鉄・黄４・硫酸Ｂａ・赤２２７・赤２０２・青１・ロジン・赤２０１・赤１０４（１）・カルミン・酸化スズ<JILN009814>","iln_version_number":"JILN009814","inventory_status":"Active","is_active":true,"is_coming_soon":null,"is_default_sku":false,"is_discountable":true,"is_displayable":null,"is_engravable":null,"is_fragrance":null,"is_giftable":null,"is_giftwrap":false,"is_inactive":null,"is_multi_shaded":null,"is_out_of_stock":null,"is_preorder":false,"is_preorderable":null,"is_promotional":null,"is_replenishable":false,"is_search_suppressed":null,"is_searchable":true,"is_shaded":null,"is_sized":null,"is_sold_out":null,"is_under_weight_hazmat":false,"is_vto_enabled":null,"life_of_product":"Basic Reorder","material_code":"KL3P170000","media":{"large":[{"alt":"イーブン ベター ポップ","height":1200,"position":1,"src":"/media/export/cms/products/1200x1500/cl_sku_KL3P17_1200x1500_0.png","type":"image","width":1500}],"medium":[{"alt":"イーブン ベター ポップ","height":600,"position":2,"src":"/media/export/cms/products/600x750/cl_sku_KL3P17_600x750_0.png","type":"image","width":750}],"model":null,"poster":null,"small":[{"alt":"イーブン ベター ポップ","height":1200,"position":3,"src":"/media/export/cms/products/1200x1500/cl_sku_KL3P17_1200x1500_0.png","type":"image","width":1500}],"smoosh":[{"alt":"イーブン ベター ポップ","height":1200,"position":0,"src":"/media/export/cms/products/1200x1500/swatches_v3/13_ns_ng.png","type":"image","width":1500}],"xl":null},"out_of_stock_threshold":null,"perlgem":{"SKU_BASE_ID":107500},"preorder_date":null,"prices":[{"currency":"JPY","exclude_tax":{"original_price":3200,"original_price_formatted":"¥3,200","price":3200,"price_formatted":"¥3,200","price_per_unit":null,"price_per_unit_formatted":""},"include_tax":{"original_price":3520,"original_price_formatted":"¥3,520","price":3520,"price_formatted":"¥3,520","price_per_unit":null,"price_per_unit_formatted":""},"is_discounted":false}],"purchase_limit":null,"replenishment":{"message":null},"reviews":{"average_rating":null,"number_of_questions":null,"number_of_reviews":null},"set_components":null,"shade_groups":null,"shades":[{"description":"","hex_val":"#b04d4c","image":{"height":null,"src":"","width":null},"name":"#17 ウー ミー","smoosh_design":{"group_id":null,"name":"13::none::none"}}],"sizes":[{"key":1,"value":"3.9 gm /.13 oz"}],"skin":{"tone":null,"type":null,"type_description":null},"sku_badge":null,"sku_badge_image":null,"sku_display_order":8,"sku_id":"KL3P17","sku_promo_messaging":null,"sku_type":"SE","sku_url":null,"tags":{"total":8,"items":[{"id":"12537","key":"メークアップ-ベストセラー","value":"メークアップ ベストセラー"},{"id":"1605","key":"リップスティック","value":"リップスティック"},{"id":"1575","key":"ベストセラー","value":"ベストセラー"},{"id":"1592","key":"メーク","value":"メーク"},{"id":"1602","key":"セットギフト","value":"セット&ギフト"},{"id":"27172","key":"day5flashsale","value":"Day5FlashSale"},{"id":"27171","key":"day4flashsale","value":"Day4FlashSale"},{"id":"27174","key":"day7flashsale","value":"Day7FlashSale"}]},"texture":null,"undertone":null,"unit_of_measure":null,"unit_size":null,"unit_size_formatted":null,"upc":"192333012444","vto":{"is_color_experience":null,"is_foundation_experience":null}},{"color_family":null,"coverage_options":null,"cross_sell":null,"display_status":7,"finish":null,"finish_options":null,"fragrances":[{"family":null,"key":null,"value":null}],"iln_listing":"パルミチン酸エチルヘキシル・オゾケライト・ヒマシ油・ビスジグリセリルポリアシルアジペート－２・ミツロウ・エチルヘキサン酸セチル・クエン酸トリイソステアリル・ポリエチレン・（ＰＰＧ－５１／ＳＭＤＩ）コポリマー・シリカ・マイクロクリスタリンワックス・レシチン・酢酸トコフェロール・（ＨＤＩ／トリメチロールヘキシルラクトン）クロスポリマー・シア脂・ジパルミトイルヒドロキシプロリン・カプリリルグリコール・スクワラン・トリベヘニン・ヘプタヒドロキシステアリン酸ポリグリセリル－１０・水添ポリイソブテン・テトラ（ジ－ｔ－ブチルヒドロキシヒドロケイヒ酸）ペンタエリスリチル・水・ヒマワリ種子油・イソステアリン酸ソルビタン・トロロアオイモドキエキス・ツボクサエキス・（エチレン／プロピレン／スチレン）コポリマー・ホウケイ酸（Ｃａ／Ｎａ）・アルミナ・ホウケイ酸（Ｃａ／Ａｌ）・パルミトイルトリペプチド－１・（ブチレン／エチレン／スチレン）コポリマー・合成金雲母・フェノキシエタノール　＋／－　マイカ・酸化チタン・酸化鉄・黄４・硫酸Ｂａ・赤２２７・赤２０２・青１・ロジン・赤２０１・赤１０４（１）・カルミン・酸化スズ<JILN009814>","iln_version_number":"JILN009814","inventory_status":"Active","is_active":true,"is_coming_soon":null,"is_default_sku":false,"is_discountable":true,"is_displayable":null,"is_engravable":null,"is_fragrance":null,"is_giftable":null,"is_giftwrap":false,"is_inactive":null,"is_multi_shaded":null,"is_out_of_stock":null,"is_preorder":false,"is_preorderable":null,"is_promotional":null,"is_replenishable":false,"is_search_suppressed":null,"is_searchable":true,"is_shaded":null,"is_sized":null,"is_sold_out":null,"is_under_weight_hazmat":false,"is_vto_enabled":null,"life_of_product":"Basic Reorder","material_code":"KL3P210000","media":{"large":[{"alt":"イーブン ベター ポップ","height":1200,"position":1,"src":"/media/export/cms/products/1200x1500/cl_sku_KL3P21_1200x1500_0.png","type":"image","width":1500}],"medium":[{"alt":"イーブン ベター ポップ","height":600,"position":2,"src":"/media/export/cms/products/600x750/cl_sku_KL3P21_600x750_0.png","type":"image","width":750}],"model":null,"poster":null,"small":[{"alt":"イーブン ベター ポップ","height":1200,"position":3,"src":"/media/export/cms/products/1200x1500/cl_sku_KL3P21_1200x1500_0.png","type":"image","width":1500}],"smoosh":[{"alt":"イーブン ベター ポップ","height":1200,"position":0,"src":"/media/export/cms/products/1200x1500/swatches_v3/13_ns_ng.png","type":"image","width":1500}],"xl":null},"out_of_stock_threshold":null,"perlgem":{"SKU_BASE_ID":107856},"preorder_date":null,"prices":[{"currency":"JPY","exclude_tax":{"original_price":3200,"original_price_formatted":"¥3,200","price":3200,"price_formatted":"¥3,200","price_per_unit":null,"price_per_unit_formatted":""},"include_tax":{"original_price":3520,"original_price_formatted":"¥3,520","price":3520,"price_formatted":"¥3,520","price_per_unit":null,"price_per_unit_formatted":""},"is_discounted":false}],"purchase_limit":null,"replenishment":{"message":null},"reviews":{"average_rating":null,"number_of_questions":null,"number_of_reviews":null},"set_components":null,"shade_groups":null,"shades":[{"description":"","hex_val":"#944d3f","image":{"height":null,"src":"","width":null},"name":"#21 カドル","smoosh_design":{"group_id":null,"name":"13::none::none"}}],"sizes":[{"key":1,"value":"3.9 gm /.13 oz"}],"skin":{"tone":null,"type":null,"type_description":null},"sku_badge":null,"sku_badge_image":null,"sku_display_order":9,"sku_id":"KL3P21","sku_promo_messaging":null,"sku_type":"SE","sku_url":null,"tags":{"total":8,"items":[{"id":"12537","key":"メークアップ-ベストセラー","value":"メークアップ ベストセラー"},{"id":"1605","key":"リップスティック","value":"リップスティック"},{"id":"1575","key":"ベストセラー","value":"ベストセラー"},{"id":"1592","key":"メーク","value":"メーク"},{"id":"1602","key":"セットギフト","value":"セット&ギフト"},{"id":"27172","key":"day5flashsale","value":"Day5FlashSale"},{"id":"27171","key":"day4flashsale","value":"Day4FlashSale"},{"id":"27174","key":"day7flashsale","value":"Day7FlashSale"}]},"texture":null,"undertone":null,"unit_of_measure":null,"unit_size":null,"unit_size_formatted":null,"upc":"192333012482","vto":{"is_color_experience":null,"is_foundation_experience":null}},{"color_family":null,"coverage_options":null,"cross_sell":null,"display_status":7,"finish":null,"finish_options":null,"fragrances":[{"family":null,"key":null,"value":null}],"iln_listing":"パルミチン酸エチルヘキシル・オゾケライト・ヒマシ油・ビスジグリセリルポリアシルアジペート－２・ミツロウ・エチルヘキサン酸セチル・クエン酸トリイソステアリル・ポリエチレン・（ＰＰＧ－５１／ＳＭＤＩ）コポリマー・シリカ・マイクロクリスタリンワックス・レシチン・酢酸トコフェロール・（ＨＤＩ／トリメチロールヘキシルラクトン）クロスポリマー・シア脂・ジパルミトイルヒドロキシプロリン・カプリリルグリコール・スクワラン・トリベヘニン・ヘプタヒドロキシステアリン酸ポリグリセリル－１０・水添ポリイソブテン・テトラ（ジ－ｔ－ブチルヒドロキシヒドロケイヒ酸）ペンタエリスリチル・水・ヒマワリ種子油・イソステアリン酸ソルビタン・トロロアオイモドキエキス・ツボクサエキス・（エチレン／プロピレン／スチレン）コポリマー・ホウケイ酸（Ｃａ／Ｎａ）・アルミナ・ホウケイ酸（Ｃａ／Ａｌ）・パルミトイルトリペプチド－１・（ブチレン／エチレン／スチレン）コポリマー・合成金雲母・フェノキシエタノール　＋／－　マイカ・酸化チタン・酸化鉄・黄４・硫酸Ｂａ・赤２２７・赤２０２・青１・ロジン・赤２０１・赤１０４（１）・カルミン・酸化スズ<JILN009814>","iln_version_number":"JILN009814","inventory_status":"Active","is_active":true,"is_coming_soon":null,"is_default_sku":false,"is_discountable":true,"is_displayable":null,"is_engravable":null,"is_fragrance":null,"is_giftable":null,"is_giftwrap":false,"is_inactive":null,"is_multi_shaded":null,"is_out_of_stock":null,"is_preorder":false,"is_preorderable":null,"is_promotional":null,"is_replenishable":false,"is_search_suppressed":null,"is_searchable":true,"is_shaded":null,"is_sized":null,"is_sold_out":null,"is_under_weight_hazmat":false,"is_vto_enabled":null,"life_of_product":"Basic Reorder","material_code":"KL3P230000","media":{"large":[{"alt":"イーブン ベター ポップ","height":1200,"position":1,"src":"/media/export/cms/products/1200x1500/cl_sku_KL3P23_1200x1500_0.png","type":"image","width":1500}],"medium":[{"alt":"イーブン ベター ポップ","height":600,"position":2,"src":"/media/export/cms/products/600x750/cl_sku_KL3P23_600x750_0.png","type":"image","width":750}],"model":null,"poster":null,"small":[{"alt":"イーブン ベター ポップ","height":1200,"position":3,"src":"/media/export/cms/products/1200x1500/cl_sku_KL3P23_1200x1500_0.png","type":"image","width":1500}],"smoosh":[{"alt":"イーブン ベター ポップ","height":1200,"position":0,"src":"/media/export/cms/products/1200x1500/swatches_v3/13_ns_ng.png","type":"image","width":1500}],"xl":null},"out_of_stock_threshold":null,"perlgem":{"SKU_BASE_ID":107858},"preorder_date":null,"prices":[{"currency":"JPY","exclude_tax":{"original_price":3200,"original_price_formatted":"¥3,200","price":3200,"price_formatted":"¥3,200","price_per_unit":null,"price_per_unit_formatted":""},"include_tax":{"original_price":3520,"original_price_formatted":"¥3,520","price":3520,"price_formatted":"¥3,520","price_per_unit":null,"price_per_unit_formatted":""},"is_discounted":false}],"purchase_limit":null,"replenishment":{"message":null},"reviews":{"average_rating":null,"number_of_questions":null,"number_of_reviews":null},"set_components":null,"shade_groups":null,"shades":[{"description":"","hex_val":"#934845","image":{"height":null,"src":"","width":null},"name":"#23 エントワインド","smoosh_design":{"group_id":null,"name":"13::none::none"}}],"sizes":[{"key":1,"value":"3.9 gm /.13 oz"}],"skin":{"tone":null,"type":null,"type_description":null},"sku_badge":null,"sku_badge_image":null,"sku_display_order":10,"sku_id":"KL3P23","sku_promo_messaging":null,"sku_type":"SE","sku_url":null,"tags":{"total":8,"items":[{"id":"12537","key":"メークアップ-ベストセラー","value":"メークアップ ベストセラー"},{"id":"1605","key":"リップスティック","value":"リップスティック"},{"id":"1575","key":"ベストセラー","value":"ベストセラー"},{"id":"1592","key":"メーク","value":"メーク"},{"id":"1602","key":"セットギフト","value":"セット&ギフト"},{"id":"27172","key":"day5flashsale","value":"Day5FlashSale"},{"id":"27171","key":"day4flashsale","value":"Day4FlashSale"},{"id":"27174","key":"day7flashsale","value":"Day7FlashSale"}]},"texture":null,"undertone":null,"unit_of_measure":null,"unit_size":null,"unit_size_formatted":null,"upc":"192333012505","vto":{"is_color_experience":null,"is_foundation_experience":null}}]},"sub_display_name":"イーブン ベター ポップ","sub_header":null,"tags":{"total":8,"items":[{"id":"12537","key":"メークアップ-ベストセラー","parent_tag_id":"1592","product_display_order":4,"value":"メークアップ ベストセラー"},{"id":"1605","key":"リップスティック","parent_tag_id":"1592","product_display_order":5,"value":"リップスティック"},{"id":"1575","key":"ベストセラー","parent_tag_id":null,"product_display_order":40,"value":"ベストセラー"},{"id":"1592","key":"メーク","parent_tag_id":null,"product_display_order":0,"value":"メーク"},{"id":"1602","key":"セットギフト","parent_tag_id":"1600","product_display_order":27,"value":"セット&ギフト"},{"id":"27172","key":"day5flashsale","parent_tag_id":"1590","product_display_order":0,"value":"Day5FlashSale"},{"id":"27171","key":"day4flashsale","parent_tag_id":"1590","product_display_order":43,"value":"Day4FlashSale"},{"id":"27174","key":"day7flashsale","parent_tag_id":"1590","product_display_order":0,"value":"Day7FlashSale"}]},"usage":[{"content":null,"label":"PRODUCT USAGE","type":"product_usage"},{"content":null,"label":"HOW DOES IT WORK","type":"how_does_it_work"},{"content":"すべてのスキンタイプ","label":"WHO IT IS FOR","type":"who_it_is_for"},{"content":null,"label":"GREAT TO KNOW","type":"great_to_know"},{"content":"なめらかに広がってつけ心地も軽やか。唇の縦ジワも目立たなくして、ふっくら柔らかに見せます。植物由来オイルがたっぷりと唇を潤し、しっとりベルベットのような仕上がりに。","label":"WHAT_IT_DOES","type":"what_it_does"},{"content":"“クリニーク シェードマッチ サイエンス\"によって開発されたリップカラー","label":"WHAT_IT_IS","type":"what_it_is"}],"objectID":"68809"},{"benefit":{"statement":null,"benefits":null},"brand":null,"collection":null,"coverage":null,"cross_sell":null,"default_category":{"id":"1628","key":"サンプル"},"description":null,"display_mode":null,"display_name":"FY20 ホリデー ボックス L","display_status":1,"finish":null,"form":null,"formula_type":null,"fragrance_family":null,"indexable_keywords":null,"is_hazmat":false,"is_product_coming_soon":null,"is_product_displayable":true,"is_product_searchable":true,"is_product_shoppable":false,"is_product_sold_out":null,"is_product_temporarily_out_of_stock":null,"is_search_suppressed":null,"key_ingredient":null,"media":{"large":null,"medium":null,"poster":null,"small":null,"videos":[{"position":null,"poster":{"height":null,"src":null,"width":null},"provider":null,"src":null},{"position":null,"poster":{"height":null,"src":null,"width":null},"provider":null,"src":null},{"position":null,"poster":{"height":null,"src":null,"width":null},"provider":null,"src":null}],"xl":null},"meta":{"description":null,"keywords":null},"parent_category":[{"id":"1628","value":"サンプル"}],"product_badge":null,"product_id":"69078","product_title_tag":null,"product_type":"Other","product_url":"/product/1628/69078/fy20--l/myo-box--large-light-pink-glitter-w-light-pink-bow","reviews":{"average_rating":null,"number_of_questions":null,"number_of_reviews":null},"shade_groups":null,"short_description":null,"skin":null,"skin_goal":null,"skus":{"total":1,"items":[{"color_family":null,"coverage_options":null,"cross_sell":null,"display_status":1,"finish":null,"finish_options":null,"fragrances":[{"family":null,"key":null,"value":null}],"iln_listing":null,"iln_version_number":null,"inventory_status":"Sold Out","is_active":null,"is_coming_soon":null,"is_default_sku":false,"is_discountable":false,"is_displayable":null,"is_engravable":null,"is_fragrance":null,"is_giftable":null,"is_giftwrap":false,"is_inactive":null,"is_multi_shaded":null,"is_out_of_stock":null,"is_preorder":false,"is_preorderable":null,"is_promotional":null,"is_replenishable":false,"is_search_suppressed":null,"is_searchable":false,"is_shaded":null,"is_sized":null,"is_sold_out":true,"is_under_weight_hazmat":false,"is_vto_enabled":null,"life_of_product":"Limited life","material_code":"KKHF900000","media":{"large":[{"alt":"FY20 ホリデー ボックス L","height":1200,"position":0,"src":"/media/export/cms/products/1200x1500/cl_sku_KKHF90_1200x1500_0.png","type":"image","width":1500}],"medium":[{"alt":"FY20 ホリデー ボックス L","height":600,"position":1,"src":"/media/export/cms/products/600x750/cl_sku_KKHF90_600x750_0.png","type":"image","width":750}],"model":null,"poster":null,"small":[{"alt":"FY20 ホリデー ボックス L","height":1200,"position":2,"src":"/media/export/cms/products/1200x1500/cl_sku_KKHF90_1200x1500_0.png","type":"image","width":1500}],"smoosh":null,"xl":null},"out_of_stock_threshold":null,"perlgem":{"SKU_BASE_ID":107872},"preorder_date":null,"prices":[{"currency":"JPY","exclude_tax":{"original_price":0,"original_price_formatted":"¥0","price":0,"price_formatted":"¥0","price_per_unit":null,"price_per_unit_formatted":""},"include_tax":{"original_price":0,"original_price_formatted":"¥0","price":0,"price_formatted":"¥0","price_per_unit":null,"price_per_unit_formatted":""},"is_discounted":false}],"purchase_limit":null,"replenishment":{"message":null},"reviews":{"average_rating":null,"number_of_questions":null,"number_of_reviews":null},"set_components":null,"shade_groups":null,"shades":null,"sizes":[{"key":1,"value":null}],"skin":{"tone":null,"type":null,"type_description":null},"sku_badge":null,"sku_badge_image":null,"sku_display_order":0,"sku_id":"KKHF90","sku_promo_messaging":null,"sku_type":"SE","sku_url":null,"tags":{"total":5,"items":[{"id":"26571","key":"tiered-2","value":"Tiered 2"},{"id":"9257","key":"pick-4","value":"Pick 4"},{"id":"8312","key":"pick-3","value":"Pick 3"},{"id":"8311","key":"pick-2","value":"Pick 2"},{"id":"1628","key":"サンプル","value":"サンプル"}]},"texture":null,"undertone":null,"unit_of_measure":null,"unit_size":null,"unit_size_formatted":null,"upc":"192333008034","vto":{"is_color_experience":null,"is_foundation_experience":null}}]},"sub_display_name":"FY20 ホリデー ボックス L","sub_header":null,"tags":{"total":5,"items":[{"id":"26571","key":"tiered-2","parent_tag_id":"1628","product_display_order":3,"value":"Tiered 2"},{"id":"9257","key":"pick-4","parent_tag_id":"1628","product_display_order":0,"value":"Pick 4"},{"id":"8312","key":"pick-3","parent_tag_id":"1628","product_display_order":25,"value":"Pick 3"},{"id":"8311","key":"pick-2","parent_tag_id":"1628","product_display_order":14,"value":"Pick 2"},{"id":"1628","key":"サンプル","parent_tag_id":null,"product_display_order":0,"value":"サンプル"}]},"usage":[{"content":null,"label":"PRODUCT USAGE","type":"product_usage"},{"content":null,"label":"HOW DOES IT WORK","type":"how_does_it_work"},{"content":null,"label":"WHO IT IS FOR","type":"who_it_is_for"},{"content":null,"label":"GREAT TO KNOW","type":"great_to_know"},{"content":null,"label":"WHAT_IT_DOES","type":"what_it_does"},{"content":null,"label":"WHAT_IT_IS","type":"what_it_is"}],"objectID":"69078"},{"benefit":{"statement":null,"benefits":null},"brand":null,"collection":null,"coverage":null,"cross_sell":null,"default_category":{"id":"1628","key":"サンプル"},"description":null,"display_mode":null,"display_name":"FY20 ホリデー ボックス S","display_status":1,"finish":null,"form":null,"formula_type":null,"fragrance_family":null,"indexable_keywords":null,"is_hazmat":false,"is_product_coming_soon":null,"is_product_displayable":true,"is_product_searchable":true,"is_product_shoppable":false,"is_product_sold_out":null,"is_product_temporarily_out_of_stock":null,"is_search_suppressed":null,"key_ingredient":null,"media":{"large":null,"medium":null,"poster":null,"small":null,"videos":[{"position":null,"poster":{"height":null,"src":null,"width":null},"provider":null,"src":null},{"position":null,"poster":{"height":null,"src":null,"width":null},"provider":null,"src":null},{"position":null,"poster":{"height":null,"src":null,"width":null},"provider":null,"src":null}],"xl":null},"meta":{"description":null,"keywords":null},"parent_category":[{"id":"1628","value":"サンプル"}],"product_badge":null,"product_id":"69082","product_title_tag":null,"product_type":"Other","product_url":"/product/1628/69082/fy20--s/myo-small-pink-glitter-tent-carton-w-bow","reviews":{"average_rating":null,"number_of_questions":null,"number_of_reviews":null},"shade_groups":null,"short_description":null,"skin":null,"skin_goal":null,"skus":{"total":1,"items":[{"color_family":null,"coverage_options":null,"cross_sell":null,"display_status":1,"finish":null,"finish_options":null,"fragrances":[{"family":null,"key":null,"value":null}],"iln_listing":null,"iln_version_number":null,"inventory_status":"Sold Out","is_active":null,"is_coming_soon":null,"is_default_sku":false,"is_discountable":false,"is_displayable":null,"is_engravable":null,"is_fragrance":null,"is_giftable":null,"is_giftwrap":false,"is_inactive":null,"is_multi_shaded":null,"is_out_of_stock":null,"is_preorder":false,"is_preorderable":null,"is_promotional":null,"is_replenishable":false,"is_search_suppressed":null,"is_searchable":false,"is_shaded":null,"is_sized":null,"is_sold_out":true,"is_under_weight_hazmat":false,"is_vto_enabled":null,"life_of_product":"Limited life","material_code":"KKHH900000","media":{"large":[{"alt":"FY20 ホリデー ボックス S","height":1200,"position":0,"src":"/media/export/cms/products/1200x1500/cl_sku_KKHH90_1200x1500_0.png","type":"image","width":1500}],"medium":[{"alt":"FY20 ホリデー ボックス S","height":600,"position":1,"src":"/media/export/cms/products/600x750/cl_sku_KKHH90_600x750_0.png","type":"image","width":750}],"model":null,"poster":null,"small":[{"alt":"FY20 ホリデー ボックス S","height":1200,"position":2,"src":"/media/export/cms/products/1200x1500/cl_sku_KKHH90_1200x1500_0.png","type":"image","width":1500}],"smoosh":null,"xl":null},"out_of_stock_threshold":null,"perlgem":{"SKU_BASE_ID":107877},"preorder_date":null,"prices":[{"currency":"JPY","exclude_tax":{"original_price":0,"original_price_formatted":"¥0","price":0,"price_formatted":"¥0","price_per_unit":null,"price_per_unit_formatted":""},"include_tax":{"original_price":0,"original_price_formatted":"¥0","price":0,"price_formatted":"¥0","price_per_unit":null,"price_per_unit_formatted":""},"is_discounted":false}],"purchase_limit":null,"replenishment":{"message":null},"reviews":{"average_rating":null,"number_of_questions":null,"number_of_reviews":null},"set_components":null,"shade_groups":null,"shades":null,"sizes":[{"key":1,"value":null}],"skin":{"tone":null,"type":null,"type_description":null},"sku_badge":null,"sku_badge_image":null,"sku_display_order":0,"sku_id":"KKHH90","sku_promo_messaging":null,"sku_type":"SE","sku_url":null,"tags":{"total":1,"items":[{"id":"1628","key":"サンプル","value":"サンプル"}]},"texture":null,"undertone":null,"unit_of_measure":null,"unit_size":null,"unit_size_formatted":null,"upc":"192333008058","vto":{"is_color_experience":null,"is_foundation_experience":null}}]},"sub_display_name":"FY20 ホリデー ボックス S","sub_header":null,"tags":{"total":1,"items":[{"id":"1628","key":"サンプル","parent_tag_id":null,"product_display_order":0,"value":"サンプル"}]},"usage":[{"content":null,"label":"PRODUCT USAGE","type":"product_usage"},{"content":null,"label":"HOW DOES IT WORK","type":"how_does_it_work"},{"content":null,"label":"WHO IT IS FOR","type":"who_it_is_for"},{"content":null,"label":"GREAT TO KNOW","type":"great_to_know"},{"content":null,"label":"WHAT_IT_DOES","type":"what_it_does"},{"content":null,"label":"WHAT_IT_IS","type":"what_it_is"}],"objectID":"69082"},{"benefit":{"statement":null,"benefits":null},"brand":null,"collection":null,"coverage":null,"cross_sell":null,"default_category":{"id":"16422","key":"セットギフト"},"description":"ニーズに合わせて組み合わせる、贅沢な乳液ケア「クリニークiD」から、<br>2つの限定セット登場。<br><br>まるで疲れ知らずの活きいきとした肌へ、オレンジの「スキン チャージ セット」。<br>タウリン配合*1のエネルギー*2カートリッジの保湿ジェルに、潤いのある目もとへ導く「アイ クリーム」、<br>ビタミンC*3配合の「パウダー洗顔料」をセットイン。<br><br>数量限定　好評発売中<br><br>クリニーク iD スキン チャージ セット 7,150円(本体6,500円)<br>＜セット内容＞<br>◎クリニーク iD(現品)  7,150円(本体6,500円)<br>ドラマティカリー  ディファレント ハイドレーティング  ジェリー (ジェル状保湿液) 115mL<br>＋ カートリッジ コンセントレート FT (エネルギー*2) 10mL<br>◯モイスチャー サージ 96 アイ コンセントレート (アイ クリーム) 5mL<br>◯フレッシュ プレスト C パウダー クレンザー(パウダー洗顔料) 0.5g×7包<br><br><small>○はギフトサイズ <br>※エイジングケアとは年齢に応じたお手入れのことです。※セットは数に限りがありますので、お早めに。＊1 整肌成分 ＊2カートリッジ名。潤いを与えエネルギーに満ち溢れるような印象に導く ＊3アスコルビン酸：製品の抗酸化剤 </small>","display_mode":null,"display_name":"クリニーク iD スキン チャージ セット","display_status":7,"finish":null,"form":null,"formula_type":null,"fragrance_family":null,"indexable_keywords":[{"value":"clid"},{"value":"eyecare"},{"value":"cleanser"},{"value":"set"}],"is_hazmat":false,"is_product_coming_soon":null,"is_product_displayable":true,"is_product_searchable":true,"is_product_shoppable":true,"is_product_sold_out":null,"is_product_temporarily_out_of_stock":null,"is_search_suppressed":null,"key_ingredient":null,"media":{"large":[{"alt":"クリニーク iD スキン チャージ セット","height":1200,"position":0,"src":"/media/export/cms/products/1200x1500/cl_prod_69095_1200x1500_0.png","type":"image","width":1500},{"alt":"クリニーク iD スキン チャージ セット","height":1200,"position":1,"src":"/media/export/cms/products/1200x1500/cl_prod_69095_1200x1500_1.png","type":"image","width":1500}],"medium":null,"poster":null,"small":[{"alt":"クリニーク iD スキン チャージ セット","height":1200,"position":2,"src":"/media/export/cms/products/1200x1500/cl_prod_69095_1200x1500_0.png","type":"image","width":1500},{"alt":"クリニーク iD スキン チャージ セット","height":1200,"position":3,"src":"/media/export/cms/products/1200x1500/cl_prod_69095_1200x1500_1.png","type":"image","width":1500}],"videos":[{"position":null,"poster":{"height":null,"src":null,"width":null},"provider":"YouTube","src":null},{"position":null,"poster":{"height":null,"src":null,"width":null},"provider":"YouTube","src":null},{"position":null,"poster":{"height":null,"src":null,"width":null},"provider":"YouTube","src":null}],"xl":null},"meta":{"description":null,"keywords":null},"parent_category":[{"id":"16422","value":"セット＆ギフト"},{"id":"1585","value":"Gift Center"}],"product_badge":null,"product_id":"69095","product_title_tag":null,"product_type":"Other","product_url":"/product/16422/69095/gift-center/id-/clinique-id-skin-charge-set","reviews":{"average_rating":null,"number_of_questions":null,"number_of_reviews":null},"shade_groups":null,"short_description":"ニーズに合わせて組み合わせる、贅沢な乳液ケア「クリニークiD」から、<br>2つの限定セット登場。<br><br>まるで疲れ知らずの活きいきとした肌へ、オレンジの「スキン チャージ セット」。<br>タウリン配合*1のエネルギー*2カートリッジの保湿ジェルに、潤いのある目もとへ導く「アイ クリーム」、<br>ビタミンC*3配合の「パウダー洗顔料」をセットイン。<br><br>数量限定　好評発売中<br><br>クリニーク iD スキン チャージ セット 7,150円(本体6,500円)<br>＜セット内容＞<br>◎クリニーク iD(現品)  7,150円(本体6,500円)<br>ドラマティカリー  ディファレント ハイドレーティング  ジェリー (ジェル状保湿液) 115mL<br>＋ カートリッジ コンセントレート FT (エネルギー*2) 10mL<br>◯モイスチャー サージ 96 アイ コンセントレート (アイ クリーム) 5mL<br>◯フレッシュ プレスト C パウダー クレンザー(パウダー洗顔料) 0.5g×7包<br><br><small>○はギフトサイズ <br>※エイジングケアとは年齢に応じたお手入れのことです。※セットは数に限りがありますので、お早めに。＊1 整肌成分 ＊2カートリッジ名。潤いを与えエネルギーに満ち溢れるような印象に導く ＊3アスコルビン酸：製品の抗酸化剤 </small>","skin":null,"skin_goal":null,"skus":{"total":1,"items":[{"color_family":null,"coverage_options":null,"cross_sell":null,"display_status":7,"finish":null,"finish_options":null,"fragrances":[{"family":null,"key":null,"value":null}],"iln_listing":null,"iln_version_number":null,"inventory_status":"Active","is_active":true,"is_coming_soon":null,"is_default_sku":false,"is_discountable":true,"is_displayable":null,"is_engravable":null,"is_fragrance":null,"is_giftable":null,"is_giftwrap":false,"is_inactive":null,"is_multi_shaded":null,"is_out_of_stock":null,"is_preorder":false,"is_preorderable":null,"is_promotional":null,"is_replenishable":false,"is_search_suppressed":null,"is_searchable":true,"is_shaded":null,"is_sized":null,"is_sold_out":null,"is_under_weight_hazmat":false,"is_vto_enabled":null,"life_of_product":"Limited life","material_code":"KK9RY90000","media":{"large":[{"alt":"クリニーク iD スキン チャージ セット","height":1200,"position":0,"src":"/media/export/cms/products/1200x1500/cl_sku_KK9RY9_1200x1500_0.png","type":"image","width":1500}],"medium":[{"alt":"クリニーク iD スキン チャージ セット","height":600,"position":1,"src":"/media/export/cms/products/600x750/cl_sku_KK9RY9_600x750_0.png","type":"image","width":750},{"alt":"クリニーク iD スキン チャージ セット","height":600,"position":2,"src":"/media/export/cms/products/600x750/cl_sku_KK9RY9_600x750_1.png","type":"image","width":750}],"model":null,"poster":null,"small":[{"alt":"クリニーク iD スキン チャージ セット","height":1200,"position":3,"src":"/media/export/cms/products/1200x1500/cl_sku_KK9RY9_1200x1500_0.png","type":"image","width":1500}],"smoosh":null,"xl":null},"out_of_stock_threshold":null,"perlgem":{"SKU_BASE_ID":107892},"preorder_date":null,"prices":[{"currency":"JPY","exclude_tax":{"original_price":6500,"original_price_formatted":"¥6,500","price":6500,"price_formatted":"¥6,500","price_per_unit":null,"price_per_unit_formatted":""},"include_tax":{"original_price":7150,"original_price_formatted":"¥7,150","price":7150,"price_formatted":"¥7,150","price_per_unit":null,"price_per_unit_formatted":""},"is_discounted":false}],"purchase_limit":null,"replenishment":{"message":null},"reviews":{"average_rating":null,"number_of_questions":null,"number_of_reviews":null},"set_components":null,"shade_groups":null,"shades":null,"sizes":[{"key":1,"value":null}],"skin":{"tone":null,"type":null,"type_description":null},"sku_badge":null,"sku_badge_image":null,"sku_display_order":0,"sku_id":"KK9RY9","sku_promo_messaging":null,"sku_type":"SE","sku_url":null,"tags":{"total":9,"items":[{"id":"13568","key":"gifts-under-50","value":"Gifts Under $50"},{"id":"1602","key":"セットギフト","value":"セット&ギフト"},{"id":"13566","key":"gift-sets","value":"Gift Sets"},{"id":"1685","key":"セットギフト","value":"セット＆ギフト"},{"id":"13563","key":"skin-care","value":"Skin Care"},{"id":"1667","key":"スキンケア","value":"スキンケア"},{"id":"13561","key":"holiday-2014","value":"Holiday 2014"},{"id":"16422","key":"セットギフト","value":"セット＆ギフト"},{"id":"19288","key":"スペシャルセール","value":"スペシャルセール"}]},"texture":null,"undertone":null,"unit_of_measure":null,"unit_size":null,"unit_size_formatted":null,"upc":"192333006245","vto":{"is_color_experience":null,"is_foundation_experience":null}}]},"sub_display_name":"クリニーク iD スキン チャージ セット","sub_header":null,"tags":{"total":9,"items":[{"id":"13568","key":"gifts-under-50","parent_tag_id":"13561","product_display_order":0,"value":"Gifts Under $50"},{"id":"1602","key":"セットギフト","parent_tag_id":"1600","product_display_order":30,"value":"セット&ギフト"},{"id":"13566","key":"gift-sets","parent_tag_id":"13561","product_display_order":14,"value":"Gift Sets"},{"id":"1685","key":"セットギフト","parent_tag_id":"1684","product_display_order":29,"value":"セット＆ギフト"},{"id":"13563","key":"skin-care","parent_tag_id":"13561","product_display_order":13,"value":"Skin Care"},{"id":"1667","key":"スキンケア","parent_tag_id":null,"product_display_order":0,"value":"スキンケア"},{"id":"13561","key":"holiday-2014","parent_tag_id":null,"product_display_order":0,"value":"Holiday 2014"},{"id":"16422","key":"セットギフト","parent_tag_id":"1585","product_display_order":26,"value":"セット＆ギフト"},{"id":"19288","key":"スペシャルセール","parent_tag_id":"1590","product_display_order":29,"value":"スペシャルセール"}]},"usage":[{"content":null,"label":"PRODUCT USAGE","type":"product_usage"},{"content":null,"label":"HOW DOES IT WORK","type":"how_does_it_work"},{"content":null,"label":"WHO IT IS FOR","type":"who_it_is_for"},{"content":null,"label":"GREAT TO KNOW","type":"great_to_know"},{"content":null,"label":"WHAT_IT_DOES","type":"what_it_does"},{"content":null,"label":"WHAT_IT_IS","type":"what_it_is"}],"objectID":"69095"},{"benefit":{"statement":null,"benefits":null},"brand":null,"collection":null,"coverage":null,"cross_sell":[{"sku_id":"62YL01","sort_key":1},{"sku_id":"65EL01","sort_key":2},{"sku_id":"6FMA01","sort_key":3}],"default_category":{"id":"1620","key":"ボディケア"},"description":"<P>ロールオンで手軽につけられる、ローションタイプの制汗剤。ワキの下の気になる汗やニオイを長時間抑えます。<BR>オール スキンタイプ</P><P>※製品パッケージは画像と異なる場合がございます。</P>","display_mode":null,"display_name":"アンティ パースパイラント<br>デオドラント ロールオン Ｎ＜医薬部外品＞","display_status":7,"finish":null,"form":null,"formula_type":null,"fragrance_family":null,"indexable_keywords":[{"value":"メンズ製品"},{"value":"メンズ"},{"value":"ボディケア"},{"value":"制汗剤"},{"value":"メンズコスメ"}],"is_hazmat":false,"is_product_coming_soon":null,"is_product_displayable":true,"is_product_searchable":true,"is_product_shoppable":true,"is_product_sold_out":null,"is_product_temporarily_out_of_stock":null,"is_search_suppressed":null,"key_ingredient":null,"media":{"large":null,"medium":null,"poster":null,"small":null,"videos":[{"position":null,"poster":{"height":null,"src":null,"width":null},"provider":null,"src":null},{"position":null,"poster":{"height":null,"src":null,"width":null},"provider":null,"src":null},{"position":null,"poster":{"height":null,"src":null,"width":null},"provider":null,"src":null}],"xl":null},"meta":{"description":null,"keywords":null},"parent_category":[{"id":"1620","value":"ボディケア"},{"id":"1609","value":"メンズ"}],"product_badge":null,"product_id":"6933","product_title_tag":null,"product_type":"Other","product_url":"/product/1620/6933/-n/antiperspirant-deodorant-roll-on-for-men","reviews":{"average_rating":null,"number_of_questions":null,"number_of_reviews":null},"shade_groups":null,"short_description":"<P>ワキの下の汗とニオイを長時間防ぐ制汗剤。＜医薬部外品＞<BR>オール スキンタイプ</P><P>※製品パッケージは画像と異なる場合がございます。<BR></P>","skin":null,"skin_goal":null,"skus":{"total":1,"items":[{"color_family":null,"coverage_options":null,"cross_sell":null,"display_status":7,"finish":null,"finish_options":null,"fragrances":[{"family":null,"key":null,"value":null}],"iln_listing":"アルミニウムヒドロキシクロリド液（５０％）*、精製水、ポリオキシエチレンステアリルエーテル、ポリオキシプロピレンステアリルエーテル、エデト酸塩、塩化ミリスチルジメチルベンジルアンモニウム、塩化ラウリルジメチル（エチルベンジル）アンモニウム液、ジブチルヒドロキシトルエン、パラベン、ソルビン酸<QDILN0010>　*は有効成分　無印はその他の成分","iln_version_number":null,"inventory_status":"Active","is_active":true,"is_coming_soon":null,"is_default_sku":false,"is_discountable":true,"is_displayable":null,"is_engravable":null,"is_fragrance":null,"is_giftable":null,"is_giftwrap":false,"is_inactive":null,"is_multi_shaded":null,"is_out_of_stock":null,"is_preorder":false,"is_preorderable":null,"is_promotional":null,"is_replenishable":false,"is_search_suppressed":null,"is_searchable":true,"is_shaded":null,"is_sized":null,"is_sold_out":null,"is_under_weight_hazmat":false,"is_vto_enabled":null,"life_of_product":"Basic Reorder","material_code":"67T1011000","media":{"large":[{"alt":"アンティ パースパイラント<br>デオドラント ロールオン Ｎ＜医薬部外品＞","height":1200,"position":0,"src":"/media/export/cms/products/1200x1500/cl_sku_67T101_1200x1500_0.png","type":"image","width":1500}],"medium":[{"alt":"アンティ パースパイラント<br>デオドラント ロールオン Ｎ＜医薬部外品＞","height":600,"position":1,"src":"/media/export/cms/products/600x750/cl_sku_67T101_600x750_0.png","type":"image","width":750}],"model":null,"poster":null,"small":[{"alt":"アンティ パースパイラント<br>デオドラント ロールオン Ｎ＜医薬部外品＞","height":1200,"position":2,"src":"/media/export/cms/products/1200x1500/cl_sku_67T101_1200x1500_0.png","type":"image","width":1500}],"smoosh":null,"xl":null},"out_of_stock_threshold":null,"perlgem":{"SKU_BASE_ID":15742},"preorder_date":null,"prices":[{"currency":"JPY","exclude_tax":{"original_price":2200,"original_price_formatted":"¥2,200","price":2200,"price_formatted":"¥2,200","price_per_unit":null,"price_per_unit_formatted":""},"include_tax":{"original_price":2420,"original_price_formatted":"¥2,420","price":2420,"price_formatted":"¥2,420","price_per_unit":null,"price_per_unit_formatted":""},"is_discounted":false}],"purchase_limit":null,"replenishment":{"message":null},"reviews":{"average_rating":null,"number_of_questions":null,"number_of_reviews":null},"set_components":null,"shade_groups":null,"shades":null,"sizes":[{"key":1,"value":"75ml"}],"skin":{"tone":null,"type":null,"type_description":null},"sku_badge":null,"sku_badge_image":null,"sku_display_order":0,"sku_id":"67T101","sku_promo_messaging":null,"sku_type":"SE","sku_url":null,"tags":{"total":6,"items":[{"id":"1618","key":"メンズセットギフト","value":"メンズセット＆ギフト"},{"id":"1621","key":"grooming","value":"Grooming"},{"id":"1686","key":"ボディケア","value":"ボディケア"},{"id":"1660","key":"ボディケア","value":"ボディケア　"},{"id":"1620","key":"ボディケア","value":"ボディケア"},{"id":"1619","key":"セットギフト","value":"セット＆ギフト"}]},"texture":null,"undertone":null,"unit_of_measure":null,"unit_size":null,"unit_size_formatted":null,"upc":"020714131173","vto":{"is_color_experience":null,"is_foundation_experience":null}}]},"sub_display_name":"アンティ パースパイラント<br>デオドラント ロールオン Ｎ＜医薬部外品＞","sub_header":null,"tags":{"total":6,"items":[{"id":"1618","key":"メンズセットギフト","parent_tag_id":"1609","product_display_order":17,"value":"メンズセット＆ギフト"},{"id":"1621","key":"grooming","parent_tag_id":"1620","product_display_order":1,"value":"Grooming"},{"id":"1686","key":"ボディケア","parent_tag_id":"1667","product_display_order":12,"value":"ボディケア"},{"id":"1660","key":"ボディケア","parent_tag_id":"1659","product_display_order":11,"value":"ボディケア　"},{"id":"1620","key":"ボディケア","parent_tag_id":"1609","product_display_order":0,"value":"ボディケア"},{"id":"1619","key":"セットギフト","parent_tag_id":"1618","product_display_order":3,"value":"セット＆ギフト"}]},"usage":[{"content":"乾いた清潔な肌に適量使います。衣服はローションが乾いてから着てください。","label":"PRODUCT USAGE","type":"product_usage"},{"content":null,"label":"HOW DOES IT WORK","type":"how_does_it_work"},{"content":null,"label":"WHO IT IS FOR","type":"who_it_is_for"},{"content":null,"label":"GREAT TO KNOW","type":"great_to_know"},{"content":null,"label":"WHAT_IT_DOES","type":"what_it_does"},{"content":null,"label":"WHAT_IT_IS","type":"what_it_is"}],"objectID":"6933"},{"benefit":{"statement":null,"benefits":null},"brand":null,"collection":null,"coverage":null,"cross_sell":null,"default_category":{"id":"14706","key":"スペシャルケア"},"description":"２つのリペア<font size=\"1\">*1</font>でアプローチ。<br>エイジングサイン<font size=\"1\">*2</font>に気づく瞬間は、未来の美しさを掴むチャンス。<br>そこで、革新的<font size=\"1\">*3</font>な２つのアプローチ。<br><br>輪郭や首もとには、混合ペプチド<font size=\"1\">*4</font>とアーモンドエキス<font size=\"1\">*5</font>がキュッと引き締まった肌印象へと導く「リペア クリーム S」。<br><br>乾燥による小ジワやキメの乱れが気になる頬や口もとには、リッチに潤し、パンッとハリのある弾力肌を叶える、３種のヒアルロン酸Na配合の「リペア クリーム V<font size=\"1\">*6</font>」。<br><br>さらに、より徹底したエイジングケア<font size=\"1\">*7</font>のためには、SとV、２つのリペアがひとつになった「リペア クリームDuo」。<br><br>お悩みパーツに合わせて、２つのリペア クリームを巧みに使い分け、理想の肌印象へ。<br><br><font size=\"2\">クリニークは皮膚科医発祥のブランド。アレルギーテスト済み＊8パラベン(防腐剤)、フタル酸エステル、香料不使用＊9</font><br><br><font size=\"1\">＊1リペアとは、フレッシュ プレスト MD リペア クリームの略称　＊2 乾燥、キメの乱れ、ハリ不足など ＊3 クリニーク内　＊4アセチルヘキサペプチド-8、アセチルオクタペプチド-3 ：肌を引き締める成分　＊5肌を引き締める成分＊5 乾燥による小ジワを目立たなくするクリーム（効能評価試験済み）＊6 年齢に応じたお手入れ　＊7ただし、すべての方にアレルギーが起きないというわけではありません ＊8クリニーク ハッピー製品を除く</font>","display_mode":null,"display_name":"フレッシュ プレスト MD リペア クリーム Duo","display_status":7,"finish":null,"form":null,"formula_type":null,"fragrance_family":null,"indexable_keywords":null,"is_hazmat":false,"is_product_coming_soon":null,"is_product_displayable":true,"is_product_searchable":true,"is_product_shoppable":true,"is_product_sold_out":null,"is_product_temporarily_out_of_stock":null,"is_search_suppressed":null,"key_ingredient":null,"media":{"large":null,"medium":null,"poster":null,"small":null,"videos":[{"position":null,"poster":{"height":null,"src":null,"width":null},"provider":null,"src":null},{"position":null,"poster":{"height":null,"src":null,"width":null},"provider":null,"src":null},{"position":null,"poster":{"height":null,"src":null,"width":null},"provider":null,"src":null}],"xl":null},"meta":{"description":null,"keywords":null},"parent_category":[{"id":"14706","value":"スペシャルケア"},{"id":"1667","value":"スキンケア"}],"product_badge":null,"product_id":"70184","product_title_tag":null,"product_type":"Other","product_url":"/product/14706/70184/-md--duo/fresh-pressed-md-repair-cream-duo","reviews":{"average_rating":null,"number_of_questions":null,"number_of_reviews":null},"shade_groups":null,"short_description":"２つのリペア<font size=\"1\">*1</font>でアプローチ。<br>エイジングサイン<font size=\"1\">*2</font>に気づく瞬間は、未来の美しさを掴むチャンス。<br>そこで、革新的<font size=\"1\">*3</font>な２つのアプローチ。<br><br>輪郭や首もとには、混合ペプチド<font size=\"1\">*4</font>とアーモンドエキス<font size=\"1\">*5</font>がキュッと引き締まった肌印象へと導く「リペア クリーム S」。<br><br>乾燥による小ジワやキメの乱れが気になる頬や口もとには、リッチに潤し、パンッとハリのある弾力肌を叶える、３種のヒアルロン酸Na配合の「リペア クリーム V<font size=\"1\">*6</font>」。<br><br>さらに、より徹底したエイジングケア<font size=\"1\">*7</font>のためには、SとV、２つのリペアがひとつになった「リペア クリームDuo」。<br><br>お悩みパーツに合わせて、２つのリペア クリームを巧みに使い分け、理想の肌印象へ。<br><br><font size=\"2\">クリニークは皮膚科医発祥のブランド。アレルギーテスト済み＊8パラベン(防腐剤)、フタル酸エステル、香料不使用＊9</font><br><br><font size=\"1\">＊1リペアとは、フレッシュ プレスト MD リペア クリームの略称　＊2 乾燥、キメの乱れ、ハリ不足など ＊3 クリニーク内　＊4アセチルヘキサペプチド-8、アセチルオクタペプチド-3 ：肌を引き締める成分　＊5肌を引き締める成分＊5 乾燥による小ジワを目立たなくするクリーム（効能評価試験済み）＊6 年齢に応じたお手入れ　＊7ただし、すべての方にアレルギーが起きないというわけではありません ＊8クリニーク ハッピー製品を除く</font>","skin":null,"skin_goal":null,"skus":{"total":1,"items":[{"color_family":null,"coverage_options":null,"cross_sell":null,"display_status":7,"finish":null,"finish_options":null,"fragrances":[{"family":null,"key":null,"value":null}],"iln_listing":null,"iln_version_number":null,"inventory_status":"Active","is_active":true,"is_coming_soon":null,"is_default_sku":false,"is_discountable":true,"is_displayable":null,"is_engravable":null,"is_fragrance":null,"is_giftable":null,"is_giftwrap":false,"is_inactive":null,"is_multi_shaded":null,"is_out_of_stock":null,"is_preorder":false,"is_preorderable":null,"is_promotional":null,"is_replenishable":false,"is_search_suppressed":null,"is_searchable":true,"is_shaded":null,"is_sized":null,"is_sold_out":null,"is_under_weight_hazmat":false,"is_vto_enabled":null,"life_of_product":"Basic Reorder","material_code":"KHFG010000","media":{"large":[{"alt":"フレッシュ プレスト MD リペア クリーム Duo","height":1200,"position":0,"src":"/media/export/cms/products/1200x1500/cl_sku_KHFG01_1200x1500_0.png","type":"image","width":1500}],"medium":[{"alt":"フレッシュ プレスト MD リペア クリーム Duo","height":600,"position":1,"src":"/media/export/cms/products/600x750/cl_sku_KHFG01_600x750_0.png","type":"image","width":750}],"model":null,"poster":null,"small":[{"alt":"フレッシュ プレスト MD リペア クリーム Duo","height":1200,"position":2,"src":"/media/export/cms/products/1200x1500/cl_sku_KHFG01_1200x1500_0.png","type":"image","width":1500}],"smoosh":null,"xl":null},"out_of_stock_threshold":null,"perlgem":{"SKU_BASE_ID":109397},"preorder_date":null,"prices":[{"currency":"JPY","exclude_tax":{"original_price":10000,"original_price_formatted":"¥10,000","price":10000,"price_formatted":"¥10,000","price_per_unit":null,"price_per_unit_formatted":""},"include_tax":{"original_price":11000,"original_price_formatted":"¥11,000","price":11000,"price_formatted":"¥11,000","price_per_unit":null,"price_per_unit_formatted":""},"is_discounted":false}],"purchase_limit":null,"replenishment":{"message":null},"reviews":{"average_rating":null,"number_of_questions":null,"number_of_reviews":null},"set_components":null,"shade_groups":null,"shades":null,"sizes":[{"key":1,"value":"50mL"}],"skin":{"tone":null,"type":null,"type_description":null},"sku_badge":null,"sku_badge_image":null,"sku_display_order":1,"sku_id":"KHFG01","sku_promo_messaging":null,"sku_type":"SE","sku_url":null,"tags":{"total":10,"items":[{"id":"13304","key":"スペシャルケア","value":"スペシャルケア"},{"id":"28314","key":"エイジングケアクリームセット","value":"エイジングケアクリームセット"},{"id":"14706","key":"スペシャルケア","value":"スペシャルケア"},{"id":"16741","key":"blackheads","value":"Blackheads"},{"id":"1674","key":"ディ-エイジング","value":"ディ-エイジング"},{"id":"1667","key":"スキンケア","value":"スキンケア"},{"id":"13302","key":"クリーム","value":"クリーム"},{"id":"19570","key":"おすすめ製品","value":"おすすめ製品"},{"id":"18919","key":"fresh-pressed","value":"Fresh Pressed"},{"id":"13301","key":"乳液クリーム","value":"乳液・クリーム"}]},"texture":null,"undertone":null,"unit_of_measure":null,"unit_size":null,"unit_size_formatted":null,"upc":"020714985622","vto":{"is_color_experience":null,"is_foundation_experience":null}}]},"sub_display_name":"フレッシュ プレスト MD リペア クリーム Duo","sub_header":null,"tags":{"total":10,"items":[{"id":"13304","key":"スペシャルケア","parent_tag_id":"1667","product_display_order":6,"value":"スペシャルケア"},{"id":"28314","key":"エイジングケアクリームセット","parent_tag_id":"1667","product_display_order":0,"value":"エイジングケアクリームセット"},{"id":"14706","key":"スペシャルケア","parent_tag_id":"1667","product_display_order":1,"value":"スペシャルケア"},{"id":"16741","key":"blackheads","parent_tag_id":"1667","product_display_order":1,"value":"Blackheads"},{"id":"1674","key":"ディ-エイジング","parent_tag_id":"1667","product_display_order":0,"value":"ディ-エイジング"},{"id":"1667","key":"スキンケア","parent_tag_id":null,"product_display_order":42,"value":"スキンケア"},{"id":"13302","key":"クリーム","parent_tag_id":"1667","product_display_order":6,"value":"クリーム"},{"id":"19570","key":"おすすめ製品","parent_tag_id":"1000020","product_display_order":27,"value":"おすすめ製品"},{"id":"18919","key":"fresh-pressed","parent_tag_id":"1667","product_display_order":0,"value":"Fresh Pressed"},{"id":"13301","key":"乳液クリーム","parent_tag_id":"1667","product_display_order":3,"value":"乳液・クリーム"}]},"usage":[{"content":null,"label":"PRODUCT USAGE","type":"product_usage"},{"content":null,"label":"HOW DOES IT WORK","type":"how_does_it_work"},{"content":null,"label":"WHO IT IS FOR","type":"who_it_is_for"},{"content":null,"label":"GREAT TO KNOW","type":"great_to_know"},{"content":null,"label":"WHAT_IT_DOES","type":"what_it_does"},{"content":null,"label":"WHAT_IT_IS","type":"what_it_is"}],"objectID":"70184"},{"benefit":{"statement":null,"benefits":null},"brand":null,"collection":null,"coverage":null,"cross_sell":null,"default_category":{"id":"14706","key":"スペシャルケア"},"description":"エイジングサイン<font size=\"1\">*1</font>に気づく瞬間は、未来の美しさを掴むチャンス。<br><br>輪郭や首もとには、混合ペプチド<font size=\"1\">*2</font>とアーモンドエキス<font size=\"1\">*3</font>がキュッと引き締まった肌印象へと導く「リペア クリーム S」。<br><br>エイジングサインは、人それぞれ違うから。これからはあなたの手で、スマートにカスタムケア。<br><br></font><br><br><font size=\"1\">＊1 乾燥、キメの乱れ、ハリ不足など　＊2アセチルヘキサペプチド-8、アセチルオクタペプチド-3 ：肌を引き締める成分　＊3肌を引き締める成分</font>","display_mode":null,"display_name":"フレッシュ プレスト MD リペア クリーム S","display_status":7,"finish":null,"form":null,"formula_type":null,"fragrance_family":null,"indexable_keywords":null,"is_hazmat":false,"is_product_coming_soon":null,"is_product_displayable":true,"is_product_searchable":true,"is_product_shoppable":true,"is_product_sold_out":null,"is_product_temporarily_out_of_stock":null,"is_search_suppressed":null,"key_ingredient":null,"media":{"large":null,"medium":null,"poster":null,"small":null,"videos":[{"position":null,"poster":{"height":null,"src":null,"width":null},"provider":null,"src":null},{"position":null,"poster":{"height":null,"src":null,"width":null},"provider":null,"src":null},{"position":null,"poster":{"height":null,"src":null,"width":null},"provider":null,"src":null}],"xl":null},"meta":{"description":null,"keywords":null},"parent_category":[{"id":"14706","value":"スペシャルケア"},{"id":"1667","value":"スキンケア"}],"product_badge":null,"product_id":"70263","product_title_tag":null,"product_type":"Other","product_url":"/product/14706/70263/-md--s/fresh-pressed-md-repair-cream-s","reviews":{"average_rating":null,"number_of_questions":null,"number_of_reviews":null},"shade_groups":null,"short_description":"エイジングサイン<font size=\"1\">*1</font>に気づく瞬間は、未来の美しさを掴むチャンス。<br><br>輪郭や首もとには、混合ペプチド<font size=\"1\">*2</font>とアーモンドエキス<font size=\"1\">*3</font>がキュッと引き締まった肌印象へと導く「リペア クリーム S」。<br><br>エイジングサインは、人それぞれ違うから。これからはあなたの手で、スマートにカスタムケア。<br><br></font><br><br><font size=\"1\">＊1 乾燥、キメの乱れ、ハリ不足など　＊2アセチルヘキサペプチド-8、アセチルオクタペプチド-3 ：肌を引き締める成分　＊3肌を引き締める成分</font>","skin":null,"skin_goal":null,"skus":{"total":1,"items":[{"color_family":null,"coverage_options":null,"cross_sell":null,"display_status":7,"finish":null,"finish_options":null,"fragrances":[{"family":null,"key":null,"value":null}],"iln_listing":"水・グリセリン・カプリリルメチコン・ＢＧ・変性アルコール・ジメチコン・イソドデカン・ＰＥＧ－１０ジメチコン・ＰＥＧ－１５０・ＤＰＧ・ホホバエステル・ラウリルＰＥＧ－９ポリジメチルシロキシエチルジメチコン・ジステアルジモニウムヘクトライト・ホエイタンパク（牛乳）・酢酸トコフェロール・アセチルグルコサミン・乳酸・メタリン酸Ｎａ・ツクシメナモミエキス・フィタントリオール・カフェイン・クエン酸Ｎａ・リノール酸・水酸化Ｎａ・ダイズ種子エキス・クエン酸・炭酸プロピレン・メンタンジオール・ツボクサエキス・ヒドロキシプロピルメチルセルロース・オレイン酸・プルラン・カルボマー・リノレン酸・ポリクオタニウム－５１・ポリソルベート２０・イタドリ根エキス・バクガ液汁・アーモンドエキス・アセチルカルニチンＨＣｌ・アデノシンリン酸・クレアチン・塩化Ｃａ・デカルボキシカルノシンＨＣｌ・ヒアルロン酸Ｎａ・シーウィップエキス・ポルフィリジウムクルエンタムエキス・ジ酢酸ジペプチドジアミノブチロイルベンジルアミド・カプリリルグリコール・アセチルヘキサペプチド－８・サッカロミセス溶解質エキス・ダイズタンパク・テトラヘキシルデカン酸アスコルビル・コレステロール・エチルヘキシルグリセリン・ジカプリル酸ＰＧ・パルミトイルトリペプチド－１・アセチルオクタペプチド－３・エルゴチオネイン・コレステロール（羊毛）・キサンタンガム・アボカド油・パルミトイルテトラペプチド－７・メロン果実エキス・硫酸Ｋ・シメチコン・酵母エキス・フェノキシエタノール・ソルビン酸Ｋ<JILN9523>","iln_version_number":"JILN9523","inventory_status":"Active","is_active":true,"is_coming_soon":null,"is_default_sku":false,"is_discountable":true,"is_displayable":null,"is_engravable":null,"is_fragrance":null,"is_giftable":null,"is_giftwrap":false,"is_inactive":null,"is_multi_shaded":null,"is_out_of_stock":null,"is_preorder":false,"is_preorderable":null,"is_promotional":null,"is_replenishable":false,"is_search_suppressed":null,"is_searchable":true,"is_shaded":null,"is_sized":null,"is_sold_out":null,"is_under_weight_hazmat":false,"is_vto_enabled":null,"life_of_product":"Basic Reorder","material_code":"KHFE010000","media":{"large":[{"alt":"フレッシュ プレスト MD リペア クリーム S","height":1200,"position":0,"src":"/media/export/cms/products/1200x1500/cl_sku_KHFE01_1200x1500_0.png","type":"image","width":1500}],"medium":[{"alt":"フレッシュ プレスト MD リペア クリーム S","height":600,"position":1,"src":"/media/export/cms/products/600x750/cl_sku_KHFE01_600x750_0.png","type":"image","width":750}],"model":null,"poster":null,"small":[{"alt":"フレッシュ プレスト MD リペア クリーム S","height":1200,"position":2,"src":"/media/export/cms/products/1200x1500/cl_sku_KHFE01_1200x1500_0.png","type":"image","width":1500}],"smoosh":null,"xl":null},"out_of_stock_threshold":null,"perlgem":{"SKU_BASE_ID":109498},"preorder_date":null,"prices":[{"currency":"JPY","exclude_tax":{"original_price":10000,"original_price_formatted":"¥10,000","price":10000,"price_formatted":"¥10,000","price_per_unit":null,"price_per_unit_formatted":""},"include_tax":{"original_price":11000,"original_price_formatted":"¥11,000","price":11000,"price_formatted":"¥11,000","price_per_unit":null,"price_per_unit_formatted":""},"is_discounted":false}],"purchase_limit":null,"replenishment":{"message":null},"reviews":{"average_rating":null,"number_of_questions":null,"number_of_reviews":null},"set_components":null,"shade_groups":null,"shades":null,"sizes":[{"key":1,"value":"50mL"}],"skin":{"tone":null,"type":null,"type_description":null},"sku_badge":null,"sku_badge_image":null,"sku_display_order":1,"sku_id":"KHFE01","sku_promo_messaging":null,"sku_type":"SE","sku_url":null,"tags":{"total":10,"items":[{"id":"1674","key":"ディ-エイジング","value":"ディ-エイジング"},{"id":"14706","key":"スペシャルケア","value":"スペシャルケア"},{"id":"13304","key":"スペシャルケア","value":"スペシャルケア"},{"id":"18919","key":"fresh-pressed","value":"Fresh Pressed"},{"id":"28314","key":"エイジングケアクリームセット","value":"エイジングケアクリームセット"},{"id":"1667","key":"スキンケア","value":"スキンケア"},{"id":"19570","key":"おすすめ製品","value":"おすすめ製品"},{"id":"13302","key":"クリーム","value":"クリーム"},{"id":"13301","key":"乳液クリーム","value":"乳液・クリーム"},{"id":"16741","key":"blackheads","value":"Blackheads"}]},"texture":null,"undertone":null,"unit_of_measure":null,"unit_size":null,"unit_size_formatted":null,"upc":"020714985608","vto":{"is_color_experience":null,"is_foundation_experience":null}}]},"sub_display_name":"フレッシュ プレスト MD リペア クリーム S","sub_header":null,"tags":{"total":10,"items":[{"id":"1674","key":"ディ-エイジング","parent_tag_id":"1667","product_display_order":1,"value":"ディ-エイジング"},{"id":"14706","key":"スペシャルケア","parent_tag_id":"1667","product_display_order":2,"value":"スペシャルケア"},{"id":"13304","key":"スペシャルケア","parent_tag_id":"1667","product_display_order":5,"value":"スペシャルケア"},{"id":"18919","key":"fresh-pressed","parent_tag_id":"1667","product_display_order":0,"value":"Fresh Pressed"},{"id":"28314","key":"エイジングケアクリームセット","parent_tag_id":"1667","product_display_order":1,"value":"エイジングケアクリームセット"},{"id":"1667","key":"スキンケア","parent_tag_id":null,"product_display_order":7,"value":"スキンケア"},{"id":"19570","key":"おすすめ製品","parent_tag_id":"1000020","product_display_order":28,"value":"おすすめ製品"},{"id":"13302","key":"クリーム","parent_tag_id":"1667","product_display_order":10,"value":"クリーム"},{"id":"13301","key":"乳液クリーム","parent_tag_id":"1667","product_display_order":4,"value":"乳液・クリーム"},{"id":"16741","key":"blackheads","parent_tag_id":"1667","product_display_order":2,"value":"Blackheads"}]},"usage":[{"content":null,"label":"PRODUCT USAGE","type":"product_usage"},{"content":null,"label":"HOW DOES IT WORK","type":"how_does_it_work"},{"content":null,"label":"WHO IT IS FOR","type":"who_it_is_for"},{"content":null,"label":"GREAT TO KNOW","type":"great_to_know"},{"content":null,"label":"WHAT_IT_DOES","type":"what_it_does"},{"content":null,"label":"WHAT_IT_IS","type":"what_it_is"}],"objectID":"70263"},{"benefit":{"statement":null,"benefits":null},"brand":null,"collection":null,"coverage":null,"cross_sell":null,"default_category":{"id":"23355","key":"cliniqueid"},"description":"◎保湿(モイスチャー ベース)ドラマティカリー ディファレント モイスチャライジング トーンアップ ジェル (乳液) すべてのスキンタイプ用","display_mode":null,"display_name":"クリニークiD ドラマティカリー ディファレント モイスチャライジング トーンアップ ジェル","display_status":7,"finish":null,"form":null,"formula_type":null,"fragrance_family":null,"indexable_keywords":null,"is_hazmat":false,"is_product_coming_soon":null,"is_product_displayable":true,"is_product_searchable":true,"is_product_shoppable":true,"is_product_sold_out":null,"is_product_temporarily_out_of_stock":null,"is_search_suppressed":null,"key_ingredient":null,"media":{"large":null,"medium":null,"poster":null,"small":null,"videos":[{"position":null,"poster":{"height":null,"src":null,"width":null},"provider":"YouTube","src":null},{"position":null,"poster":{"height":null,"src":null,"width":null},"provider":"YouTube","src":null},{"position":null,"poster":{"height":null,"src":null,"width":null},"provider":"YouTube","src":null}],"xl":null},"meta":{"description":null,"keywords":null},"parent_category":[{"id":"23355","value":"CliniqueiD"},{"id":"1667","value":"スキンケア"}],"product_badge":null,"product_id":"70310","product_title_tag":null,"product_type":"Other","product_url":"/product/23355/70310/cliniqueid/id--/clinique-id-tone-up-gel-moisturizer","reviews":{"average_rating":null,"number_of_questions":null,"number_of_reviews":null},"shade_groups":null,"short_description":"<div><b>◎保湿(モイスチャー ベース)</b>ドラマティカリー ディファレント モイスチャライジング トーンアップ ジェル (乳液) すべてのスキンタイプ用</div>","skin":null,"skin_goal":null,"skus":{"total":1,"items":[{"color_family":null,"coverage_options":null,"cross_sell":null,"display_status":7,"finish":null,"finish_options":null,"fragrances":[{"family":null,"key":null,"value":null}],"iln_listing":"水・ジメチコン・イソドデカン・ＢＧ・グリセリン・酸化チタン・ビスＰＥＧ－１８メチルエーテルジメチルシラン・（アクリロイルジメチルタウリンアンモニウム／ＶＰ）コポリマー・合成金雲母・酢酸トコフェロール・トレハロース・オレス－１０・カプリリルグリコール・シリカ・ポリシリコーン－１１・（アクリレーツ／メタクリル酸アンモニウム）コポリマー・カルボマー・トロメタミン・カフェイン・ジカプリン酸ＰＧ・ヒアルロン酸Ｎａ・ヒマワリ油粕・ＥＤＴＡ－２Ｎａ・ヘキシレングリコール・酸化鉄・ラウレス－２３・酢酸セルロース・水酸化Ａｌ・ラウレス－４・乳酸桿菌発酵液・ステアリン酸ＰＧ・酸化スズ・オオムギ種子エキス・ステアリン酸Ｍｇ・イタドリ根エキス・赤２２６・キュウリ果実エキス・カラフトコンブエキス・黄４・赤５０４・サッカロミセス溶解質エキス・赤２２７・フェノキシエタノール・ソルビン酸Ｋ<JILN009878>","iln_version_number":"JILN009878","inventory_status":"Active","is_active":true,"is_coming_soon":null,"is_default_sku":false,"is_discountable":true,"is_displayable":null,"is_engravable":null,"is_fragrance":null,"is_giftable":null,"is_giftwrap":false,"is_inactive":null,"is_multi_shaded":null,"is_out_of_stock":null,"is_preorder":false,"is_preorderable":null,"is_promotional":null,"is_replenishable":false,"is_search_suppressed":null,"is_searchable":true,"is_shaded":null,"is_sized":null,"is_sold_out":null,"is_under_weight_hazmat":false,"is_vto_enabled":null,"life_of_product":"Basic Reorder","material_code":"KMNX010000","media":{"large":[{"alt":"クリニークiD ドラマティカリー ディファレント モイスチャライジング トーンアップ ジェル","height":1200,"position":0,"src":"/media/export/cms/products/1200x1500/cl_sku_KMNX01_1200x1500_0.png","type":"image","width":1500}],"medium":[{"alt":"クリニークiD ドラマティカリー ディファレント モイスチャライジング トーンアップ ジェル","height":600,"position":1,"src":"/media/export/cms/products/600x750/cl_sku_KMNX01_600x750_0.png","type":"image","width":750}],"model":null,"poster":null,"small":[{"alt":"クリニークiD ドラマティカリー ディファレント モイスチャライジング トーンアップ ジェル","height":1200,"position":2,"src":"/media/export/cms/products/1200x1500/cl_sku_KMNX01_1200x1500_0.png","type":"image","width":1500}],"smoosh":null,"xl":null},"out_of_stock_threshold":null,"perlgem":{"SKU_BASE_ID":109544},"preorder_date":null,"prices":[{"currency":"JPY","exclude_tax":{"original_price":4800,"original_price_formatted":"¥4,800","price":4800,"price_formatted":"¥4,800","price_per_unit":null,"price_per_unit_formatted":""},"include_tax":{"original_price":5280,"original_price_formatted":"¥5,280","price":5280,"price_formatted":"¥5,280","price_per_unit":null,"price_per_unit_formatted":""},"is_discounted":false}],"purchase_limit":null,"replenishment":{"message":null},"reviews":{"average_rating":null,"number_of_questions":null,"number_of_reviews":null},"set_components":null,"shade_groups":null,"shades":null,"sizes":[{"key":1,"value":"115ml"}],"skin":{"tone":null,"type":null,"type_description":null},"sku_badge":null,"sku_badge_image":null,"sku_display_order":0,"sku_id":"KMNX01","sku_promo_messaging":null,"sku_type":"SE","sku_url":null,"tags":{"total":1,"items":[{"id":"23355","key":"cliniqueid","value":"CliniqueiD"}]},"texture":null,"undertone":null,"unit_of_measure":null,"unit_size":null,"unit_size_formatted":null,"upc":"192333024966","vto":{"is_color_experience":null,"is_foundation_experience":null}}]},"sub_display_name":"クリニークiD ドラマティカリー ディファレント モイスチャライジング トーンアップ ジェル","sub_header":null,"tags":{"total":1,"items":[{"id":"23355","key":"cliniqueid","parent_tag_id":"1667","product_display_order":12,"value":"CliniqueiD"}]},"usage":[{"content":null,"label":"PRODUCT USAGE","type":"product_usage"},{"content":null,"label":"HOW DOES IT WORK","type":"how_does_it_work"},{"content":null,"label":"WHO IT IS FOR","type":"who_it_is_for"},{"content":null,"label":"GREAT TO KNOW","type":"great_to_know"},{"content":null,"label":"WHAT_IT_DOES","type":"what_it_does"},{"content":null,"label":"WHAT_IT_IS","type":"what_it_is"}],"objectID":"70310"},{"benefit":{"statement":null,"benefits":null},"brand":null,"collection":[{"key":"dramatically-dif-collection","value":"dramatically_dif_collection"}],"coverage":null,"cross_sell":null,"default_category":{"id":"13301","key":"乳液クリーム"},"description":"新・乳液ケアで咲く。<br>センシティブな肌をポジティブに。<br><br>あふれる潤いで満たしながら、今の自分の肌に必要な美容成分＊1をプラス。<br>誰でも簡単にカスタマイズできる乳液ケア「クリニーク iD」から、<br>待望の「敏感肌ケア カートリッジ」が誕生。<br><br>欲しかったのは、すこやかな美しさ。<br>日本由来の桜ファーメント*2が、潤いを与えて肌のモイスチャーバリアをサポート。<br>桜の強さで、現代女性の繊細な肌を整えて、さまざまな環境ストレスや季節の変わり目に負けない、すこやかで、しなやかな肌へ。<br><br><font size=\"1\">※ベースとカートリッジのセット販売のみ<br>＊１美容整肌成分　＊２サトザクラ花エキス、酒粕エキス(整肌成分)</font>","display_mode":null,"display_name":"＜敏感肌ケア＞カートリッジ コンセントレート　RS","display_status":7,"finish":null,"form":[{"key":"gel-form","value":"gel_form"},{"key":"lotion-form","value":"lotion_form"},{"key":"watery-form","value":"watery_form"}],"formula_type":null,"fragrance_family":null,"indexable_keywords":[{"value":"Clinique iD"},{"value":"クリニークiD"},{"value":"乳液"},{"value":"スキンケア"},{"value":"clid"}],"is_hazmat":false,"is_product_coming_soon":null,"is_product_displayable":true,"is_product_searchable":true,"is_product_shoppable":true,"is_product_sold_out":null,"is_product_temporarily_out_of_stock":null,"is_search_suppressed":null,"key_ingredient":null,"media":{"large":[{"alt":"＜敏感肌ケア＞カートリッジ コンセントレート　RS","height":1200,"position":0,"src":"/media/export/cms/products/1200x1500/cl_prod_70313_1200x1500_0.png","type":"image","width":1500},{"alt":"＜敏感肌ケア＞カートリッジ コンセントレート　RS","height":1200,"position":1,"src":"/media/export/cms/products/1200x1500/cl_prod_70313_1200x1500_1.png","type":"image","width":1500},{"alt":"＜敏感肌ケア＞カートリッジ コンセントレート　RS","height":1200,"position":2,"src":"/media/export/cms/products/1200x1500/cl_prod_70313_1200x1500_2.png","type":"image","width":1500}],"medium":null,"poster":null,"small":[{"alt":"＜敏感肌ケア＞カートリッジ コンセントレート　RS","height":1200,"position":3,"src":"/media/export/cms/products/1200x1500/cl_prod_70313_1200x1500_0.png","type":"image","width":1500},{"alt":"＜敏感肌ケア＞カートリッジ コンセントレート　RS","height":1200,"position":4,"src":"/media/export/cms/products/1200x1500/cl_prod_70313_1200x1500_1.png","type":"image","width":1500},{"alt":"＜敏感肌ケア＞カートリッジ コンセントレート　RS","height":1200,"position":5,"src":"/media/export/cms/products/1200x1500/cl_prod_70313_1200x1500_2.png","type":"image","width":1500}],"videos":[{"position":null,"poster":{"height":null,"src":null,"width":null},"provider":"YouTube","src":null},{"position":null,"poster":{"height":null,"src":null,"width":null},"provider":"YouTube","src":null},{"position":null,"poster":{"height":null,"src":null,"width":null},"provider":"YouTube","src":null}],"xl":null},"meta":{"description":null,"keywords":null},"parent_category":[{"id":"13301","value":"乳液・クリーム"},{"id":"1667","value":"スキンケア"}],"product_badge":null,"product_id":"70313","product_title_tag":null,"product_type":"Other","product_url":"/product/13301/70313/-rs/clinique-id-sakura-cartridge","reviews":{"average_rating":null,"number_of_questions":null,"number_of_reviews":null},"shade_groups":null,"short_description":"新・乳液ケアで咲く。<br>センシティブな肌をポジティブに。<br><br>あふれる潤いで満たしながら、今の自分の肌に必要な美容成分＊1をプラス。<br>誰でも簡単にカスタマイズできる乳液ケア「クリニーク iD」から、<br>待望の「敏感肌ケア カートリッジ」が誕生。<br><br>欲しかったのは、すこやかな美しさ。<br>日本由来の桜ファーメント*2が、潤いを与えて肌のモイスチャーバリアをサポート。<br>桜の強さで、現代女性の繊細な肌を整えて、さまざまな環境ストレスや季節の変わり目に負けない、すこやかで、しなやかな肌へ。<br><br><font size=\"1\">※ベースとカートリッジのセット販売のみ<br>＊１美容整肌成分　＊２サトザクラ花エキス、酒粕エキス(整肌成分)</font>","skin":null,"skin_goal":null,"skus":{"total":1,"items":[{"color_family":null,"coverage_options":null,"cross_sell":null,"display_status":7,"finish":null,"finish_options":null,"fragrances":[{"family":null,"key":null,"value":null}],"iln_listing":"水・ＢＧ・ペンチレングリコール・カフェイン・乳酸桿菌発酵液・カプリリルグリコール・キサンタンガム・コメヌカエキス・タウリン・ＥＤＴＡ－２Ｎａ・チャ葉エキス・酒粕エキス・サトザクラ花エキス・赤２２７・赤５０４・フェノキシエタノール<JILN009684>","iln_version_number":"JILN009684","inventory_status":"Active","is_active":true,"is_coming_soon":null,"is_default_sku":false,"is_discountable":true,"is_displayable":null,"is_engravable":null,"is_fragrance":null,"is_giftable":null,"is_giftwrap":false,"is_inactive":null,"is_multi_shaded":null,"is_out_of_stock":null,"is_preorder":false,"is_preorderable":null,"is_promotional":null,"is_replenishable":false,"is_search_suppressed":null,"is_searchable":true,"is_shaded":null,"is_sized":null,"is_sold_out":null,"is_under_weight_hazmat":false,"is_vto_enabled":null,"life_of_product":"Basic Reorder","material_code":"KLNN010000","media":{"large":[{"alt":"＜敏感肌ケア＞カートリッジ コンセントレート　RS","height":1200,"position":0,"src":"/media/export/cms/products/1200x1500/cl_sku_KLNN01_1200x1500_0.png","type":"image","width":1500}],"medium":[{"alt":"＜敏感肌ケア＞カートリッジ コンセントレート　RS","height":600,"position":1,"src":"/media/export/cms/products/600x750/cl_sku_KLNN01_600x750_0.png","type":"image","width":750}],"model":null,"poster":null,"small":[{"alt":"＜敏感肌ケア＞カートリッジ コンセントレート　RS","height":1200,"position":2,"src":"/media/export/cms/products/1200x1500/cl_sku_KLNN01_1200x1500_0.png","type":"image","width":1500}],"smoosh":null,"xl":null},"out_of_stock_threshold":null,"perlgem":{"SKU_BASE_ID":109547},"preorder_date":null,"prices":[{"currency":"JPY","exclude_tax":{"original_price":1700,"original_price_formatted":"¥1,700","price":1700,"price_formatted":"¥1,700","price_per_unit":null,"price_per_unit_formatted":""},"include_tax":{"original_price":1870,"original_price_formatted":"¥1,870","price":1870,"price_formatted":"¥1,870","price_per_unit":null,"price_per_unit_formatted":""},"is_discounted":false}],"purchase_limit":null,"replenishment":{"message":null},"reviews":{"average_rating":null,"number_of_questions":null,"number_of_reviews":null},"set_components":null,"shade_groups":null,"shades":null,"sizes":[{"key":1,"value":"10mL"}],"skin":{"tone":null,"type":null,"type_description":null},"sku_badge":null,"sku_badge_image":null,"sku_display_order":0,"sku_id":"KLNN01","sku_promo_messaging":null,"sku_type":"SE","sku_url":null,"tags":{"total":11,"items":[{"id":"23355","key":"cliniqueid","value":"CliniqueiD"},{"id":"1687","key":"乾燥","value":"乾燥"},{"id":"14706","key":"スペシャルケア","value":"スペシャルケア"},{"id":"25415","key":"cliniqueid","value":"CliniqueiD"},{"id":"13304","key":"スペシャルケア","value":"スペシャルケア"},{"id":"27174","key":"day7flashsale","value":"Day7FlashSale"},{"id":"13301","key":"乳液クリーム","value":"乳液・クリーム"},{"id":"27168","key":"day1flashsale","value":"Day1FlashSale"},{"id":"1667","key":"スキンケア","value":"スキンケア"},{"id":"1574","key":"ステップ３潤す","value":"ステップ３：潤す"},{"id":"25564","key":"cliniqueids","value":"cliniqueIds"}]},"texture":null,"undertone":null,"unit_of_measure":null,"unit_size":10,"unit_size_formatted":null,"upc":"192333017128","vto":{"is_color_experience":null,"is_foundation_experience":null}}]},"sub_display_name":"＜敏感肌ケア＞カートリッジ コンセントレート　RS","sub_header":null,"tags":{"total":11,"items":[{"id":"23355","key":"cliniqueid","parent_tag_id":"1667","product_display_order":11,"value":"CliniqueiD"},{"id":"1687","key":"乾燥","parent_tag_id":"1667","product_display_order":53,"value":"乾燥"},{"id":"14706","key":"スペシャルケア","parent_tag_id":"1667","product_display_order":35,"value":"スペシャルケア"},{"id":"25415","key":"cliniqueid","parent_tag_id":"1687","product_display_order":0,"value":"CliniqueiD"},{"id":"13304","key":"スペシャルケア","parent_tag_id":"1667","product_display_order":3,"value":"スペシャルケア"},{"id":"27174","key":"day7flashsale","parent_tag_id":"1590","product_display_order":0,"value":"Day7FlashSale"},{"id":"13301","key":"乳液クリーム","parent_tag_id":"1667","product_display_order":9,"value":"乳液・クリーム"},{"id":"27168","key":"day1flashsale","parent_tag_id":"1590","product_display_order":0,"value":"Day1FlashSale"},{"id":"1667","key":"スキンケア","parent_tag_id":null,"product_display_order":0,"value":"スキンケア"},{"id":"1574","key":"ステップ３潤す","parent_tag_id":"1570","product_display_order":1,"value":"ステップ３：潤す"},{"id":"25564","key":"cliniqueids","parent_tag_id":null,"product_display_order":0,"value":"cliniqueIds"}]},"usage":[{"content":null,"label":"PRODUCT USAGE","type":"product_usage"},{"content":null,"label":"HOW DOES IT WORK","type":"how_does_it_work"},{"content":null,"label":"WHO IT IS FOR","type":"who_it_is_for"},{"content":null,"label":"GREAT TO KNOW","type":"great_to_know"},{"content":null,"label":"WHAT_IT_DOES","type":"what_it_does"},{"content":null,"label":"WHAT_IT_IS","type":"what_it_is"}],"objectID":"70313"},{"benefit":{"statement":null,"benefits":null},"brand":null,"collection":null,"coverage":null,"cross_sell":null,"default_category":{"id":"13659","key":"トライアルサイズ"},"description":"<span style=\"color: #f547b2\">Mini's製品をご購入で次回ご利用可能な500円クーポン*プレゼント！<br>さらにMini's2品以上のご購入で送料無料。</span><br><br>皮膚科学から生まれた「クリニーク」の<br>人気スキンケア製品がミニサイズになって登場！<br><br>肌タイプに合わせて選べるロングセラーの「乳液」シリーズ、<br>みずみずしく潤いを与える「保湿ジェルクリーム」、<br>バームからオイルに変化する「バーム状クレンジング」。<br>ミニサイズだから、手軽＆気軽に。あなたのクリニーク体験をスタートさせて。<br><br>オンライン限定発売 <br>ドラマティカリー ディファレント オイルフリー ジェル (ジェル状乳液) 30mL 2,750円(本体2,500円)<br><br><small>*ご購入の製品と一緒にクーポンをお届けいたします。<br>*クーポンコードの使用期限はお届けから30日となります。<br>*おひとり様1回限りご利用が可能です。<br>*クーポンは公式オンラインショップのみでご使用いただけます。（百貨店店舗ではご利用いただけません）</small>","display_mode":null,"display_name":"ドラマティカリー ディファレント オイルフリー ジェル (ミニズ)","display_status":7,"finish":null,"form":null,"formula_type":null,"fragrance_family":null,"indexable_keywords":null,"is_hazmat":false,"is_product_coming_soon":null,"is_product_displayable":true,"is_product_searchable":true,"is_product_shoppable":true,"is_product_sold_out":null,"is_product_temporarily_out_of_stock":null,"is_search_suppressed":null,"key_ingredient":null,"media":{"large":null,"medium":null,"poster":null,"small":null,"videos":[{"position":null,"poster":{"height":null,"src":null,"width":null},"provider":"YouTube","src":null},{"position":null,"poster":{"height":null,"src":null,"width":null},"provider":"YouTube","src":null},{"position":null,"poster":{"height":null,"src":null,"width":null},"provider":"YouTube","src":null}],"xl":null},"meta":{"description":null,"keywords":null},"parent_category":[{"id":"13659","value":"トライアルサイズ"},{"id":"1667","value":"スキンケア"}],"product_badge":null,"product_id":"70453","product_title_tag":null,"product_type":"Other","product_url":"/product/13659/70453/-/dramatically-different-oil-free-gel-minis","reviews":{"average_rating":null,"number_of_questions":null,"number_of_reviews":null},"shade_groups":null,"short_description":"<span style=\"color: #f547b2\">Mini's製品をご購入で次回ご利用可能な500円クーポン*プレゼント！<br>さらにMini's2品以上のご購入で送料無料。</span><br><br>皮膚科学から生まれた「クリニーク」の<br>人気スキンケア製品がミニサイズになって登場！<br><br>肌タイプに合わせて選べるロングセラーの「乳液」シリーズ、<br>みずみずしく潤いを与える「保湿ジェルクリーム」、<br>バームからオイルに変化する「バーム状クレンジング」。<br>ミニサイズだから、手軽＆気軽に。あなたのクリニーク体験をスタートさせて。<br><br>オンライン限定発売 <br>ドラマティカリー ディファレント オイルフリー ジェル (ジェル状乳液) 30mL 2,750円(本体2,500円)<br><br><small>*ご購入の製品と一緒にクーポンをお届けいたします。<br>*クーポンコードの使用期限はお届けから30日となります。<br>*おひとり様1回限りご利用が可能です。<br>*クーポンは公式オンラインショップのみでご使用いただけます。（百貨店店舗ではご利用いただけません）</small>","skin":null,"skin_goal":null,"skus":{"total":1,"items":[{"color_family":null,"coverage_options":null,"cross_sell":null,"display_status":7,"finish":null,"finish_options":null,"fragrances":[{"family":null,"key":null,"value":null}],"iln_listing":"水・ジメチコン・イソドデカン・ＢＧ・ビスＰＥＧ－１８メチルエーテルジメチルシラン・グリセリン・シリカ・（アクリロイルジメチルタウリンアンモニウム／ＶＰ）コポリマー・オレス－１０・カプリリルグリコール・ポリシリコーン－１１・トレハロース・トロメタミン・酢酸トコフェロール・カルボマー・カフェイン・ジカプリン酸ＰＧ・ヒマワリ油粕・ＥＤＴＡ－２Ｎａ・ヒアルロン酸Ｎａ・ヘキシレングリコール・ラウレス－２３・ラウレス－４・乳酸桿菌発酵液・オオムギ種子エキス・イタドリ根エキス・キュウリ果実エキス・カラフトコンブエキス・黄４・サッカロミセス溶解質エキス・黄５・赤５０４・フェノキシエタノール・ソルビン酸Ｋ<JILN9032>","iln_version_number":"JILN9032","inventory_status":"Active","is_active":true,"is_coming_soon":null,"is_default_sku":false,"is_discountable":true,"is_displayable":null,"is_engravable":null,"is_fragrance":null,"is_giftable":null,"is_giftwrap":false,"is_inactive":null,"is_multi_shaded":null,"is_out_of_stock":null,"is_preorder":false,"is_preorderable":null,"is_promotional":null,"is_replenishable":false,"is_search_suppressed":null,"is_searchable":true,"is_shaded":null,"is_sized":null,"is_sold_out":null,"is_under_weight_hazmat":false,"is_vto_enabled":null,"life_of_product":"Limited life","material_code":"KJG7010000","media":{"large":[{"alt":"ドラマティカリー ディファレント オイルフリー ジェル (ミニズ)","height":1200,"position":0,"src":"/media/export/cms/products/1200x1500/cl_sku_KJG701_1200x1500_0.png","type":"image","width":1500}],"medium":[{"alt":"ドラマティカリー ディファレント オイルフリー ジェル (ミニズ)","height":600,"position":1,"src":"/media/export/cms/products/600x750/cl_sku_KJG701_600x750_0.png","type":"image","width":750}],"model":null,"poster":null,"small":[{"alt":"ドラマティカリー ディファレント オイルフリー ジェル (ミニズ)","height":1200,"position":2,"src":"/media/export/cms/products/1200x1500/cl_sku_KJG701_1200x1500_0.png","type":"image","width":1500}],"smoosh":null,"xl":null},"out_of_stock_threshold":null,"perlgem":{"SKU_BASE_ID":109649},"preorder_date":null,"prices":[{"currency":"JPY","exclude_tax":{"original_price":2500,"original_price_formatted":"¥2,500","price":2500,"price_formatted":"¥2,500","price_per_unit":null,"price_per_unit_formatted":""},"include_tax":{"original_price":2750,"original_price_formatted":"¥2,750","price":2750,"price_formatted":"¥2,750","price_per_unit":null,"price_per_unit_formatted":""},"is_discounted":false}],"purchase_limit":null,"replenishment":{"message":null},"reviews":{"average_rating":null,"number_of_questions":null,"number_of_reviews":null},"set_components":null,"shade_groups":null,"shades":null,"sizes":[{"key":1,"value":"29g"}],"skin":{"tone":null,"type":null,"type_description":null},"sku_badge":null,"sku_badge_image":null,"sku_display_order":0,"sku_id":"KJG701","sku_promo_messaging":null,"sku_type":"SE","sku_url":null,"tags":{"total":2,"items":[{"id":"1685","key":"セットギフト","value":"セット＆ギフト"},{"id":"13659","key":"トライアルサイズ","value":"トライアルサイズ"}]},"texture":null,"undertone":null,"unit_of_measure":null,"unit_size":null,"unit_size_formatted":null,"upc":"020714999933","vto":{"is_color_experience":null,"is_foundation_experience":null}}]},"sub_display_name":"ドラマティカリー ディファレント オイルフリー ジェル (ミニズ)","sub_header":null,"tags":{"total":2,"items":[{"id":"1685","key":"セットギフト","parent_tag_id":"1684","product_display_order":57,"value":"セット＆ギフト"},{"id":"13659","key":"トライアルサイズ","parent_tag_id":"1667","product_display_order":3,"value":"トライアルサイズ"}]},"usage":[{"content":null,"label":"PRODUCT USAGE","type":"product_usage"},{"content":null,"label":"HOW DOES IT WORK","type":"how_does_it_work"},{"content":null,"label":"WHO IT IS FOR","type":"who_it_is_for"},{"content":null,"label":"GREAT TO KNOW","type":"great_to_know"},{"content":null,"label":"WHAT_IT_DOES","type":"what_it_does"},{"content":null,"label":"WHAT_IT_IS","type":"what_it_is"}],"objectID":"70453"},{"benefit":{"statement":null,"benefits":null},"brand":null,"collection":null,"coverage":null,"cross_sell":null,"default_category":{"id":"14706","key":"スペシャルケア"},"description":"エイジングサイン<font size=\"1\">*1</font>に気づく瞬間は、未来の美しさを掴むチャンス。<br><br>乾燥による小ジワやキメの乱れが気になる頬や口もとには、リッチに潤し、パンッとハリのある弾力肌を叶える、３種のヒアルロン酸Na配合の「リペア クリーム V<font size=\"1\">*2</font>」。<br>エイジングサインは、人それぞれ違うから。<br>これからはあなたの手で、スマートにカスタムケア。<br><br></font><br><br><font size=\"1\">＊1 乾燥、キメの乱れ、ハリ不足など＊2乾燥による小ジワを目立たなくするクリーム（効能評価試験済み）</font>","display_mode":null,"display_name":"フレッシュ プレスト MD リペア クリーム V","display_status":7,"finish":null,"form":null,"formula_type":null,"fragrance_family":null,"indexable_keywords":null,"is_hazmat":false,"is_product_coming_soon":null,"is_product_displayable":true,"is_product_searchable":true,"is_product_shoppable":true,"is_product_sold_out":null,"is_product_temporarily_out_of_stock":null,"is_search_suppressed":null,"key_ingredient":null,"media":{"large":null,"medium":null,"poster":null,"small":null,"videos":[{"position":null,"poster":{"height":null,"src":null,"width":null},"provider":null,"src":null},{"position":null,"poster":{"height":null,"src":null,"width":null},"provider":null,"src":null},{"position":null,"poster":{"height":null,"src":null,"width":null},"provider":null,"src":null}],"xl":null},"meta":{"description":null,"keywords":null},"parent_category":[{"id":"14706","value":"スペシャルケア"},{"id":"1667","value":"スキンケア"}],"product_badge":null,"product_id":"70487","product_title_tag":null,"product_type":"Other","product_url":"/product/14706/70487/-md--v/fresh-pressed-md-repair-cream-v","reviews":{"average_rating":null,"number_of_questions":null,"number_of_reviews":null},"shade_groups":null,"short_description":"エイジングサイン<font size=\"1\">*1</font>に気づく瞬間は、未来の美しさを掴むチャンス。<br><br>乾燥による小ジワやキメの乱れが気になる頬や口もとには、リッチに潤し、パンッとハリのある弾力肌を叶える、３種のヒアルロン酸Na配合の「リペア クリーム V<font size=\"1\">*2</font>」。<br>エイジングサインは、人それぞれ違うから。<br>これからはあなたの手で、スマートにカスタムケア。<br><br></font><br><br><font size=\"1\">＊1 乾燥、キメの乱れ、ハリ不足など＊2乾燥による小ジワを目立たなくするクリーム（効能評価試験済み）</font>","skin":null,"skin_goal":null,"skus":{"total":1,"items":[{"color_family":null,"coverage_options":null,"cross_sell":null,"display_status":7,"finish":null,"finish_options":null,"fragrances":[{"family":null,"key":null,"value":null}],"iln_listing":"水・ＢＧ・シア脂・水添ポリイソブテン・フェニルトリメチコン・セテアリルアルコール・セテアリルグルコシド・スクロース・グリセリン・ステアリン酸ＰＥＧ－１００・ネオペンタン酸イソステアリル・セチルエステルズ・ポリグリセリル－３ミツロウ・（ＨＤＩ／トリメチロールヘキシルラクトン）クロスポリマー・アセチルグルコサミン・ポリブテン・ポリメタクリル酸メチル・（サッカロミセス／キシリヌム）／紅茶発酵物・セスキステアリン酸メチルグルコース・ポリシリコーン－１１・ホエイタンパク（牛乳）・酢酸トコフェロール・ステアリン酸・ＡＭＰ・カルボマー・カプリリルグリコール・１，２－ヘキサンジオール・ヒドロキシエチルウレア・ツクシメナモミエキス・ロイシン・カフェイン・イソロイシン・ＥＤＴＡ－２Ｎａ・ジメチコン・ヒアルロン酸Ｎａ・メンタンジオール・クレアチン・アセチルカルニチンＨＣｌ・アデノシンリン酸・リノール酸・酵母エキス・レシチン・リン酸アスコルビルアミノプロピル・シリカ・ベニバナセンブリエキス・リンゴエキス・オレイン酸・塩化Ｃａ・ヒドロキシエチルセルロース・加水分解ダイズタンパク・ダイズアミノ酸・リノレン酸・クエン酸Ｎａ・ミクロコッカス溶解液・クエン酸・ダイズタンパク・ジ酢酸ジペプチドジアミノブチロイルベンジルアミド・紫４０１・赤２２７・キサンタンガム・アセチルヘキサペプチド－８・アセチルオクタペプチド－３・エルゴチオネイン・ビオチン・フェノキシエタノール・デヒドロ酢酸Ｎａ・ソルビン酸Ｋ・安息香酸Ｎａ<JILN9522>","iln_version_number":"JILN9522","inventory_status":"Active","is_active":true,"is_coming_soon":null,"is_default_sku":false,"is_discountable":true,"is_displayable":null,"is_engravable":null,"is_fragrance":null,"is_giftable":null,"is_giftwrap":false,"is_inactive":null,"is_multi_shaded":null,"is_out_of_stock":null,"is_preorder":false,"is_preorderable":null,"is_promotional":null,"is_replenishable":false,"is_search_suppressed":null,"is_searchable":true,"is_shaded":null,"is_sized":null,"is_sold_out":null,"is_under_weight_hazmat":false,"is_vto_enabled":null,"life_of_product":"Basic Reorder","material_code":"KHFF016000","media":{"large":[{"alt":"フレッシュ プレスト MD リペア クリーム V","height":1200,"position":0,"src":"/media/export/cms/products/1200x1500/cl_sku_KHFF01_1200x1500_0.png","type":"image","width":1500}],"medium":[{"alt":"フレッシュ プレスト MD リペア クリーム V","height":600,"position":1,"src":"/media/export/cms/products/600x750/cl_sku_KHFF01_600x750_0.png","type":"image","width":750}],"model":null,"poster":null,"small":[{"alt":"フレッシュ プレスト MD リペア クリーム V","height":1200,"position":2,"src":"/media/export/cms/products/1200x1500/cl_sku_KHFF01_1200x1500_0.png","type":"image","width":1500}],"smoosh":null,"xl":null},"out_of_stock_threshold":null,"perlgem":{"SKU_BASE_ID":109697},"preorder_date":null,"prices":[{"currency":"JPY","exclude_tax":{"original_price":10000,"original_price_formatted":"¥10,000","price":10000,"price_formatted":"¥10,000","price_per_unit":null,"price_per_unit_formatted":""},"include_tax":{"original_price":11000,"original_price_formatted":"¥11,000","price":11000,"price_formatted":"¥11,000","price_per_unit":null,"price_per_unit_formatted":""},"is_discounted":false}],"purchase_limit":null,"replenishment":{"message":null},"reviews":{"average_rating":null,"number_of_questions":null,"number_of_reviews":null},"set_components":null,"shade_groups":null,"shades":null,"sizes":[{"key":1,"value":"50mL"}],"skin":{"tone":null,"type":null,"type_description":null},"sku_badge":null,"sku_badge_image":null,"sku_display_order":1,"sku_id":"KHFF01","sku_promo_messaging":null,"sku_type":"SE","sku_url":null,"tags":{"total":10,"items":[{"id":"13302","key":"クリーム","value":"クリーム"},{"id":"28314","key":"エイジングケアクリームセット","value":"エイジングケアクリームセット"},{"id":"16741","key":"blackheads","value":"Blackheads"},{"id":"1674","key":"ディ-エイジング","value":"ディ-エイジング"},{"id":"19570","key":"おすすめ製品","value":"おすすめ製品"},{"id":"13301","key":"乳液クリーム","value":"乳液・クリーム"},{"id":"18919","key":"fresh-pressed","value":"Fresh Pressed"},{"id":"13304","key":"スペシャルケア","value":"スペシャルケア"},{"id":"14706","key":"スペシャルケア","value":"スペシャルケア"},{"id":"1667","key":"スキンケア","value":"スキンケア"}]},"texture":null,"undertone":null,"unit_of_measure":null,"unit_size":null,"unit_size_formatted":null,"upc":"020714985615","vto":{"is_color_experience":null,"is_foundation_experience":null}}]},"sub_display_name":"フレッシュ プレスト MD リペア クリーム V","sub_header":null,"tags":{"total":10,"items":[{"id":"13302","key":"クリーム","parent_tag_id":"1667","product_display_order":12,"value":"クリーム"},{"id":"28314","key":"エイジングケアクリームセット","parent_tag_id":"1667","product_display_order":2,"value":"エイジングケアクリームセット"},{"id":"16741","key":"blackheads","parent_tag_id":"1667","product_display_order":3,"value":"Blackheads"},{"id":"1674","key":"ディ-エイジング","parent_tag_id":"1667","product_display_order":2,"value":"ディ-エイジング"},{"id":"19570","key":"おすすめ製品","parent_tag_id":"1000020","product_display_order":29,"value":"おすすめ製品"},{"id":"13301","key":"乳液クリーム","parent_tag_id":"1667","product_display_order":5,"value":"乳液・クリーム"},{"id":"18919","key":"fresh-pressed","parent_tag_id":"1667","product_display_order":0,"value":"Fresh Pressed"},{"id":"13304","key":"スペシャルケア","parent_tag_id":"1667","product_display_order":4,"value":"スペシャルケア"},{"id":"14706","key":"スペシャルケア","parent_tag_id":"1667","product_display_order":3,"value":"スペシャルケア"},{"id":"1667","key":"スキンケア","parent_tag_id":null,"product_display_order":44,"value":"スキンケア"}]},"usage":[{"content":null,"label":"PRODUCT USAGE","type":"product_usage"},{"content":null,"label":"HOW DOES IT WORK","type":"how_does_it_work"},{"content":null,"label":"WHO IT IS FOR","type":"who_it_is_for"},{"content":null,"label":"GREAT TO KNOW","type":"great_to_know"},{"content":null,"label":"WHAT_IT_DOES","type":"what_it_does"},{"content":null,"label":"WHAT_IT_IS","type":"what_it_is"}],"objectID":"70487"},{"benefit":{"statement":null,"benefits":null},"brand":null,"collection":null,"coverage":null,"cross_sell":null,"default_category":{"id":"13301","key":"乳液クリーム"},"description":"<span style=\"color: #f547b2\">Mini's製品をご購入で次回ご利用可能な500円クーポン*プレゼント！<br>さらにMini's2品以上のご購入で送料無料。</span><br><br>皮膚科学から生まれた「クリニーク」の<br>人気スキンケア製品がミニサイズになって登場！<br><br>肌タイプに合わせて選べるロングセラーの「乳液」シリーズ、<br>みずみずしく潤いを与える「保湿ジェルクリーム」、<br>バームからオイルに変化する「バーム状クレンジング」。<br>ミニサイズだから、手軽＆気軽に。あなたのクリニーク体験をスタートさせて。<br><br>9月25日(金) オンライン限定発売<br> クリニーク ミニズ<br>ドラマティカリー ディファレント モイスチャライジング ローション プラス (乳液) 30mL 2,750円(本体2,500円)<br><br><small>*ご購入の製品と一緒にクーポンをお届けいたします。<br>*クーポンコードの使用期限はお届けから30日となります。<br>*おひとり様1回限りご利用が可能です。<br>*クーポンは公式オンラインショップのみでご使用いただけます。（百貨店店舗ではご利用いただけません）</small>","display_mode":null,"display_name":"ドラマティカリー ディファレント モイスチャライジング ローション プラス(ミニズ)","display_status":7,"finish":null,"form":null,"formula_type":null,"fragrance_family":null,"indexable_keywords":null,"is_hazmat":false,"is_product_coming_soon":null,"is_product_displayable":true,"is_product_searchable":true,"is_product_shoppable":true,"is_product_sold_out":null,"is_product_temporarily_out_of_stock":null,"is_search_suppressed":null,"key_ingredient":null,"media":{"large":null,"medium":null,"poster":null,"small":null,"videos":[{"position":null,"poster":{"height":null,"src":null,"width":null},"provider":"YouTube","src":null},{"position":null,"poster":{"height":null,"src":null,"width":null},"provider":"YouTube","src":null},{"position":null,"poster":{"height":null,"src":null,"width":null},"provider":"YouTube","src":null}],"xl":null},"meta":{"description":null,"keywords":null},"parent_category":[{"id":"13301","value":"乳液・クリーム"},{"id":"1667","value":"スキンケア"}],"product_badge":null,"product_id":"70707","product_title_tag":null,"product_type":"Other","product_url":"/product/13301/70707/-/dramatically-different-moisturizing-lotion","reviews":{"average_rating":null,"number_of_questions":null,"number_of_reviews":null},"shade_groups":null,"short_description":"<span style=\"color: #f547b2\">Mini's製品をご購入で次回ご利用可能な500円クーポン*プレゼント！<br>さらにMini's2品以上のご購入で送料無料。</span><br><br>皮膚科学から生まれた「クリニーク」の<br>人気スキンケア製品がミニサイズになって登場！<br><br>肌タイプに合わせて選べるロングセラーの「乳液」シリーズ、<br>みずみずしく潤いを与える「保湿ジェルクリーム」、<br>バームからオイルに変化する「バーム状クレンジング」。<br>ミニサイズだから、手軽＆気軽に。あなたのクリニーク体験をスタートさせて。<br><br>9月25日(金) オンライン限定発売<br> クリニーク ミニズ<br>ドラマティカリー ディファレント モイスチャライジング ローション プラス (乳液) 30mL 2,750円(本体2,500円)<br><br><small>*ご購入の製品と一緒にクーポンをお届けいたします。<br>*クーポンコードの使用期限はお届けから30日となります。<br>*おひとり様1回限りご利用が可能です。<br>*クーポンは公式オンラインショップのみでご使用いただけます。（百貨店店舗ではご利用いただけません）</small>","skin":null,"skin_goal":null,"skus":{"total":1,"items":[{"color_family":null,"coverage_options":null,"cross_sell":null,"display_status":7,"finish":null,"finish_options":null,"fragrances":[{"family":null,"key":null,"value":null}],"iln_listing":"水・ミネラルオイル・グリセリン・ワセリン・ステアリン酸・ステアリン酸グリセリル・ゴマ油・尿素・ＴＥＡ・コレステロール・ペンチレングリコール・ジカプリン酸ＰＧ・ヒマワリ油粕・ＥＤＴＡ－３Ｎａ・ＢＧ・ヒアルロン酸Ｎａ・オオムギ種子エキス・キュウリ果実エキス・黄４・黄５・赤２２７・フェノキシエタノール<JILN6631>","iln_version_number":"JILN6631","inventory_status":"Active","is_active":true,"is_coming_soon":null,"is_default_sku":false,"is_discountable":true,"is_displayable":null,"is_engravable":null,"is_fragrance":null,"is_giftable":null,"is_giftwrap":false,"is_inactive":null,"is_multi_shaded":null,"is_out_of_stock":null,"is_preorder":false,"is_preorderable":null,"is_promotional":null,"is_replenishable":false,"is_search_suppressed":null,"is_searchable":true,"is_shaded":null,"is_sized":null,"is_sold_out":null,"is_under_weight_hazmat":false,"is_vto_enabled":null,"life_of_product":"Limited life","material_code":"KK7K016000","media":{"large":[{"alt":"ドラマティカリー ディファレント モイスチャライジング ローション プラス(ミニズ)","height":1200,"position":0,"src":"/media/export/cms/products/1200x1500/cl_sku_KK7K01_1200x1500_0.png","type":"image","width":1500}],"medium":[{"alt":"ドラマティカリー ディファレント モイスチャライジング ローション プラス(ミニズ)","height":600,"position":1,"src":"/media/export/cms/products/600x750/cl_sku_KK7K01_600x750_0.png","type":"image","width":750}],"model":null,"poster":null,"small":[{"alt":"ドラマティカリー ディファレント モイスチャライジング ローション プラス(ミニズ)","height":1200,"position":2,"src":"/media/export/cms/products/1200x1500/cl_sku_KK7K01_1200x1500_0.png","type":"image","width":1500}],"smoosh":null,"xl":null},"out_of_stock_threshold":null,"perlgem":{"SKU_BASE_ID":109927},"preorder_date":null,"prices":[{"currency":"JPY","exclude_tax":{"original_price":2500,"original_price_formatted":"¥2,500","price":2500,"price_formatted":"¥2,500","price_per_unit":null,"price_per_unit_formatted":""},"include_tax":{"original_price":2750,"original_price_formatted":"¥2,750","price":2750,"price_formatted":"¥2,750","price_per_unit":null,"price_per_unit_formatted":""},"is_discounted":false}],"purchase_limit":null,"replenishment":{"message":null},"reviews":{"average_rating":null,"number_of_questions":null,"number_of_reviews":null},"set_components":null,"shade_groups":null,"shades":null,"sizes":[{"key":1,"value":"28g"}],"skin":{"tone":null,"type":null,"type_description":null},"sku_badge":null,"sku_badge_image":null,"sku_display_order":0,"sku_id":"KK7K01","sku_promo_messaging":null,"sku_type":"SE","sku_url":null,"tags":{"total":3,"items":[{"id":"13301","key":"乳液クリーム","value":"乳液・クリーム"},{"id":"1685","key":"セットギフト","value":"セット＆ギフト"},{"id":"13659","key":"トライアルサイズ","value":"トライアルサイズ"}]},"texture":null,"undertone":null,"unit_of_measure":null,"unit_size":null,"unit_size_formatted":null,"upc":"192333005651","vto":{"is_color_experience":null,"is_foundation_experience":null}}]},"sub_display_name":"ドラマティカリー ディファレント モイスチャライジング ローション プラス(ミニズ)","sub_header":null,"tags":{"total":3,"items":[{"id":"13301","key":"乳液クリーム","parent_tag_id":"1667","product_display_order":16,"value":"乳液・クリーム"},{"id":"1685","key":"セットギフト","parent_tag_id":"1684","product_display_order":28,"value":"セット＆ギフト"},{"id":"13659","key":"トライアルサイズ","parent_tag_id":"1667","product_display_order":2,"value":"トライアルサイズ"}]},"usage":[{"content":null,"label":"PRODUCT USAGE","type":"product_usage"},{"content":null,"label":"HOW DOES IT WORK","type":"how_does_it_work"},{"content":null,"label":"WHO IT IS FOR","type":"who_it_is_for"},{"content":null,"label":"GREAT TO KNOW","type":"great_to_know"},{"content":null,"label":"WHAT_IT_DOES","type":"what_it_does"},{"content":null,"label":"WHAT_IT_IS","type":"what_it_is"}],"objectID":"70707"},{"benefit":{"statement":null,"benefits":null},"brand":null,"collection":null,"coverage":null,"cross_sell":[{"sku_id":"6FP201","sort_key":1},{"sku_id":"71JL01","sort_key":2},{"sku_id":"6CY401","sort_key":3}],"default_category":{"id":"1606","key":"マスカラ"},"description":"<P>上品カールまつげに仕上がるマスカラ。日本人特有の目にあわせて開発された、小さく緩やかなカーブの三日月型ブラシで、短いまつげもキャッチし、まつげ一本一本をセパレートした繊細な仕上がりに。水・汗・涙や高湿度に負けないロングウェアリング フォーミュラ。ぬるま湯で簡単にオフ。</P><P>※製品パッケージは画像と異なる場合がございます。</P>","display_mode":null,"display_name":"ラッシュ パワー<br>カーリング マスカラ","display_status":7,"finish":null,"form":null,"formula_type":null,"fragrance_family":null,"indexable_keywords":[{"value":"マスカラ"},{"value":"カラー"},{"value":"メークアップ"},{"value":"メイク"},{"value":"メーク"},{"value":"カール マスカラ"},{"value":"カール"},{"value":"mascara"}],"is_hazmat":false,"is_product_coming_soon":null,"is_product_displayable":true,"is_product_searchable":true,"is_product_shoppable":true,"is_product_sold_out":null,"is_product_temporarily_out_of_stock":null,"is_search_suppressed":null,"key_ingredient":null,"media":{"large":null,"medium":null,"poster":null,"small":null,"videos":[{"position":null,"poster":{"height":null,"src":null,"width":null},"provider":null,"src":null},{"position":null,"poster":{"height":null,"src":null,"width":null},"provider":null,"src":null},{"position":null,"poster":{"height":null,"src":null,"width":null},"provider":null,"src":null}],"xl":null},"meta":{"description":null,"keywords":"マスカラ,カラー,メークアップ,メイク,メーク,カール マスカラ,カール,mascara"},"parent_category":[{"id":"1606","value":"マスカラ"},{"id":"1592","value":"メーク"}],"product_badge":null,"product_id":"7079","product_title_tag":null,"product_type":"Shaded","product_url":"/product/1606/7079/lash-power-curling-mascara-long-wearing-formula","reviews":{"average_rating":null,"number_of_questions":null,"number_of_reviews":null},"shade_groups":null,"short_description":"<P>上品カールまつげに仕上がるマスカラ。日本人の目にあわせて開発された三日月型ブラシで、短いまつげもキャッチ。</P><P>※製品パッケージは画像と異なる場合がございます。</P>","skin":null,"skin_goal":null,"skus":{"total":1,"items":[{"color_family":null,"coverage_options":null,"cross_sell":null,"display_status":7,"finish":null,"finish_options":null,"fragrances":[{"family":null,"key":null,"value":null}],"iln_listing":"水・アクリル酸アルキルコポリマーアンモニウム・カオリン・カルナウバロウ・ステアリン酸ＰＥＧ－１５グリセリル・シリカ・ＢＧ・ミツロウ・エタノール・水添ナタネ油アルコール・ベントナイト・ポリビニルアルコール・ステアリン酸・ジメチコン・ジステアリン酸スクロース・（ビニルピロリドン／ＶＡ）コポリマー・ナイロン－６６・シメチコン・ホホバ種子油・ＡＭＰ・ＡＭＰＤ・キサンタンガム・トコフェロール・酸化チタン・フェノキシエタノール・クロルフェネシン・デヒドロ酢酸Ｎａ　＋／－　酸化鉄<JILN3935>","iln_version_number":"JILN3935","inventory_status":"Active","is_active":true,"is_coming_soon":null,"is_default_sku":false,"is_discountable":true,"is_displayable":null,"is_engravable":null,"is_fragrance":null,"is_giftable":null,"is_giftwrap":false,"is_inactive":null,"is_multi_shaded":null,"is_out_of_stock":null,"is_preorder":false,"is_preorderable":null,"is_promotional":null,"is_replenishable":false,"is_search_suppressed":null,"is_searchable":true,"is_shaded":null,"is_sized":null,"is_sold_out":null,"is_under_weight_hazmat":false,"is_vto_enabled":null,"life_of_product":"Basic Reorder","material_code":"6M5H010001","media":{"large":[{"alt":"ラッシュ パワー<br>カーリング マスカラ","height":1200,"position":1,"src":"/media/export/cms/products/1200x1500/cl_sku_6M5H01_1200x1500_0.png","type":"image","width":1500}],"medium":[{"alt":"ラッシュ パワー<br>カーリング マスカラ","height":600,"position":2,"src":"/media/export/cms/products/600x750/cl_sku_6M5H01_600x750_0.png","type":"image","width":750}],"model":null,"poster":null,"small":[{"alt":"ラッシュ パワー<br>カーリング マスカラ","height":1200,"position":3,"src":"/media/export/cms/products/1200x1500/cl_sku_6M5H01_1200x1500_0.png","type":"image","width":1500}],"smoosh":[{"alt":"ラッシュ パワー<br>カーリング マスカラ","height":1200,"position":0,"src":"/media/export/cms/products/1200x1500/swatches_v3/05_ns_g.png","type":"image","width":1500}],"xl":null},"out_of_stock_threshold":null,"perlgem":{"SKU_BASE_ID":16008},"preorder_date":null,"prices":[{"currency":"JPY","exclude_tax":{"original_price":3500,"original_price_formatted":"¥3,500","price":3500,"price_formatted":"¥3,500","price_per_unit":null,"price_per_unit_formatted":""},"include_tax":{"original_price":3850,"original_price_formatted":"¥3,850","price":3850,"price_formatted":"¥3,850","price_per_unit":null,"price_per_unit_formatted":""},"is_discounted":false}],"purchase_limit":null,"replenishment":{"message":null},"reviews":{"average_rating":null,"number_of_questions":null,"number_of_reviews":null},"set_components":null,"shade_groups":null,"shades":[{"description":"つややかで深みのある黒","hex_val":"#333333","image":{"height":null,"src":"","width":null},"name":"01 ブラック オニキス","smoosh_design":{"group_id":null,"name":"05::none:none"}}],"sizes":[{"key":1,"value":null}],"skin":{"tone":null,"type":null,"type_description":null},"sku_badge":null,"sku_badge_image":null,"sku_display_order":0,"sku_id":"6M5H01","sku_promo_messaging":null,"sku_type":"SE","sku_url":null,"tags":{"total":2,"items":[{"id":"1606","key":"マスカラ","value":"マスカラ"},{"id":"19570","key":"おすすめ製品","value":"おすすめ製品"}]},"texture":null,"undertone":null,"unit_of_measure":null,"unit_size":null,"unit_size_formatted":null,"upc":"020714314408","vto":{"is_color_experience":null,"is_foundation_experience":null}}]},"sub_display_name":"ラッシュ パワー<br>カーリング マスカラ","sub_header":null,"tags":{"total":2,"items":[{"id":"1606","key":"マスカラ","parent_tag_id":"1592","product_display_order":16,"value":"マスカラ"},{"id":"19570","key":"おすすめ製品","parent_tag_id":"1000020","product_display_order":87,"value":"おすすめ製品"}]},"usage":[{"content":"上まつげには、ブラシの谷側を使ってまつげをすくいあげるようにつけます。<BR>ブラシを裏返し、山側を使って上まつげが十分にカールするまでまつげを押し上げます。<BR>下まつげには、ブラシを垂直に持ち、先端を細かく動かしながら、まつげ1本1本につけていきます。<BR>落とす際は、ぬるま湯で優しく洗い流します。","label":"PRODUCT USAGE","type":"product_usage"},{"content":null,"label":"HOW DOES IT WORK","type":"how_does_it_work"},{"content":null,"label":"WHO IT IS FOR","type":"who_it_is_for"},{"content":null,"label":"GREAT TO KNOW","type":"great_to_know"},{"content":null,"label":"WHAT_IT_DOES","type":"what_it_does"},{"content":null,"label":"WHAT_IT_IS","type":"what_it_is"}],"objectID":"7079"},{"benefit":{"statement":null,"benefits":null},"brand":null,"collection":null,"coverage":null,"cross_sell":[{"sku_id":"6WR404","sort_key":1},{"sku_id":"69KL01","sort_key":2},{"sku_id":"6F4601","sort_key":3}],"default_category":{"id":"1599","key":"ファンデーション"},"description":"パウダリー　ファンデーション用コンパクト。<BR>ワンタッチで開くオートオープンタイプ。","display_mode":null,"display_name":"シルバー オートオープン<br>コンパクト N","display_status":7,"finish":null,"form":null,"formula_type":null,"fragrance_family":null,"indexable_keywords":[{"value":"ファンデーション;メークアップ;メイクアップ;コンパクトファンデーション;パウダリー;パウダリーファンデーション"},{"value":"コンパクト"}],"is_hazmat":false,"is_product_coming_soon":null,"is_product_displayable":true,"is_product_searchable":true,"is_product_shoppable":true,"is_product_sold_out":null,"is_product_temporarily_out_of_stock":null,"is_search_suppressed":null,"key_ingredient":null,"media":{"large":null,"medium":null,"poster":null,"small":null,"videos":[{"position":null,"poster":{"height":null,"src":null,"width":null},"provider":null,"src":null},{"position":null,"poster":{"height":null,"src":null,"width":null},"provider":null,"src":null},{"position":null,"poster":{"height":null,"src":null,"width":null},"provider":null,"src":null}],"xl":null},"meta":{"description":null,"keywords":"ファンデーション;メークアップ;メイクアップ;コンパクトファンデーション;パウダリー;パウダリーファンデーション,コンパクト"},"parent_category":[{"id":"1599","value":"ファンデーション"},{"id":"1592","value":"メーク"}],"product_badge":null,"product_id":"7084","product_title_tag":null,"product_type":"Other","product_url":"/product/1599/7084/-n/silver-toned-auto-open-compact-n","reviews":{"average_rating":null,"number_of_questions":null,"number_of_reviews":null},"shade_groups":null,"short_description":"パウダリー　ファンデーション用コンパクト。","skin":null,"skin_goal":null,"skus":{"total":1,"items":[{"color_family":null,"coverage_options":null,"cross_sell":null,"display_status":7,"finish":null,"finish_options":null,"fragrances":[{"family":null,"key":null,"value":null}],"iln_listing":null,"iln_version_number":null,"inventory_status":"Active","is_active":true,"is_coming_soon":null,"is_default_sku":false,"is_discountable":true,"is_displayable":null,"is_engravable":null,"is_fragrance":null,"is_giftable":null,"is_giftwrap":false,"is_inactive":null,"is_multi_shaded":null,"is_out_of_stock":null,"is_preorder":false,"is_preorderable":null,"is_promotional":null,"is_replenishable":false,"is_search_suppressed":null,"is_searchable":true,"is_shaded":null,"is_sized":null,"is_sold_out":null,"is_under_weight_hazmat":false,"is_vto_enabled":null,"life_of_product":"Basic Reorder","material_code":"6WR7010001","media":{"large":[{"alt":"シルバー オートオープン<br>コンパクト N","height":1200,"position":0,"src":"/media/export/cms/products/1200x1500/cl_sku_6WR701_1200x1500_0.png","type":"image","width":1500}],"medium":[{"alt":"シルバー オートオープン<br>コンパクト N","height":600,"position":1,"src":"/media/export/cms/products/600x750/cl_sku_6WR701_600x750_0.png","type":"image","width":750}],"model":null,"poster":null,"small":[{"alt":"シルバー オートオープン<br>コンパクト N","height":1200,"position":2,"src":"/media/export/cms/products/1200x1500/cl_sku_6WR701_1200x1500_0.png","type":"image","width":1500}],"smoosh":null,"xl":null},"out_of_stock_threshold":null,"perlgem":{"SKU_BASE_ID":16030},"preorder_date":null,"prices":[{"currency":"JPY","exclude_tax":{"original_price":1000,"original_price_formatted":"¥1,000","price":1000,"price_formatted":"¥1,000","price_per_unit":null,"price_per_unit_formatted":""},"include_tax":{"original_price":1100,"original_price_formatted":"¥1,100","price":1100,"price_formatted":"¥1,100","price_per_unit":null,"price_per_unit_formatted":""},"is_discounted":false}],"purchase_limit":null,"replenishment":{"message":null},"reviews":{"average_rating":null,"number_of_questions":null,"number_of_reviews":null},"set_components":null,"shade_groups":null,"shades":null,"sizes":[{"key":1,"value":null}],"skin":{"tone":null,"type":null,"type_description":null},"sku_badge":null,"sku_badge_image":null,"sku_display_order":0,"sku_id":"6WR701","sku_promo_messaging":null,"sku_type":"SE","sku_url":null,"tags":{"total":2,"items":[{"id":"1659","key":"ボディサンケア","value":"ボディ＆サンケア"},{"id":"1599","key":"ファンデーション","value":"ファンデーション"}]},"texture":null,"undertone":null,"unit_of_measure":null,"unit_size":1,"unit_size_formatted":null,"upc":"020714395124","vto":{"is_color_experience":null,"is_foundation_experience":null}}]},"sub_display_name":"シルバー オートオープン<br>コンパクト N","sub_header":null,"tags":{"total":2,"items":[{"id":"1659","key":"ボディサンケア","parent_tag_id":null,"product_display_order":0,"value":"ボディ＆サンケア"},{"id":"1599","key":"ファンデーション","parent_tag_id":"1592","product_display_order":50,"value":"ファンデーション"}]},"usage":[{"content":"手の平にのせ、軽く手前に傾けてから両脇のボタンを押すと自動でコンパクトが開きます。","label":"PRODUCT USAGE","type":"product_usage"},{"content":null,"label":"HOW DOES IT WORK","type":"how_does_it_work"},{"content":null,"label":"WHO IT IS FOR","type":"who_it_is_for"},{"content":null,"label":"GREAT TO KNOW","type":"great_to_know"},{"content":null,"label":"WHAT_IT_DOES","type":"what_it_does"},{"content":null,"label":"WHAT_IT_IS","type":"what_it_is"}],"objectID":"7084"},{"benefit":{"statement":null,"benefits":null},"brand":null,"collection":null,"coverage":null,"cross_sell":null,"default_category":{"id":"25922","key":"オンライン限定トライアルセット"},"description":"<div>水分と油分の黄金比でうるおす。</div><div>すこやかな、もっちりとした肌に。</div><div><br></div>ドラマティカリー ディファレント モイスチャライジング ローション プラス 30mL<br><div>今ならオンライン限定で人気の保湿化粧水、</div><div>モイスチャー サージ ハイドレーティング ローションの７mLと、</div><div>次回使える500円クーポンをプレゼント。</div><br>この機会にぜひお試しください。<br><br>※クーポンはご購入の製品と一緒にお届けいたします。<br>※おひとりさま一度限りご利用が可能です。","display_mode":null,"display_name":"[オンライン限定]乾燥~混合肌用（乳液）＋保湿化粧水お試しセット(2020.01)","display_status":7,"finish":null,"form":null,"formula_type":null,"fragrance_family":null,"indexable_keywords":null,"is_hazmat":false,"is_product_coming_soon":null,"is_product_displayable":true,"is_product_searchable":true,"is_product_shoppable":true,"is_product_sold_out":null,"is_product_temporarily_out_of_stock":null,"is_search_suppressed":null,"key_ingredient":null,"media":{"large":null,"medium":null,"poster":null,"small":null,"videos":[{"position":null,"poster":{"height":null,"src":null,"width":null},"provider":null,"src":null},{"position":null,"poster":{"height":null,"src":null,"width":null},"provider":null,"src":null},{"position":null,"poster":{"height":null,"src":null,"width":null},"provider":null,"src":null}],"xl":null},"meta":{"description":null,"keywords":null},"parent_category":[{"id":"25922","value":"オンライン限定トライアルセット"},{"id":"1000020","value":"スペシャルカテゴリ"}],"product_badge":null,"product_id":"74073","product_title_tag":null,"product_type":"Other","product_url":"/product/25922/74073/202001/ddml-paid-sampling202001","reviews":{"average_rating":null,"number_of_questions":null,"number_of_reviews":null},"shade_groups":null,"short_description":"<div>水分と油分の黄金比でうるおす。</div><div>すこやかな、もっちりとした肌に。</div><div><br></div>ドラマティカリー ディファレント モイスチャライジング ローション プラス 30mL<br><div>今ならオンライン限定で人気の保湿化粧水、</div><div>モイスチャー サージ ハイドレーティング ローションの７mLと、</div><div>次回使える500円クーポンをプレゼント。</div><br>この機会にぜひお試しください。<br><br>※クーポンはご購入の製品と一緒にお届けいたします。<br>※おひとりさま一度限りご利用が可能です。","skin":null,"skin_goal":null,"skus":{"total":1,"items":[{"color_family":null,"coverage_options":null,"cross_sell":null,"display_status":7,"finish":null,"finish_options":null,"fragrances":[{"family":null,"key":null,"value":null}],"iln_listing":null,"iln_version_number":null,"inventory_status":"Active","is_active":true,"is_coming_soon":null,"is_default_sku":false,"is_discountable":false,"is_displayable":null,"is_engravable":null,"is_fragrance":null,"is_giftable":null,"is_giftwrap":false,"is_inactive":null,"is_multi_shaded":null,"is_out_of_stock":null,"is_preorder":false,"is_preorderable":null,"is_promotional":null,"is_replenishable":false,"is_search_suppressed":null,"is_searchable":true,"is_shaded":null,"is_sized":null,"is_sold_out":null,"is_under_weight_hazmat":false,"is_vto_enabled":null,"life_of_product":"Limited life","material_code":"CLJD120000","media":{"large":[{"alt":"[オンライン限定]乾燥~混合肌用（乳液）＋保湿化粧水お試しセット(2020.01)","height":1200,"position":0,"src":"/media/export/cms/products/1200x1500/cl_sku_CLJD12_1200x1500_0.png","type":"image","width":1500}],"medium":[{"alt":"[オンライン限定]乾燥~混合肌用（乳液）＋保湿化粧水お試しセット(2020.01)","height":600,"position":1,"src":"/media/export/cms/products/600x750/cl_sku_CLJD12_600x750_0.png","type":"image","width":750}],"model":null,"poster":null,"small":[{"alt":"[オンライン限定]乾燥~混合肌用（乳液）＋保湿化粧水お試しセット(2020.01)","height":1200,"position":2,"src":"/media/export/cms/products/1200x1500/cl_sku_CLJD12_1200x1500_0.png","type":"image","width":1500}],"smoosh":null,"xl":null},"out_of_stock_threshold":null,"perlgem":{"SKU_BASE_ID":114013},"preorder_date":null,"prices":[{"currency":"JPY","exclude_tax":{"original_price":2500,"original_price_formatted":"¥2,500","price":2500,"price_formatted":"¥2,500","price_per_unit":null,"price_per_unit_formatted":null},"include_tax":{"original_price":2750,"original_price_formatted":"¥2,750","price":2750,"price_formatted":"¥2,750","price_per_unit":null,"price_per_unit_formatted":null},"is_discounted":false}],"purchase_limit":null,"replenishment":{"message":null},"reviews":{"average_rating":null,"number_of_questions":null,"number_of_reviews":null},"set_components":[{"product":{"display_name":"ドラマティカリー ディファレント モイスチャライジング ローション プラス(ミニズ) - 28g"},"quantity":1,"sku":{"shades":null,"sizes":[{"key":0,"value":"28g"}],"sku_id":"KK7K01"}},{"product":{"display_name":"モイスチャー サージ ハイドレーティング ローション 7ml - 7ml"},"quantity":1,"sku":{"shades":null,"sizes":[{"key":0,"value":"7ml"}],"sku_id":"K4NE40"}}],"shade_groups":null,"shades":null,"sizes":[{"key":1,"value":null}],"skin":{"tone":null,"type":null,"type_description":null},"sku_badge":null,"sku_badge_image":null,"sku_display_order":0,"sku_id":"CLJD12","sku_promo_messaging":null,"sku_type":"SE","sku_url":null,"tags":{"total":1,"items":[{"id":"25922","key":"オンライン限定トライアルセット","value":"オンライン限定トライアルセット"}]},"texture":null,"undertone":null,"unit_of_measure":null,"unit_size":null,"unit_size_formatted":null,"upc":"020714936912","vto":{"is_color_experience":null,"is_foundation_experience":null}}]},"sub_display_name":"[オンライン限定]乾燥~混合肌用（乳液）＋保湿化粧水お試しセット(2020.01)","sub_header":null,"tags":{"total":1,"items":[{"id":"25922","key":"オンライン限定トライアルセット","parent_tag_id":"1000020","product_display_order":0,"value":"オンライン限定トライアルセット"}]},"usage":[{"content":null,"label":"PRODUCT USAGE","type":"product_usage"},{"content":null,"label":"HOW DOES IT WORK","type":"how_does_it_work"},{"content":null,"label":"WHO IT IS FOR","type":"who_it_is_for"},{"content":null,"label":"GREAT TO KNOW","type":"great_to_know"},{"content":null,"label":"WHAT_IT_DOES","type":"what_it_does"},{"content":null,"label":"WHAT_IT_IS","type":"what_it_is"}],"objectID":"74073"},{"benefit":{"statement":null,"benefits":null},"brand":null,"collection":null,"coverage":null,"cross_sell":null,"default_category":{"id":"25922","key":"オンライン限定トライアルセット"},"description":"きちんとうるおうのにサラサラな付け心地。すこやかで、うるサラなピュア肌に。<br><br>ドラマティカリー ディファレント オイルフリー ジェル 30mL<br><div>今ならオンライン限定で人気の保湿化粧水、</div><div>モイスチャー サージ ハイドレーティング ローションの７mLと、</div><div>次回使える500円クーポンをプレゼント。</div><br>この機会にぜひお試しください。<br><br>※クーポンはご購入の製品と一緒にお届けいたします。<br>※おひとりさま一度限りご利用が可能です。","display_mode":null,"display_name":"[オンライン限定]混合〜脂性肌用（ジェル状乳液）＋保湿化粧水お試しセット","display_status":7,"finish":null,"form":null,"formula_type":null,"fragrance_family":null,"indexable_keywords":null,"is_hazmat":false,"is_product_coming_soon":null,"is_product_displayable":true,"is_product_searchable":true,"is_product_shoppable":true,"is_product_sold_out":null,"is_product_temporarily_out_of_stock":null,"is_search_suppressed":null,"key_ingredient":null,"media":{"large":null,"medium":null,"poster":null,"small":null,"videos":[{"position":null,"poster":{"height":null,"src":null,"width":null},"provider":null,"src":null},{"position":null,"poster":{"height":null,"src":null,"width":null},"provider":null,"src":null},{"position":null,"poster":{"height":null,"src":null,"width":null},"provider":null,"src":null}],"xl":null},"meta":{"description":null,"keywords":null},"parent_category":[{"id":"25922","value":"オンライン限定トライアルセット"},{"id":"1000020","value":"スペシャルカテゴリ"}],"product_badge":null,"product_id":"74074","product_title_tag":null,"product_type":"Other","product_url":"/product/25922/74074/ddog-paid-sampling202001","reviews":{"average_rating":null,"number_of_questions":null,"number_of_reviews":null},"shade_groups":null,"short_description":"きちんとうるおうのにサラサラな付け心地。すこやかで、うるサラなピュア肌に。<br><br>ドラマティカリー ディファレント オイルフリー ジェル 30mL<br><div>今ならオンライン限定で人気の保湿化粧水、</div><div>モイスチャー サージ ハイドレーティング ローションの７mLと、</div><div>次回使える500円クーポンをプレゼント。</div><br>この機会にぜひお試しください。<br><br>※クーポンはご購入の製品と一緒にお届けいたします。<br>※おひとりさま一度限りご利用が可能です。","skin":null,"skin_goal":null,"skus":{"total":1,"items":[{"color_family":null,"coverage_options":null,"cross_sell":null,"display_status":7,"finish":null,"finish_options":null,"fragrances":[{"family":null,"key":null,"value":null}],"iln_listing":null,"iln_version_number":null,"inventory_status":"Active","is_active":true,"is_coming_soon":null,"is_default_sku":false,"is_discountable":false,"is_displayable":null,"is_engravable":null,"is_fragrance":null,"is_giftable":null,"is_giftwrap":false,"is_inactive":null,"is_multi_shaded":null,"is_out_of_stock":null,"is_preorder":false,"is_preorderable":null,"is_promotional":null,"is_replenishable":false,"is_search_suppressed":null,"is_searchable":true,"is_shaded":null,"is_sized":null,"is_sold_out":null,"is_under_weight_hazmat":false,"is_vto_enabled":null,"life_of_product":"Limited life","material_code":"CLJD130000","media":{"large":[{"alt":"[オンライン限定]混合〜脂性肌用（ジェル状乳液）＋保湿化粧水お試しセット","height":1200,"position":0,"src":"/media/export/cms/products/1200x1500/cl_sku_CLJD13_1200x1500_0.png","type":"image","width":1500}],"medium":[{"alt":"[オンライン限定]混合〜脂性肌用（ジェル状乳液）＋保湿化粧水お試しセット","height":600,"position":1,"src":"/media/export/cms/products/600x750/cl_sku_CLJD13_600x750_0.png","type":"image","width":750}],"model":null,"poster":null,"small":[{"alt":"[オンライン限定]混合〜脂性肌用（ジェル状乳液）＋保湿化粧水お試しセット","height":1200,"position":2,"src":"/media/export/cms/products/1200x1500/cl_sku_CLJD13_1200x1500_0.png","type":"image","width":1500}],"smoosh":null,"xl":null},"out_of_stock_threshold":null,"perlgem":{"SKU_BASE_ID":114014},"preorder_date":null,"prices":[{"currency":"JPY","exclude_tax":{"original_price":2500,"original_price_formatted":"¥2,500","price":2500,"price_formatted":"¥2,500","price_per_unit":null,"price_per_unit_formatted":null},"include_tax":{"original_price":2750,"original_price_formatted":"¥2,750","price":2750,"price_formatted":"¥2,750","price_per_unit":null,"price_per_unit_formatted":null},"is_discounted":false}],"purchase_limit":null,"replenishment":{"message":null},"reviews":{"average_rating":null,"number_of_questions":null,"number_of_reviews":null},"set_components":[{"product":{"display_name":"ドラマティカリー ディファレント オイルフリー ジェル (ミニズ) - 29g"},"quantity":1,"sku":{"shades":null,"sizes":[{"key":0,"value":"29g"}],"sku_id":"KJG701"}},{"product":{"display_name":"モイスチャー サージ ハイドレーティング ローション 7ml - 7ml"},"quantity":1,"sku":{"shades":null,"sizes":[{"key":0,"value":"7ml"}],"sku_id":"K4NE40"}}],"shade_groups":null,"shades":null,"sizes":[{"key":1,"value":null}],"skin":{"tone":null,"type":null,"type_description":null},"sku_badge":null,"sku_badge_image":null,"sku_display_order":0,"sku_id":"CLJD13","sku_promo_messaging":null,"sku_type":"SE","sku_url":null,"tags":{"total":1,"items":[{"id":"25922","key":"オンライン限定トライアルセット","value":"オンライン限定トライアルセット"}]},"texture":null,"undertone":null,"unit_of_measure":null,"unit_size":null,"unit_size_formatted":null,"upc":"020714936913","vto":{"is_color_experience":null,"is_foundation_experience":null}}]},"sub_display_name":"[オンライン限定]混合〜脂性肌用（ジェル状乳液）＋保湿化粧水お試しセット","sub_header":null,"tags":{"total":1,"items":[{"id":"25922","key":"オンライン限定トライアルセット","parent_tag_id":"1000020","product_display_order":0,"value":"オンライン限定トライアルセット"}]},"usage":[{"content":null,"label":"PRODUCT USAGE","type":"product_usage"},{"content":null,"label":"HOW DOES IT WORK","type":"how_does_it_work"},{"content":null,"label":"WHO IT IS FOR","type":"who_it_is_for"},{"content":null,"label":"GREAT TO KNOW","type":"great_to_know"},{"content":null,"label":"WHAT_IT_DOES","type":"what_it_does"},{"content":null,"label":"WHAT_IT_IS","type":"what_it_is"}],"objectID":"74074"},{"benefit":{"statement":null,"benefits":null},"brand":null,"collection":null,"coverage":null,"cross_sell":null,"default_category":{"id":"16422","key":"セットギフト"},"description":"クリニーク人気の「ふき取り化粧水」と洗顔&乳液が入ったデラックス セット登場。<br><br>使いやすいポンプ式、たっぷり使える「クラリファイング ローション2」で、透明感や浸透力を高めるように*。<br>優しく洗い上げる液体ソープと、肌の水分と油分のバランスを整える乳液と一緒に。<br><br>数量限定　好評発売中<br>＜セット内容＞<br>３ステップ デラックス セット 17,160円 (本体15,600円) <br>◎リキッド フェーシャル ソープ マイルド (ジェル状洗顔料/現品)200mL 3,850円 (本体3,500円)／○30mL<br>◎クラリファイング ローション2(ふき取り化粧水/デラックスサイズ/限定品) ポンプ付き 487mL／○60mL<br>◎ドラマティカリー  ディファレント モイスチャライジング ローション プラス(乳液/現品) 125mL 7,150円(本体6,500円)／○30mL　<br>○はギフトサイズ ※オリジナルポーチ付き<br><br><small>※セットは数に限りがありますので、お早めに。＊浸透は角質層まで。</small>","display_mode":null,"display_name":"3ステップ デラックス セット","display_status":7,"finish":null,"form":null,"formula_type":null,"fragrance_family":null,"indexable_keywords":null,"is_hazmat":true,"is_product_coming_soon":null,"is_product_displayable":true,"is_product_searchable":true,"is_product_shoppable":true,"is_product_sold_out":null,"is_product_temporarily_out_of_stock":null,"is_search_suppressed":null,"key_ingredient":null,"media":{"large":null,"medium":null,"poster":null,"small":null,"videos":[{"position":null,"poster":{"height":null,"src":null,"width":null},"provider":"YouTube","src":null},{"position":null,"poster":{"height":null,"src":null,"width":null},"provider":"YouTube","src":null},{"position":null,"poster":{"height":null,"src":null,"width":null},"provider":"YouTube","src":null}],"xl":null},"meta":{"description":null,"keywords":null},"parent_category":[{"id":"16422","value":"セット＆ギフト"},{"id":"1585","value":"Gift Center"}],"product_badge":null,"product_id":"74570","product_title_tag":null,"product_type":"Other","product_url":"/product/16422/74570/gift-center/3-/3-step-skin-care-delax-set-12202008","reviews":{"average_rating":null,"number_of_questions":null,"number_of_reviews":null},"shade_groups":null,"short_description":"クリニーク人気の「ふき取り化粧水」と洗顔&乳液が入ったデラックス セット登場。<br><br>使いやすいポンプ式、たっぷり使える「クラリファイング ローション2」で、透明感や浸透力を高めるように*。<br>優しく洗い上げる液体ソープと、肌の水分と油分のバランスを整える乳液と一緒に。<br><br>数量限定　好評発売中<br>＜セット内容＞<br>３ステップ デラックス セット 17,160円 (本体15,600円) <br>◎リキッド フェーシャル ソープ マイルド (ジェル状洗顔料/現品)200mL 3,850円 (本体3,500円)／○30mL<br>◎クラリファイング ローション2(ふき取り化粧水/デラックスサイズ/限定品) ポンプ付き 487mL／○60mL<br>◎ドラマティカリー  ディファレント モイスチャライジング ローション プラス(乳液/現品) 125mL 7,150円(本体6,500円)／○30mL　<br>○はギフトサイズ ※オリジナルポーチ付き<br><br><small>※セットは数に限りがありますので、お早めに。＊浸透は角質層まで。</small>","skin":null,"skin_goal":null,"skus":{"total":1,"items":[{"color_family":null,"coverage_options":null,"cross_sell":null,"display_status":7,"finish":null,"finish_options":null,"fragrances":[{"family":null,"key":null,"value":null}],"iln_listing":null,"iln_version_number":null,"inventory_status":"Active","is_active":true,"is_coming_soon":null,"is_default_sku":false,"is_discountable":true,"is_displayable":null,"is_engravable":null,"is_fragrance":null,"is_giftable":null,"is_giftwrap":true,"is_inactive":null,"is_multi_shaded":null,"is_out_of_stock":null,"is_preorder":false,"is_preorderable":null,"is_promotional":null,"is_replenishable":false,"is_search_suppressed":null,"is_searchable":true,"is_shaded":null,"is_sized":null,"is_sold_out":null,"is_under_weight_hazmat":null,"is_vto_enabled":null,"life_of_product":"Limited life","material_code":"KNCR010000","media":{"large":[{"alt":"3ステップ デラックス セット","height":1200,"position":0,"src":"/media/export/cms/products/1200x1500/cl_sku_KNCR01_1200x1500_0.png","type":"image","width":1500}],"medium":[{"alt":"3ステップ デラックス セット","height":600,"position":1,"src":"/media/export/cms/products/600x750/cl_sku_KNCR01_600x750_0.png","type":"image","width":750}],"model":null,"poster":null,"small":[{"alt":"3ステップ デラックス セット","height":1200,"position":2,"src":"/media/export/cms/products/1200x1500/cl_sku_KNCR01_1200x1500_0.png","type":"image","width":1500}],"smoosh":null,"xl":null},"out_of_stock_threshold":null,"perlgem":{"SKU_BASE_ID":114668},"preorder_date":null,"prices":[{"currency":"JPY","exclude_tax":{"original_price":15600,"original_price_formatted":"¥15,600","price":15600,"price_formatted":"¥15,600","price_per_unit":null,"price_per_unit_formatted":""},"include_tax":{"original_price":17160,"original_price_formatted":"¥17,160","price":17160,"price_formatted":"¥17,160","price_per_unit":null,"price_per_unit_formatted":""},"is_discounted":false}],"purchase_limit":null,"replenishment":{"message":null},"reviews":{"average_rating":null,"number_of_questions":null,"number_of_reviews":null},"set_components":null,"shade_groups":null,"shades":null,"sizes":[{"key":1,"value":null}],"skin":{"tone":null,"type":null,"type_description":null},"sku_badge":null,"sku_badge_image":null,"sku_display_order":0,"sku_id":"KNCR01","sku_promo_messaging":null,"sku_type":"SE","sku_url":null,"tags":{"total":4,"items":[{"id":"19288","key":"スペシャルセール","value":"スペシャルセール"},{"id":"16422","key":"セットギフト","value":"セット＆ギフト"},{"id":"1571","key":"３ステップセット","value":"３ステップセット"},{"id":"1685","key":"セットギフト","value":"セット＆ギフト"}]},"texture":null,"undertone":null,"unit_of_measure":null,"unit_size":null,"unit_size_formatted":null,"upc":"192333030806","vto":{"is_color_experience":null,"is_foundation_experience":null}}]},"sub_display_name":"3ステップ デラックス セット","sub_header":null,"tags":{"total":4,"items":[{"id":"19288","key":"スペシャルセール","parent_tag_id":"1590","product_display_order":0,"value":"スペシャルセール"},{"id":"16422","key":"セットギフト","parent_tag_id":"1585","product_display_order":24,"value":"セット＆ギフト"},{"id":"1571","key":"３ステップセット","parent_tag_id":"1570","product_display_order":8,"value":"３ステップセット"},{"id":"1685","key":"セットギフト","parent_tag_id":"1684","product_display_order":26,"value":"セット＆ギフト"}]},"usage":[{"content":null,"label":"PRODUCT USAGE","type":"product_usage"},{"content":null,"label":"HOW DOES IT WORK","type":"how_does_it_work"},{"content":null,"label":"WHO IT IS FOR","type":"who_it_is_for"},{"content":null,"label":"GREAT TO KNOW","type":"great_to_know"},{"content":null,"label":"WHAT_IT_DOES","type":"what_it_does"},{"content":null,"label":"WHAT_IT_IS","type":"what_it_is"}],"objectID":"74570"},{"benefit":{"statement":null,"benefits":null},"brand":null,"collection":null,"coverage":null,"cross_sell":null,"default_category":{"id":"23355","key":"cliniqueid"},"description":"◎保湿（モイスチャー ベース）ドラマティカリー ディファレント オイルフリー ジェル（ジェル状乳液）混合〜脂性肌用","display_mode":null,"display_name":"クリニーク iD ドラマティカリー ディファレント オイルフリー ジェル","display_status":7,"finish":null,"form":null,"formula_type":null,"fragrance_family":null,"indexable_keywords":null,"is_hazmat":false,"is_product_coming_soon":null,"is_product_displayable":true,"is_product_searchable":true,"is_product_shoppable":true,"is_product_sold_out":null,"is_product_temporarily_out_of_stock":null,"is_search_suppressed":null,"key_ingredient":null,"media":{"large":null,"medium":null,"poster":null,"small":null,"videos":[{"position":null,"poster":{"height":null,"src":null,"width":null},"provider":"YouTube","src":null},{"position":null,"poster":{"height":null,"src":null,"width":null},"provider":"YouTube","src":null},{"position":null,"poster":{"height":null,"src":null,"width":null},"provider":"YouTube","src":null}],"xl":null},"meta":{"description":null,"keywords":null},"parent_category":[{"id":"23355","value":"CliniqueiD"},{"id":"1667","value":"スキンケア"}],"product_badge":null,"product_id":"74835","product_title_tag":null,"product_type":"Other","product_url":"/product/23355/74835/cliniqueid/id--/clinique-id-dramatically-different-oil-free-gel","reviews":{"average_rating":null,"number_of_questions":null,"number_of_reviews":null},"shade_groups":null,"short_description":"<br><b style='font-weight:700;'>◎保湿（モイスチャー ベース）</b><br>ドラマティカリー ディファレント オイルフリー ジェル (ジェル状乳液) 混合〜脂性肌用","skin":null,"skin_goal":null,"skus":{"total":1,"items":[{"color_family":null,"coverage_options":null,"cross_sell":null,"display_status":7,"finish":null,"finish_options":null,"fragrances":[{"family":null,"key":null,"value":null}],"iln_listing":"水・ジメチコン・イソドデカン・ＢＧ・ビスＰＥＧ－１８メチルエーテルジメチルシラン・グリセリン・シリカ・（アクリロイルジメチルタウリンアンモニウム／ＶＰ）コポリマー・オレス－１０・カプリリルグリコール・ポリシリコーン－１１・トレハロース・トロメタミン・酢酸トコフェロール・カルボマー・カフェイン・ジカプリン酸ＰＧ・ヒマワリ油粕・ＥＤＴＡ－２Ｎａ・ヒアルロン酸Ｎａ・ヘキシレングリコール・ラウレス－２３・ラウレス－４・乳酸桿菌発酵液・オオムギ種子エキス・イタドリ根エキス・キュウリ果実エキス・カラフトコンブエキス・黄４・サッカロミセス溶解質エキス・黄５・赤５０４・フェノキシエタノール・ソルビン酸Ｋ<JILN9032>","iln_version_number":"JILN9032","inventory_status":"Active","is_active":true,"is_coming_soon":null,"is_default_sku":false,"is_discountable":true,"is_displayable":null,"is_engravable":null,"is_fragrance":null,"is_giftable":null,"is_giftwrap":false,"is_inactive":null,"is_multi_shaded":null,"is_out_of_stock":null,"is_preorder":false,"is_preorderable":null,"is_promotional":null,"is_replenishable":false,"is_search_suppressed":null,"is_searchable":true,"is_shaded":null,"is_sized":null,"is_sold_out":null,"is_under_weight_hazmat":false,"is_vto_enabled":null,"life_of_product":"Basic Reorder","material_code":"KRFL010000","media":{"large":[{"alt":"クリニーク iD ドラマティカリー ディファレント オイルフリー ジェル","height":1200,"position":0,"src":"/media/export/cms/products/1200x1500/cl_sku_KRFL01_1200x1500_0.png","type":"image","width":1500}],"medium":[{"alt":"クリニーク iD ドラマティカリー ディファレント オイルフリー ジェル","height":600,"position":1,"src":"/media/export/cms/products/600x750/cl_sku_KRFL01_600x750_0.png","type":"image","width":750}],"model":null,"poster":null,"small":[{"alt":"クリニーク iD ドラマティカリー ディファレント オイルフリー ジェル","height":1200,"position":2,"src":"/media/export/cms/products/1200x1500/cl_sku_KRFL01_1200x1500_0.png","type":"image","width":1500}],"smoosh":null,"xl":null},"out_of_stock_threshold":null,"perlgem":{"SKU_BASE_ID":115052},"preorder_date":null,"prices":[{"currency":"JPY","exclude_tax":{"original_price":4800,"original_price_formatted":"¥4,800","price":4800,"price_formatted":"¥4,800","price_per_unit":4173.91,"price_per_unit_formatted":"¥4,173.91 / 100ml"},"include_tax":{"original_price":5280,"original_price_formatted":"¥5,280","price":5280,"price_formatted":"¥5,280","price_per_unit":4591,"price_per_unit_formatted":"¥4,591 / 100ml"},"is_discounted":false}],"purchase_limit":null,"replenishment":{"message":null},"reviews":{"average_rating":null,"number_of_questions":null,"number_of_reviews":null},"set_components":null,"shade_groups":null,"shades":null,"sizes":[{"key":1,"value":"115ml"}],"skin":{"tone":null,"type":null,"type_description":null},"sku_badge":null,"sku_badge_image":null,"sku_display_order":0,"sku_id":"KRFL01","sku_promo_messaging":null,"sku_type":"SE","sku_url":null,"tags":{"total":2,"items":[{"id":"23355","key":"cliniqueid","value":"CliniqueiD"},{"id":"1628","key":"サンプル","value":"サンプル"}]},"texture":null,"undertone":null,"unit_of_measure":"ml","unit_size":100,"unit_size_formatted":"100ml","upc":"192333048160","vto":{"is_color_experience":null,"is_foundation_experience":null}}]},"sub_display_name":"クリニーク iD ドラマティカリー ディファレント オイルフリー ジェル","sub_header":null,"tags":{"total":2,"items":[{"id":"23355","key":"cliniqueid","parent_tag_id":"1667","product_display_order":0,"value":"CliniqueiD"},{"id":"1628","key":"サンプル","parent_tag_id":null,"product_display_order":18,"value":"サンプル"}]},"usage":[{"content":null,"label":"PRODUCT USAGE","type":"product_usage"},{"content":null,"label":"HOW DOES IT WORK","type":"how_does_it_work"},{"content":null,"label":"WHO IT IS FOR","type":"who_it_is_for"},{"content":null,"label":"GREAT TO KNOW","type":"great_to_know"},{"content":null,"label":"WHAT_IT_DOES","type":"what_it_does"},{"content":null,"label":"WHAT_IT_IS","type":"what_it_is"}],"objectID":"74835"},{"benefit":{"statement":null,"benefits":null},"brand":null,"collection":null,"coverage":null,"cross_sell":null,"default_category":{"id":"1593","key":"チーク"},"description":"肌に艶めきと立体感。<br>光を操る、ポップなフェースカラー。<br><br>ガーベラ柄が散りばめられた、見た目も可愛い、ハイライターとブロンザーが登場。<br>パウダーなのに、肌に溶け込むようなしっとり質感。<br>ハイライター「ルナー ポップ」は、輝く月のようにひと刷毛で顔色明るく、透明感のあるツヤ肌に。<br>ブロンザー「ソーラー ポップ」は、太陽の日差しを浴びたような自然な血色感を与え、瞬時に立体感のある小顔印象へ。　<br>顔全体にも、部分使いにも、マルチに使用可能。<br>光を味方に、ワンランク上の肌仕上がりに。","display_mode":null,"display_name":"パウダー ポップ フラワー ハイライター 01 ルナー ポップ","display_status":7,"finish":null,"form":null,"formula_type":null,"fragrance_family":null,"indexable_keywords":null,"is_hazmat":false,"is_product_coming_soon":null,"is_product_displayable":true,"is_product_searchable":true,"is_product_shoppable":true,"is_product_sold_out":null,"is_product_temporarily_out_of_stock":null,"is_search_suppressed":null,"key_ingredient":null,"media":{"large":[{"alt":"パウダー ポップ フラワー ハイライター 01 ルナー ポップ","height":1200,"position":0,"src":"/media/export/cms/products/1200x1500/cl_prod_74962_1200x1500_0.png","type":"image","width":1500},{"alt":"パウダー ポップ フラワー ハイライター 01 ルナー ポップ","height":1200,"position":1,"src":"/media/export/cms/products/1200x1500/cl_prod_74962_1200x1500_1.png","type":"image","width":1500},{"alt":"パウダー ポップ フラワー ハイライター 01 ルナー ポップ","height":1200,"position":2,"src":"/media/export/cms/products/1200x1500/cl_prod_74962_1200x1500_2.png","type":"image","width":1500},{"alt":"パウダー ポップ フラワー ハイライター 01 ルナー ポップ","height":1200,"position":3,"src":"/media/export/cms/products/1200x1500/cl_prod_74962_1200x1500_3.png","type":"image","width":1500}],"medium":null,"poster":null,"small":[{"alt":"パウダー ポップ フラワー ハイライター 01 ルナー ポップ","height":1200,"position":4,"src":"/media/export/cms/products/1200x1500/cl_prod_74962_1200x1500_0.png","type":"image","width":1500},{"alt":"パウダー ポップ フラワー ハイライター 01 ルナー ポップ","height":1200,"position":5,"src":"/media/export/cms/products/1200x1500/cl_prod_74962_1200x1500_1.png","type":"image","width":1500},{"alt":"パウダー ポップ フラワー ハイライター 01 ルナー ポップ","height":1200,"position":6,"src":"/media/export/cms/products/1200x1500/cl_prod_74962_1200x1500_2.png","type":"image","width":1500},{"alt":"パウダー ポップ フラワー ハイライター 01 ルナー ポップ","height":1200,"position":7,"src":"/media/export/cms/products/1200x1500/cl_prod_74962_1200x1500_3.png","type":"image","width":1500}],"videos":[{"position":null,"poster":{"height":null,"src":null,"width":null},"provider":null,"src":null},{"position":null,"poster":{"height":null,"src":null,"width":null},"provider":null,"src":null},{"position":null,"poster":{"height":null,"src":null,"width":null},"provider":null,"src":null}],"xl":null},"meta":{"description":null,"keywords":null},"parent_category":[{"id":"1593","value":"チーク"},{"id":"1592","value":"メーク"}],"product_badge":null,"product_id":"74962","product_title_tag":null,"product_type":"Other","product_url":"/product/1593/74962/--01-/face-pop-flower-powder-lunar","reviews":{"average_rating":null,"number_of_questions":null,"number_of_reviews":null},"shade_groups":null,"short_description":"肌に艶めきと立体感。<br>光を操る、ポップなフェースカラー。<br><br>ガーベラ柄が散りばめられた、見た目も可愛い、ハイライターとブロンザーが登場。<br>パウダーなのに、肌に溶け込むようなしっとり質感。<br>ハイライター「ルナー ポップ」は、輝く月のようにひと刷毛で顔色明るく、透明感のあるツヤ肌に。<br>ブロンザー「ソーラー ポップ」は、太陽の日差しを浴びたような自然な血色感を与え、瞬時に立体感のある小顔印象へ。　<br>顔全体にも、部分使いにも、マルチに使用可能。<br>光を味方に、ワンランク上の肌仕上がりに。","skin":null,"skin_goal":null,"skus":{"total":1,"items":[{"color_family":null,"coverage_options":null,"cross_sell":null,"display_status":7,"finish":null,"finish_options":null,"fragrances":[{"family":null,"key":null,"value":null}],"iln_listing":"エチルヘキサン酸セテアリル・脂肪酸（Ｃ１２－２０）ＰＥＧ－８エステル・（ＨＤＩ／トリメチロールヘキシルラクトン）クロスポリマー・スクワラン・グリセリン・ポリソルベート８０・エチルヘキシルグリセリン・カプリリルグリコール・トチャカエキス・１，２－ヘキサンジオール・リン酸２Ｃａ　＋／－　マイカ・酸化チタン・酸化鉄・シリカ・合成金雲母<JILN10012>","iln_version_number":"JILN10012","inventory_status":"Active","is_active":true,"is_coming_soon":null,"is_default_sku":false,"is_discountable":true,"is_displayable":null,"is_engravable":null,"is_fragrance":null,"is_giftable":null,"is_giftwrap":false,"is_inactive":null,"is_multi_shaded":null,"is_out_of_stock":null,"is_preorder":false,"is_preorderable":null,"is_promotional":null,"is_replenishable":false,"is_search_suppressed":null,"is_searchable":true,"is_shaded":null,"is_sized":null,"is_sold_out":null,"is_under_weight_hazmat":false,"is_vto_enabled":null,"life_of_product":"Basic Reorder","material_code":"KNCC010000","media":{"large":[{"alt":"パウダー ポップ フラワー ハイライター 01 ルナー ポップ","height":1200,"position":1,"src":"/media/export/cms/products/1200x1500/cl_sku_KNCC01_1200x1500_0.png","type":"image","width":1500}],"medium":[{"alt":"パウダー ポップ フラワー ハイライター 01 ルナー ポップ","height":600,"position":2,"src":"/media/export/cms/products/600x750/cl_sku_KNCC01_600x750_0.png","type":"image","width":750}],"model":null,"poster":null,"small":[{"alt":"パウダー ポップ フラワー ハイライター 01 ルナー ポップ","height":1200,"position":3,"src":"/media/export/cms/products/1200x1500/cl_sku_KNCC01_1200x1500_0.png","type":"image","width":1500}],"smoosh":[{"alt":"パウダー ポップ フラワー ハイライター 01 ルナー ポップ","height":1200,"position":0,"src":"/media/export/cms/products/1200x1500/swatches_v3/57_ns_ng.png","type":"image","width":1500}],"xl":null},"out_of_stock_threshold":null,"perlgem":{"SKU_BASE_ID":115221},"preorder_date":null,"prices":[{"currency":"JPY","exclude_tax":{"original_price":4000,"original_price_formatted":"¥4,000","price":4000,"price_formatted":"¥4,000","price_per_unit":null,"price_per_unit_formatted":""},"include_tax":{"original_price":4400,"original_price_formatted":"¥4,400","price":4400,"price_formatted":"¥4,400","price_per_unit":null,"price_per_unit_formatted":""},"is_discounted":false}],"purchase_limit":null,"replenishment":{"message":null},"reviews":{"average_rating":null,"number_of_questions":null,"number_of_reviews":null},"set_components":null,"shade_groups":null,"shades":[{"description":"","hex_val":"#f5cab4","image":{"height":null,"src":"","width":null},"name":"Lunar Pop","smoosh_design":{"group_id":null,"name":"57::none::none"}}],"sizes":[{"key":1,"value":"9g"}],"skin":{"tone":null,"type":null,"type_description":null},"sku_badge":null,"sku_badge_image":null,"sku_display_order":0,"sku_id":"KNCC01","sku_promo_messaging":null,"sku_type":"SE","sku_url":null,"tags":{"total":11,"items":[{"id":"1585","key":"gift-center","value":"Gift Center"},{"id":"27172","key":"day5flashsale","value":"Day5FlashSale"},{"id":"4323","key":"just-arrived","value":"Just Arrived"},{"id":"1685","key":"セットギフト","value":"セット＆ギフト"},{"id":"1594","key":"bronzers","value":"Bronzers"},{"id":"25565","key":"justarrivednew","value":"justarrivednew"},{"id":"14346","key":"contouring","value":"Contouring"},{"id":"27174","key":"day7flashsale","value":"Day7FlashSale"},{"id":"27171","key":"day4flashsale","value":"Day4FlashSale"},{"id":"26717","key":"fy20brushset-gwp","value":"fy20brushset_gwp"},{"id":"1593","key":"チーク","value":"チーク"}]},"texture":null,"undertone":null,"unit_of_measure":null,"unit_size":null,"unit_size_formatted":null,"upc":"192333030714","vto":{"is_color_experience":null,"is_foundation_experience":null}}]},"sub_display_name":"パウダー ポップ フラワー ハイライター 01 ルナー ポップ","sub_header":null,"tags":{"total":11,"items":[{"id":"1585","key":"gift-center","parent_tag_id":null,"product_display_order":0,"value":"Gift Center"},{"id":"27172","key":"day5flashsale","parent_tag_id":"1590","product_display_order":124,"value":"Day5FlashSale"},{"id":"4323","key":"just-arrived","parent_tag_id":null,"product_display_order":0,"value":"Just Arrived"},{"id":"1685","key":"セットギフト","parent_tag_id":"1684","product_display_order":75,"value":"セット＆ギフト"},{"id":"1594","key":"bronzers","parent_tag_id":"1592","product_display_order":0,"value":"Bronzers"},{"id":"25565","key":"justarrivednew","parent_tag_id":null,"product_display_order":4,"value":"justarrivednew"},{"id":"14346","key":"contouring","parent_tag_id":"1592","product_display_order":0,"value":"Contouring"},{"id":"27174","key":"day7flashsale","parent_tag_id":"1590","product_display_order":0,"value":"Day7FlashSale"},{"id":"27171","key":"day4flashsale","parent_tag_id":"1590","product_display_order":0,"value":"Day4FlashSale"},{"id":"26717","key":"fy20brushset-gwp","parent_tag_id":"1000020","product_display_order":0,"value":"fy20brushset_gwp"},{"id":"1593","key":"チーク","parent_tag_id":"1592","product_display_order":8,"value":"チーク"}]},"usage":[{"content":null,"label":"PRODUCT USAGE","type":"product_usage"},{"content":null,"label":"HOW DOES IT WORK","type":"how_does_it_work"},{"content":null,"label":"WHO IT IS FOR","type":"who_it_is_for"},{"content":null,"label":"GREAT TO KNOW","type":"great_to_know"},{"content":null,"label":"WHAT_IT_DOES","type":"what_it_does"},{"content":null,"label":"WHAT_IT_IS","type":"what_it_is"}],"objectID":"74962"},{"benefit":{"statement":null,"benefits":null},"brand":null,"collection":null,"coverage":null,"cross_sell":null,"default_category":{"id":"1593","key":"チーク"},"description":"肌に艶めきと立体感。<br>光を操る、ポップなフェースカラー。<br><br>ガーベラ柄が散りばめられた、見た目も可愛い、ハイライターとブロンザーが登場。<br>パウダーなのに、肌に溶け込むようなしっとり質感。<br>ハイライター「ルナー ポップ」は、輝く月のようにひと刷毛で顔色明るく、透明感のあるツヤ肌に。<br>ブロンザー「ソーラー ポップ」は、太陽の日差しを浴びたような自然な血色感を与え、瞬時に立体感のある小顔印象へ。　<br>顔全体にも、部分使いにも、マルチに使用可能。<br>光を味方に、ワンランク上の肌仕上がりに。","display_mode":null,"display_name":"パウダー ポップ フラワー ブロンザー 01 ソーラー ポップ","display_status":7,"finish":null,"form":null,"formula_type":null,"fragrance_family":null,"indexable_keywords":null,"is_hazmat":false,"is_product_coming_soon":null,"is_product_displayable":true,"is_product_searchable":true,"is_product_shoppable":true,"is_product_sold_out":null,"is_product_temporarily_out_of_stock":null,"is_search_suppressed":null,"key_ingredient":null,"media":{"large":[{"alt":"パウダー ポップ フラワー ブロンザー 01 ソーラー ポップ","height":1200,"position":0,"src":"/media/export/cms/products/1200x1500/cl_prod_74963_1200x1500_0.png","type":"image","width":1500},{"alt":"パウダー ポップ フラワー ブロンザー 01 ソーラー ポップ","height":1200,"position":1,"src":"/media/export/cms/products/1200x1500/cl_prod_74963_1200x1500_1.png","type":"image","width":1500},{"alt":"パウダー ポップ フラワー ブロンザー 01 ソーラー ポップ","height":1200,"position":2,"src":"/media/export/cms/products/1200x1500/cl_prod_74963_1200x1500_2.png","type":"image","width":1500},{"alt":"パウダー ポップ フラワー ブロンザー 01 ソーラー ポップ","height":1200,"position":3,"src":"/media/export/cms/products/1200x1500/cl_prod_74963_1200x1500_3.png","type":"image","width":1500}],"medium":null,"poster":null,"small":[{"alt":"パウダー ポップ フラワー ブロンザー 01 ソーラー ポップ","height":1200,"position":4,"src":"/media/export/cms/products/1200x1500/cl_prod_74963_1200x1500_0.png","type":"image","width":1500},{"alt":"パウダー ポップ フラワー ブロンザー 01 ソーラー ポップ","height":1200,"position":5,"src":"/media/export/cms/products/1200x1500/cl_prod_74963_1200x1500_1.png","type":"image","width":1500},{"alt":"パウダー ポップ フラワー ブロンザー 01 ソーラー ポップ","height":1200,"position":6,"src":"/media/export/cms/products/1200x1500/cl_prod_74963_1200x1500_2.png","type":"image","width":1500},{"alt":"パウダー ポップ フラワー ブロンザー 01 ソーラー ポップ","height":1200,"position":7,"src":"/media/export/cms/products/1200x1500/cl_prod_74963_1200x1500_3.png","type":"image","width":1500}],"videos":[{"position":null,"poster":{"height":null,"src":null,"width":null},"provider":null,"src":null},{"position":null,"poster":{"height":null,"src":null,"width":null},"provider":null,"src":null},{"position":null,"poster":{"height":null,"src":null,"width":null},"provider":null,"src":null}],"xl":null},"meta":{"description":null,"keywords":null},"parent_category":[{"id":"1593","value":"チーク"},{"id":"1592","value":"メーク"}],"product_badge":null,"product_id":"74963","product_title_tag":null,"product_type":"Other","product_url":"/product/1593/74963/--01-/powder-pop-solar-pop","reviews":{"average_rating":null,"number_of_questions":null,"number_of_reviews":null},"shade_groups":null,"short_description":"肌に艶めきと立体感。<br>光を操る、ポップなフェースカラー。<br><br>ガーベラ柄が散りばめられた、見た目も可愛い、ハイライターとブロンザーが登場。<br>パウダーなのに、肌に溶け込むようなしっとり質感。<br>ハイライター「ルナー ポップ」は、輝く月のようにひと刷毛で顔色明るく、透明感のあるツヤ肌に。<br>ブロンザー「ソーラー ポップ」は、太陽の日差しを浴びたような自然な血色感を与え、瞬時に立体感のある小顔印象へ。　<br>顔全体にも、部分使いにも、マルチに使用可能。<br>光を味方に、ワンランク上の肌仕上がりに。","skin":null,"skin_goal":null,"skus":{"total":1,"items":[{"color_family":null,"coverage_options":null,"cross_sell":null,"display_status":7,"finish":null,"finish_options":null,"fragrances":[{"family":null,"key":null,"value":null}],"iln_listing":"合成金雲母・（ＨＤＩ／トリメチロールヘキシルラクトン）クロスポリマー・エチルヘキサン酸セテアリル・スクワラン・グリセリン・エチルヘキシルグリセリン・ポリソルベート２０・カプリリルグリコール・１，２－ヘキサンジオール・トチャカエキス・テトラ（ジ－ｔ－ブチルヒドロキシヒドロケイヒ酸）ペンタエリスリチル・リン酸２Ｃａ　＋／－　マイカ・酸化チタン・酸化鉄・シリカ・酸化スズ<JILN10013>","iln_version_number":"JILN10013","inventory_status":"Active","is_active":true,"is_coming_soon":null,"is_default_sku":false,"is_discountable":true,"is_displayable":null,"is_engravable":null,"is_fragrance":null,"is_giftable":null,"is_giftwrap":false,"is_inactive":null,"is_multi_shaded":null,"is_out_of_stock":null,"is_preorder":false,"is_preorderable":null,"is_promotional":null,"is_replenishable":false,"is_search_suppressed":null,"is_searchable":true,"is_shaded":null,"is_sized":null,"is_sold_out":null,"is_under_weight_hazmat":false,"is_vto_enabled":null,"life_of_product":"Basic Reorder","material_code":"KR6E010000","media":{"large":[{"alt":"パウダー ポップ フラワー ブロンザー 01 ソーラー ポップ","height":1200,"position":1,"src":"/media/export/cms/products/1200x1500/cl_sku_KR6E01_1200x1500_0.png","type":"image","width":1500}],"medium":[{"alt":"パウダー ポップ フラワー ブロンザー 01 ソーラー ポップ","height":600,"position":2,"src":"/media/export/cms/products/600x750/cl_sku_KR6E01_600x750_0.png","type":"image","width":750}],"model":null,"poster":null,"small":[{"alt":"パウダー ポップ フラワー ブロンザー 01 ソーラー ポップ","height":1200,"position":3,"src":"/media/export/cms/products/1200x1500/cl_sku_KR6E01_1200x1500_0.png","type":"image","width":1500}],"smoosh":[{"alt":"パウダー ポップ フラワー ブロンザー 01 ソーラー ポップ","height":1200,"position":0,"src":"/media/export/cms/products/1200x1500/swatches_v3/57_ns_ng.png","type":"image","width":1500}],"xl":null},"out_of_stock_threshold":null,"perlgem":{"SKU_BASE_ID":115222},"preorder_date":null,"prices":[{"currency":"JPY","exclude_tax":{"original_price":4000,"original_price_formatted":"¥4,000","price":4000,"price_formatted":"¥4,000","price_per_unit":null,"price_per_unit_formatted":""},"include_tax":{"original_price":4400,"original_price_formatted":"¥4,400","price":4400,"price_formatted":"¥4,400","price_per_unit":null,"price_per_unit_formatted":""},"is_discounted":false}],"purchase_limit":null,"replenishment":{"message":null},"reviews":{"average_rating":null,"number_of_questions":null,"number_of_reviews":null},"set_components":null,"shade_groups":null,"shades":[{"description":"","hex_val":"#ba7b5b","image":{"height":null,"src":"","width":null},"name":"Solar Pop","smoosh_design":{"group_id":null,"name":"57::none::none"}}],"sizes":[{"key":1,"value":"9g"}],"skin":{"tone":null,"type":null,"type_description":null},"sku_badge":null,"sku_badge_image":null,"sku_display_order":0,"sku_id":"KR6E01","sku_promo_messaging":null,"sku_type":"SE","sku_url":null,"tags":{"total":10,"items":[{"id":"1593","key":"チーク","value":"チーク"},{"id":"27171","key":"day4flashsale","value":"Day4FlashSale"},{"id":"26717","key":"fy20brushset-gwp","value":"fy20brushset_gwp"},{"id":"1585","key":"gift-center","value":"Gift Center"},{"id":"27172","key":"day5flashsale","value":"Day5FlashSale"},{"id":"4323","key":"just-arrived","value":"Just Arrived"},{"id":"1594","key":"bronzers","value":"Bronzers"},{"id":"1685","key":"セットギフト","value":"セット＆ギフト"},{"id":"27174","key":"day7flashsale","value":"Day7FlashSale"},{"id":"14346","key":"contouring","value":"Contouring"}]},"texture":null,"undertone":null,"unit_of_measure":null,"unit_size":null,"unit_size_formatted":null,"upc":"192333046005","vto":{"is_color_experience":null,"is_foundation_experience":null}}]},"sub_display_name":"パウダー ポップ フラワー ブロンザー 01 ソーラー ポップ","sub_header":null,"tags":{"total":10,"items":[{"id":"1593","key":"チーク","parent_tag_id":"1592","product_display_order":9,"value":"チーク"},{"id":"27171","key":"day4flashsale","parent_tag_id":"1590","product_display_order":0,"value":"Day4FlashSale"},{"id":"26717","key":"fy20brushset-gwp","parent_tag_id":"1000020","product_display_order":0,"value":"fy20brushset_gwp"},{"id":"1585","key":"gift-center","parent_tag_id":null,"product_display_order":0,"value":"Gift Center"},{"id":"27172","key":"day5flashsale","parent_tag_id":"1590","product_display_order":97,"value":"Day5FlashSale"},{"id":"4323","key":"just-arrived","parent_tag_id":null,"product_display_order":0,"value":"Just Arrived"},{"id":"1594","key":"bronzers","parent_tag_id":"1592","product_display_order":0,"value":"Bronzers"},{"id":"1685","key":"セットギフト","parent_tag_id":"1684","product_display_order":76,"value":"セット＆ギフト"},{"id":"27174","key":"day7flashsale","parent_tag_id":"1590","product_display_order":0,"value":"Day7FlashSale"},{"id":"14346","key":"contouring","parent_tag_id":"1592","product_display_order":0,"value":"Contouring"}]},"usage":[{"content":null,"label":"PRODUCT USAGE","type":"product_usage"},{"content":null,"label":"HOW DOES IT WORK","type":"how_does_it_work"},{"content":null,"label":"WHO IT IS FOR","type":"who_it_is_for"},{"content":null,"label":"GREAT TO KNOW","type":"great_to_know"},{"content":null,"label":"WHAT_IT_DOES","type":"what_it_does"},{"content":null,"label":"WHAT_IT_IS","type":"what_it_is"}],"objectID":"74963"},{"benefit":{"statement":null,"benefits":null},"brand":null,"collection":null,"coverage":null,"cross_sell":null,"default_category":{"id":"1592","key":"メーク"},"description":"頬に美しさ咲き誇る、フラワー ガーデン。<br>クリニーク人気のチーク「チーク ポップ」から、花々が型押しされた、限定フラワーコレクションが登場！<br><br>キメ細かいパウダーが頬にピュアな彩りを添える、「チーク ポップ」から、3種の限定版が登場。<br>人気NO.1のカラー、パンジー ポップには、大輪の「ピオニー（芍薬）」。<br>キュートなコーラル ピンクのブラッシュ ポップには、鮮やかな「ハイビスカス」。<br>ペールピンクのバレリーナ ポップには、可憐な「桜」を型押し。<br>色とりどりに咲き誇る花々のように、チークで色を咲かせましょう。<br><br>6月 29日(月) オンライン先行数量限定発売<br>7月 3日(金) 全国数量限定発売<br>","display_mode":null,"display_name":"チーク ポップ #15 パンジー ポップ","display_status":7,"finish":null,"form":null,"formula_type":null,"fragrance_family":null,"indexable_keywords":null,"is_hazmat":false,"is_product_coming_soon":null,"is_product_displayable":true,"is_product_searchable":true,"is_product_shoppable":true,"is_product_sold_out":null,"is_product_temporarily_out_of_stock":null,"is_search_suppressed":null,"key_ingredient":null,"media":{"large":[{"alt":"チーク ポップ #15 パンジー ポップ","height":1200,"position":0,"src":"/media/export/cms/products/1200x1500/cl_prod_75526_1200x1500_0.png","type":"image","width":1500},{"alt":"チーク ポップ #15 パンジー ポップ","height":1200,"position":1,"src":"/media/export/cms/products/1200x1500/cl_prod_75526_1200x1500_1.png","type":"image","width":1500}],"medium":null,"poster":null,"small":[{"alt":"チーク ポップ #15 パンジー ポップ","height":1200,"position":2,"src":"/media/export/cms/products/1200x1500/cl_prod_75526_1200x1500_0.png","type":"image","width":1500},{"alt":"チーク ポップ #15 パンジー ポップ","height":1200,"position":3,"src":"/media/export/cms/products/1200x1500/cl_prod_75526_1200x1500_1.png","type":"image","width":1500}],"videos":[{"position":null,"poster":{"height":null,"src":null,"width":null},"provider":null,"src":null},{"position":null,"poster":{"height":null,"src":null,"width":null},"provider":null,"src":null},{"position":null,"poster":{"height":null,"src":null,"width":null},"provider":null,"src":null}],"xl":null},"meta":{"description":null,"keywords":null},"parent_category":[{"id":"1592","value":"メーク"}],"product_badge":null,"product_id":"75526","product_title_tag":null,"product_type":"Shaded","product_url":"/product/1592/75526/-15-/clinique-cheek-pop","reviews":{"average_rating":null,"number_of_questions":null,"number_of_reviews":null},"shade_groups":null,"short_description":"頬に美しさ咲き誇る、フラワー ガーデン。<br>クリニーク人気のチーク「チーク ポップ」から、花々が型押しされた、限定フラワーコレクションが登場！<br><br>キメ細かいパウダーが頬にピュアな彩りを添える、「チーク ポップ」から、3種の限定版が登場。<br>人気NO.1のカラー、パンジー ポップには、大輪の「ピオニー（芍薬）」。<br>キュートなコーラル ピンクのブラッシュ ポップには、鮮やかな「ハイビスカス」。<br>ペールピンクのバレリーナ ポップには、可憐な「桜」を型押し。<br>色とりどりに咲き誇る花々のように、チークで色を咲かせましょう。<br><br>6月 29日(月) オンライン先行数量限定発売<br>7月 3日(金) 全国数量限定発売<br>","skin":null,"skin_goal":null,"skus":{"total":1,"items":[{"color_family":null,"coverage_options":null,"cross_sell":null,"display_status":7,"finish":null,"finish_options":null,"fragrances":[{"family":null,"key":null,"value":null}],"iln_listing":"（ＨＤＩ／トリメチロールヘキシルラクトン）クロスポリマー・エチルヘキサン酸セテアリル・グリセリン・リン酸２Ｃａ・ポリテトラフルオロエチレン・ジメチコン・スクワラン・ステアリン酸亜鉛・ラウロイルリシン・エチルヘキシルグリセリン・カプリリルグリコール・ポリソルベート８０・１，２－ヘキサンジオール・カラギーナン・シリカ・テトラ（ジ－ｔ－ブチルヒドロキシヒドロケイヒ酸）ペンタエリスリチル　＋／－　マイカ・酸化チタン・マンガンバイオレット・酸化鉄・硫酸Ｂａ・タルク・黄５・赤２０２・赤２２６・ロジン<JILN8274>","iln_version_number":"JILN8274","inventory_status":"Active","is_active":true,"is_coming_soon":null,"is_default_sku":false,"is_discountable":true,"is_displayable":null,"is_engravable":null,"is_fragrance":null,"is_giftable":null,"is_giftwrap":false,"is_inactive":null,"is_multi_shaded":null,"is_out_of_stock":null,"is_preorder":false,"is_preorderable":null,"is_promotional":null,"is_replenishable":false,"is_search_suppressed":null,"is_searchable":true,"is_shaded":null,"is_sized":null,"is_sold_out":null,"is_under_weight_hazmat":false,"is_vto_enabled":null,"life_of_product":"Limited life","material_code":"KM6K010000","media":{"large":[{"alt":"チーク ポップ #15 パンジー ポップ","height":1200,"position":1,"src":"/media/export/cms/products/1200x1500/cl_sku_KM6K01_1200x1500_0.png","type":"image","width":1500}],"medium":[{"alt":"チーク ポップ #15 パンジー ポップ","height":600,"position":2,"src":"/media/export/cms/products/600x750/cl_sku_KM6K01_600x750_0.png","type":"image","width":750}],"model":null,"poster":null,"small":[{"alt":"チーク ポップ #15 パンジー ポップ","height":1200,"position":3,"src":"/media/export/cms/products/1200x1500/cl_sku_KM6K01_1200x1500_0.png","type":"image","width":1500}],"smoosh":[{"alt":"チーク ポップ #15 パンジー ポップ","height":1200,"position":0,"src":"/media/export/cms/products/1200x1500/swatches_v3/35_ns_ng.png","type":"image","width":1500}],"xl":null},"out_of_stock_threshold":null,"perlgem":{"SKU_BASE_ID":115978},"preorder_date":null,"prices":[{"currency":"JPY","exclude_tax":{"original_price":3300,"original_price_formatted":"¥3,300","price":3300,"price_formatted":"¥3,300","price_per_unit":null,"price_per_unit_formatted":""},"include_tax":{"original_price":3630,"original_price_formatted":"¥3,630","price":3630,"price_formatted":"¥3,630","price_per_unit":null,"price_per_unit_formatted":""},"is_discounted":false}],"purchase_limit":null,"replenishment":{"message":null},"reviews":{"average_rating":null,"number_of_questions":null,"number_of_reviews":null},"set_components":null,"shade_groups":null,"shades":[{"description":"","hex_val":"#d098c4","image":{"height":null,"src":"","width":null},"name":"#15 ﾊﾟﾝｼﾞｰ ﾎﾟｯﾌﾟ","smoosh_design":{"group_id":null,"name":"35::none::none"}}],"sizes":[{"key":1,"value":null}],"skin":{"tone":null,"type":null,"type_description":null},"sku_badge":null,"sku_badge_image":null,"sku_display_order":0,"sku_id":"KM6K01","sku_promo_messaging":null,"sku_type":"SE","sku_url":null,"tags":{"total":2,"items":[{"id":"1593","key":"チーク","value":"チーク"},{"id":"1592","key":"メーク","value":"メーク"}]},"texture":null,"undertone":null,"unit_of_measure":null,"unit_size":null,"unit_size_formatted":null,"upc":"192333020869","vto":{"is_color_experience":null,"is_foundation_experience":null}}]},"sub_display_name":"チーク ポップ #15 パンジー ポップ","sub_header":null,"tags":{"total":2,"items":[{"id":"1593","key":"チーク","parent_tag_id":"1592","product_display_order":2,"value":"チーク"},{"id":"1592","key":"メーク","parent_tag_id":null,"product_display_order":0,"value":"メーク"}]},"usage":[{"content":null,"label":"PRODUCT USAGE","type":"product_usage"},{"content":null,"label":"HOW DOES IT WORK","type":"how_does_it_work"},{"content":null,"label":"WHO IT IS FOR","type":"who_it_is_for"},{"content":null,"label":"GREAT TO KNOW","type":"great_to_know"},{"content":null,"label":"WHAT_IT_DOES","type":"what_it_does"},{"content":null,"label":"WHAT_IT_IS","type":"what_it_is"}],"objectID":"75526"},{"benefit":{"statement":null,"benefits":[{"key":"addsshine-benefit","value":"addsshine_benefit"},{"key":"hydrating-benefit","value":"hydrating_benefit"},{"key":"moisturizing-benefit","value":"moisturizing_benefit"}]},"brand":null,"collection":[{"key":"moisture-surge-collection","value":"moisture_surge_collection"}],"coverage":null,"cross_sell":null,"default_category":{"id":"1683","key":"アイ-リップ-ケア"},"description":"潤い満ちる。<br> ほんのりポップな<br> フルーツカラー。<br><br> 潤いのスペシャリスト「モイスチャーサージ」シリーズから、「グロス・バーム・カラー」3つの機能を１本にした、“カラーリップ バーム”が登場！<br><br>①外側の細かなラメ入りグロスは、ぷるんとナチュラルなツヤを演出。<br> ②真ん中の潤いバームは、保湿成分アロエバター<font size=\"1\">*1</font>、シアバター<font size=\"1\">*2</font>配合。乾燥した唇を潤いで満たし、ふっくらリップケア。<br> ③中心のシアーに色づくカラーは、ジューシーなもぎたてフルーツカラー。ほんのり血色感をプラスして、リップをポップに彩ります。<br><br>毎日のリップケアとして、またリップメークのベースや仕上げとしても。マルチユース可能な、見た目もかわいい６色展開。みずみずしさ弾けるうるツヤリップへ。<br><br> 3月27日（金）オンライン先行発売<br> ４月３日（金）全国発売<br><br><font size=\"1\">＊1ヤシ油で抽出したアロエベラ葉エキス＊2シア脂</font><br><br>※カラー名の下に表示の色はリップ バーム外側のラメ入りグロスの色になっております。","display_mode":null,"display_name":"モイスチャー サージ ポップ トリプル リップ バーム","display_status":7,"finish":null,"form":null,"formula_type":null,"fragrance_family":null,"indexable_keywords":null,"is_hazmat":false,"is_product_coming_soon":null,"is_product_displayable":true,"is_product_searchable":true,"is_product_shoppable":true,"is_product_sold_out":null,"is_product_temporarily_out_of_stock":null,"is_search_suppressed":null,"key_ingredient":null,"media":{"large":null,"medium":null,"poster":null,"small":null,"videos":[{"position":null,"poster":{"height":null,"src":null,"width":null},"provider":null,"src":null},{"position":null,"poster":{"height":null,"src":null,"width":null},"provider":null,"src":null},{"position":null,"poster":{"height":null,"src":null,"width":null},"provider":null,"src":null}],"xl":null},"meta":{"description":null,"keywords":null},"parent_category":[{"id":"1683","value":"アイ & リップ ケア"},{"id":"1667","value":"スキンケア"}],"product_badge":null,"product_id":"76196","product_title_tag":null,"product_type":"Shaded","product_url":"/product/1683/76196/-/--/moisture-surge-pop-triple-lip-balm","reviews":{"average_rating":null,"number_of_questions":null,"number_of_reviews":null},"shade_groups":null,"short_description":"潤い満ちる。<br> ほんのりポップな<br> フルーツカラー。<br><br> 潤いのスペシャリスト「モイスチャーサージ」シリーズから、「グロス・バーム・カラー」3つの機能を１本にした、“カラーリップ バーム”が登場！<br><br>①外側の細かなラメ入りグロスは、ぷるんとナチュラルなツヤを演出。<br> ②真ん中の潤いバームは、保湿成分アロエバター<font size=\"1\">*1</font>、シアバター<font size=\"1\">*2</font>配合。乾燥した唇を潤いで満たし、ふっくらリップケア。<br> ③中心のシアーに色づくカラーは、ジューシーなもぎたてフルーツカラー。ほんのり血色感をプラスして、リップをポップに彩ります。<br><br>毎日のリップケアとして、またリップメークのベースや仕上げとしても。マルチユース可能な、見た目もかわいい６色展開。みずみずしさ弾けるうるツヤリップへ。<br><br> 3月27日（金）オンライン先行発売<br> ４月３日（金）全国発売<br><br><font size=\"1\">＊1ヤシ油で抽出したアロエベラ葉エキス＊2シア脂</font><br><br>※カラー名の下に表示の色はリップ バーム外側のラメ入りグロスの色になっております。","skin":null,"skin_goal":null,"skus":{"total":6,"items":[{"color_family":null,"coverage_options":null,"cross_sell":null,"display_status":7,"finish":null,"finish_options":null,"fragrances":[{"family":null,"key":null,"value":null}],"iln_listing":"オクチルドデカノール・合成金雲母・（アジピン酸／カプリン酸／カプリル酸／ヘプタン酸）ペンタエリスリチル・ワセリン・ビスジグリセリルポリアシルアジペート－２・ポリエチレン・水添ジリノレイルアルコール・（ステアロキシメチコン／ジメチコン）コポリマー・ポリブテン・マイクロクリスタリンワックス・シリカ・パルミチン酸エチルヘキシル・ヒドロキシエチルエチルセルロース・セスキステアリン酸メチルグルコース・エチルセルロース・酢酸トコフェロール・（Ｃ２０－４０）パレス－１０・カプリリルグリコール・（メタクリル酸ラウリル／ジメタクリル酸エチレングリコール）コポリマー・ＰＣＡラウリル・リノール酸・オレイン酸・イソステアリン酸ポリグリセリル－４・セチルＰＥＧ／ＰＰＧ－１０／１ジメチコン・ラウリン酸ヘキシル・コレステロール・ジメチルシリル化シリカ・ステアリン酸グリセリル・リノレン酸・水・パルミチン酸・オリーブ果汁・ＢＧ・シア脂・コレステロール（羊毛）・ヤシ油・アロエベラ葉エキス・トリエトキシカプリリルシラン・ヒアルロン酸Ｎａ・アルミナ・コムギフスマエキス・ヘキシレングリコール・硫酸Ｋ・グリセリン・カルボマー・ポリソルベート２０・ＢＨＴ・パルミトイルトリペプチド－１・パルミトイルテトラペプチド－７・フェノキシエタノール　＋／－　ホウケイ酸（Ｃａ／Ｎａ）・酸化チタン・マイカ・赤１０４（１）・赤２２７・酸化鉄・黄４・炭酸Ｃａ・赤２０２・赤２０１・青１・酸化スズ・ホウケイ酸（Ｃａ／Ａｌ）・赤２１８・マンガンバイオレット・赤２３０（１）・赤２２６・カルミン・オキシ塩化ビスマス・黄５・橙２０１・赤２２３<JILN010028>","iln_version_number":"JILN010028","inventory_status":"Active","is_active":true,"is_coming_soon":null,"is_default_sku":false,"is_discountable":true,"is_displayable":null,"is_engravable":null,"is_fragrance":null,"is_giftable":null,"is_giftwrap":false,"is_inactive":null,"is_multi_shaded":null,"is_out_of_stock":null,"is_preorder":false,"is_preorderable":null,"is_promotional":null,"is_replenishable":false,"is_search_suppressed":null,"is_searchable":true,"is_shaded":null,"is_sized":null,"is_sold_out":null,"is_under_weight_hazmat":false,"is_vto_enabled":null,"life_of_product":"Basic Reorder","material_code":"KLL7060000","media":{"large":[{"alt":"モイスチャー サージ ポップ トリプル リップ バーム","height":1200,"position":1,"src":"/media/export/cms/products/1200x1500/cl_sku_KLL706_1200x1500_0.png","type":"image","width":1500}],"medium":[{"alt":"モイスチャー サージ ポップ トリプル リップ バーム","height":600,"position":2,"src":"/media/export/cms/products/600x750/cl_sku_KLL706_600x750_0.png","type":"image","width":750}],"model":null,"poster":null,"small":[{"alt":"モイスチャー サージ ポップ トリプル リップ バーム","height":1200,"position":3,"src":"/media/export/cms/products/1200x1500/cl_sku_KLL706_1200x1500_0.png","type":"image","width":1500}],"smoosh":[{"alt":"モイスチャー サージ ポップ トリプル リップ バーム","height":1200,"position":0,"src":"/media/export/cms/products/1200x1500/swatches_v3/74_ns_ng.png","type":"image","width":1500}],"xl":null},"out_of_stock_threshold":null,"perlgem":{"SKU_BASE_ID":117136},"preorder_date":null,"prices":[{"currency":"JPY","exclude_tax":{"original_price":3200,"original_price_formatted":"¥3,200","price":3200,"price_formatted":"¥3,200","price_per_unit":null,"price_per_unit_formatted":""},"include_tax":{"original_price":3520,"original_price_formatted":"¥3,520","price":3520,"price_formatted":"¥3,520","price_per_unit":null,"price_per_unit_formatted":""},"is_discounted":false}],"purchase_limit":null,"replenishment":{"message":null},"reviews":{"average_rating":null,"number_of_questions":null,"number_of_reviews":null},"set_components":null,"shade_groups":null,"shades":[{"description":"","hex_val":"#f37b6f","image":{"height":null,"src":"","width":null},"name":"グレープ フルーツ","smoosh_design":{"group_id":null,"name":"74::none::none"}}],"sizes":[{"key":1,"value":null}],"skin":{"tone":null,"type":null,"type_description":null},"sku_badge":null,"sku_badge_image":null,"sku_display_order":0,"sku_id":"KLL706","sku_promo_messaging":null,"sku_type":"SE","sku_url":null,"tags":{"total":8,"items":[{"id":"25356","key":"lip-care","value":"Lip Care"},{"id":"4323","key":"just-arrived","value":"Just Arrived"},{"id":"1667","key":"スキンケア","value":"スキンケア"},{"id":"1683","key":"アイ-リップ-ケア","value":"アイ & リップ ケア"},{"id":"1687","key":"乾燥","value":"乾燥"},{"id":"1603","key":"リップグロス","value":"リップグロス"},{"id":"1605","key":"リップスティック","value":"リップスティック"},{"id":"25565","key":"justarrivednew","value":"justarrivednew"}]},"texture":null,"undertone":null,"unit_of_measure":null,"unit_size":null,"unit_size_formatted":null,"upc":"192333016428","vto":{"is_color_experience":null,"is_foundation_experience":null}},{"color_family":null,"coverage_options":null,"cross_sell":null,"display_status":7,"finish":null,"finish_options":null,"fragrances":[{"family":null,"key":null,"value":null}],"iln_listing":"オクチルドデカノール・合成金雲母・（アジピン酸／カプリン酸／カプリル酸／ヘプタン酸）ペンタエリスリチル・ワセリン・ビスジグリセリルポリアシルアジペート－２・ポリエチレン・水添ジリノレイルアルコール・（ステアロキシメチコン／ジメチコン）コポリマー・ポリブテン・マイクロクリスタリンワックス・シリカ・パルミチン酸エチルヘキシル・ヒドロキシエチルエチルセルロース・セスキステアリン酸メチルグルコース・エチルセルロース・酢酸トコフェロール・（Ｃ２０－４０）パレス－１０・カプリリルグリコール・（メタクリル酸ラウリル／ジメタクリル酸エチレングリコール）コポリマー・ＰＣＡラウリル・リノール酸・オレイン酸・イソステアリン酸ポリグリセリル－４・セチルＰＥＧ／ＰＰＧ－１０／１ジメチコン・ラウリン酸ヘキシル・コレステロール・ジメチルシリル化シリカ・ステアリン酸グリセリル・リノレン酸・水・パルミチン酸・オリーブ果汁・ＢＧ・シア脂・コレステロール（羊毛）・ヤシ油・アロエベラ葉エキス・トリエトキシカプリリルシラン・ヒアルロン酸Ｎａ・アルミナ・コムギフスマエキス・ヘキシレングリコール・硫酸Ｋ・グリセリン・カルボマー・ポリソルベート２０・ＢＨＴ・パルミトイルトリペプチド－１・パルミトイルテトラペプチド－７・フェノキシエタノール　＋／－　ホウケイ酸（Ｃａ／Ｎａ）・酸化チタン・マイカ・赤１０４（１）・赤２２７・酸化鉄・黄４・炭酸Ｃａ・赤２０２・赤２０１・青１・酸化スズ・ホウケイ酸（Ｃａ／Ａｌ）・赤２１８・マンガンバイオレット・赤２３０（１）・赤２２６・カルミン・オキシ塩化ビスマス・黄５・橙２０１・赤２２３<JILN010028>","iln_version_number":"JILN010028","inventory_status":"Active","is_active":true,"is_coming_soon":null,"is_default_sku":false,"is_discountable":true,"is_displayable":null,"is_engravable":null,"is_fragrance":null,"is_giftable":null,"is_giftwrap":false,"is_inactive":null,"is_multi_shaded":null,"is_out_of_stock":null,"is_preorder":false,"is_preorderable":null,"is_promotional":null,"is_replenishable":false,"is_search_suppressed":null,"is_searchable":true,"is_shaded":null,"is_sized":null,"is_sold_out":null,"is_under_weight_hazmat":false,"is_vto_enabled":null,"life_of_product":"Basic Reorder","material_code":"KLL7010000","media":{"large":[{"alt":"モイスチャー サージ ポップ トリプル リップ バーム","height":1200,"position":1,"src":"/media/export/cms/products/1200x1500/cl_sku_KLL701_1200x1500_0.png","type":"image","width":1500}],"medium":[{"alt":"モイスチャー サージ ポップ トリプル リップ バーム","height":600,"position":2,"src":"/media/export/cms/products/600x750/cl_sku_KLL701_600x750_0.png","type":"image","width":750}],"model":null,"poster":null,"small":[{"alt":"モイスチャー サージ ポップ トリプル リップ バーム","height":1200,"position":3,"src":"/media/export/cms/products/1200x1500/cl_sku_KLL701_1200x1500_0.png","type":"image","width":1500}],"smoosh":[{"alt":"モイスチャー サージ ポップ トリプル リップ バーム","height":1200,"position":0,"src":"/media/export/cms/products/1200x1500/swatches_v3/74_ns_ng.png","type":"image","width":1500}],"xl":null},"out_of_stock_threshold":null,"perlgem":{"SKU_BASE_ID":117131},"preorder_date":null,"prices":[{"currency":"JPY","exclude_tax":{"original_price":3200,"original_price_formatted":"¥3,200","price":3200,"price_formatted":"¥3,200","price_per_unit":null,"price_per_unit_formatted":""},"include_tax":{"original_price":3520,"original_price_formatted":"¥3,520","price":3520,"price_formatted":"¥3,520","price_per_unit":null,"price_per_unit_formatted":""},"is_discounted":false}],"purchase_limit":null,"replenishment":{"message":null},"reviews":{"average_rating":null,"number_of_questions":null,"number_of_reviews":null},"set_components":null,"shade_groups":null,"shades":[{"description":"","hex_val":"#d75468","image":{"height":null,"src":"","width":null},"name":"ゴジ ベリー","smoosh_design":{"group_id":null,"name":"74::none::none"}}],"sizes":[{"key":1,"value":null}],"skin":{"tone":null,"type":null,"type_description":null},"sku_badge":null,"sku_badge_image":null,"sku_display_order":0,"sku_id":"KLL701","sku_promo_messaging":null,"sku_type":"SE","sku_url":null,"tags":{"total":8,"items":[{"id":"25356","key":"lip-care","value":"Lip Care"},{"id":"4323","key":"just-arrived","value":"Just Arrived"},{"id":"1667","key":"スキンケア","value":"スキンケア"},{"id":"1683","key":"アイ-リップ-ケア","value":"アイ & リップ ケア"},{"id":"1687","key":"乾燥","value":"乾燥"},{"id":"1603","key":"リップグロス","value":"リップグロス"},{"id":"1605","key":"リップスティック","value":"リップスティック"},{"id":"25565","key":"justarrivednew","value":"justarrivednew"}]},"texture":null,"undertone":null,"unit_of_measure":null,"unit_size":null,"unit_size_formatted":null,"upc":"192333016374","vto":{"is_color_experience":null,"is_foundation_experience":null}},{"color_family":null,"coverage_options":null,"cross_sell":null,"display_status":7,"finish":null,"finish_options":null,"fragrances":[{"family":null,"key":null,"value":null}],"iln_listing":"オクチルドデカノール・合成金雲母・（アジピン酸／カプリン酸／カプリル酸／ヘプタン酸）ペンタエリスリチル・ワセリン・ビスジグリセリルポリアシルアジペート－２・ポリエチレン・水添ジリノレイルアルコール・（ステアロキシメチコン／ジメチコン）コポリマー・ポリブテン・マイクロクリスタリンワックス・シリカ・パルミチン酸エチルヘキシル・ヒドロキシエチルエチルセルロース・セスキステアリン酸メチルグルコース・エチルセルロース・酢酸トコフェロール・（Ｃ２０－４０）パレス－１０・カプリリルグリコール・（メタクリル酸ラウリル／ジメタクリル酸エチレングリコール）コポリマー・ＰＣＡラウリル・リノール酸・オレイン酸・イソステアリン酸ポリグリセリル－４・セチルＰＥＧ／ＰＰＧ－１０／１ジメチコン・ラウリン酸ヘキシル・コレステロール・ジメチルシリル化シリカ・ステアリン酸グリセリル・リノレン酸・水・パルミチン酸・オリーブ果汁・ＢＧ・シア脂・コレステロール（羊毛）・ヤシ油・アロエベラ葉エキス・トリエトキシカプリリルシラン・ヒアルロン酸Ｎａ・アルミナ・コムギフスマエキス・ヘキシレングリコール・硫酸Ｋ・グリセリン・カルボマー・ポリソルベート２０・ＢＨＴ・パルミトイルトリペプチド－１・パルミトイルテトラペプチド－７・フェノキシエタノール　＋／－　ホウケイ酸（Ｃａ／Ｎａ）・酸化チタン・マイカ・赤１０４（１）・赤２２７・酸化鉄・黄４・炭酸Ｃａ・赤２０２・赤２０１・青１・酸化スズ・ホウケイ酸（Ｃａ／Ａｌ）・赤２１８・マンガンバイオレット・赤２３０（１）・赤２２６・カルミン・オキシ塩化ビスマス・黄５・橙２０１・赤２２３<JILN010028>","iln_version_number":"JILN010028","inventory_status":"Active","is_active":true,"is_coming_soon":null,"is_default_sku":false,"is_discountable":true,"is_displayable":null,"is_engravable":null,"is_fragrance":null,"is_giftable":null,"is_giftwrap":false,"is_inactive":null,"is_multi_shaded":null,"is_out_of_stock":null,"is_preorder":false,"is_preorderable":null,"is_promotional":null,"is_replenishable":false,"is_search_suppressed":null,"is_searchable":true,"is_shaded":null,"is_sized":null,"is_sold_out":null,"is_under_weight_hazmat":false,"is_vto_enabled":null,"life_of_product":"Basic Reorder","material_code":"KLL7040000","media":{"large":[{"alt":"モイスチャー サージ ポップ トリプル リップ バーム","height":1200,"position":1,"src":"/media/export/cms/products/1200x1500/cl_sku_KLL704_1200x1500_0.png","type":"image","width":1500}],"medium":[{"alt":"モイスチャー サージ ポップ トリプル リップ バーム","height":600,"position":2,"src":"/media/export/cms/products/600x750/cl_sku_KLL704_600x750_0.png","type":"image","width":750}],"model":null,"poster":null,"small":[{"alt":"モイスチャー サージ ポップ トリプル リップ バーム","height":1200,"position":3,"src":"/media/export/cms/products/1200x1500/cl_sku_KLL704_1200x1500_0.png","type":"image","width":1500}],"smoosh":[{"alt":"モイスチャー サージ ポップ トリプル リップ バーム","height":1200,"position":0,"src":"/media/export/cms/products/1200x1500/swatches_v3/74_ns_ng.png","type":"image","width":1500}],"xl":null},"out_of_stock_threshold":null,"perlgem":{"SKU_BASE_ID":117134},"preorder_date":null,"prices":[{"currency":"JPY","exclude_tax":{"original_price":3200,"original_price_formatted":"¥3,200","price":3200,"price_formatted":"¥3,200","price_per_unit":null,"price_per_unit_formatted":""},"include_tax":{"original_price":3520,"original_price_formatted":"¥3,520","price":3520,"price_formatted":"¥3,520","price_per_unit":null,"price_per_unit_formatted":""},"is_discounted":false}],"purchase_limit":null,"replenishment":{"message":null},"reviews":{"average_rating":null,"number_of_questions":null,"number_of_reviews":null},"set_components":null,"shade_groups":null,"shades":[{"description":"","hex_val":"#f2a897","image":{"height":null,"src":"","width":null},"name":"ライチ","smoosh_design":{"group_id":null,"name":"74::none::none"}}],"sizes":[{"key":1,"value":null}],"skin":{"tone":null,"type":null,"type_description":null},"sku_badge":null,"sku_badge_image":null,"sku_display_order":0,"sku_id":"KLL704","sku_promo_messaging":null,"sku_type":"SE","sku_url":null,"tags":{"total":7,"items":[{"id":"25356","key":"lip-care","value":"Lip Care"},{"id":"4323","key":"just-arrived","value":"Just Arrived"},{"id":"1667","key":"スキンケア","value":"スキンケア"},{"id":"1683","key":"アイ-リップ-ケア","value":"アイ & リップ ケア"},{"id":"1687","key":"乾燥","value":"乾燥"},{"id":"1603","key":"リップグロス","value":"リップグロス"},{"id":"1605","key":"リップスティック","value":"リップスティック"}]},"texture":null,"undertone":null,"unit_of_measure":null,"unit_size":null,"unit_size_formatted":null,"upc":"192333016404","vto":{"is_color_experience":null,"is_foundation_experience":null}},{"color_family":null,"coverage_options":null,"cross_sell":null,"display_status":7,"finish":null,"finish_options":null,"fragrances":[{"family":null,"key":null,"value":null}],"iln_listing":"オクチルドデカノール・合成金雲母・（アジピン酸／カプリン酸／カプリル酸／ヘプタン酸）ペンタエリスリチル・ワセリン・ビスジグリセリルポリアシルアジペート－２・ポリエチレン・水添ジリノレイルアルコール・（ステアロキシメチコン／ジメチコン）コポリマー・ポリブテン・マイクロクリスタリンワックス・シリカ・パルミチン酸エチルヘキシル・ヒドロキシエチルエチルセルロース・セスキステアリン酸メチルグルコース・エチルセルロース・酢酸トコフェロール・（Ｃ２０－４０）パレス－１０・カプリリルグリコール・（メタクリル酸ラウリル／ジメタクリル酸エチレングリコール）コポリマー・ＰＣＡラウリル・リノール酸・オレイン酸・イソステアリン酸ポリグリセリル－４・セチルＰＥＧ／ＰＰＧ－１０／１ジメチコン・ラウリン酸ヘキシル・コレステロール・ジメチルシリル化シリカ・ステアリン酸グリセリル・リノレン酸・水・パルミチン酸・オリーブ果汁・ＢＧ・シア脂・コレステロール（羊毛）・ヤシ油・アロエベラ葉エキス・トリエトキシカプリリルシラン・ヒアルロン酸Ｎａ・アルミナ・コムギフスマエキス・ヘキシレングリコール・硫酸Ｋ・グリセリン・カルボマー・ポリソルベート２０・ＢＨＴ・パルミトイルトリペプチド－１・パルミトイルテトラペプチド－７・フェノキシエタノール　＋／－　ホウケイ酸（Ｃａ／Ｎａ）・酸化チタン・マイカ・赤１０４（１）・赤２２７・酸化鉄・黄４・炭酸Ｃａ・赤２０２・赤２０１・青１・酸化スズ・ホウケイ酸（Ｃａ／Ａｌ）・赤２１８・マンガンバイオレット・赤２３０（１）・赤２２６・カルミン・オキシ塩化ビスマス・黄５・橙２０１・赤２２３<JILN010028>","iln_version_number":"JILN010028","inventory_status":"Active","is_active":true,"is_coming_soon":null,"is_default_sku":false,"is_discountable":true,"is_displayable":null,"is_engravable":null,"is_fragrance":null,"is_giftable":null,"is_giftwrap":false,"is_inactive":null,"is_multi_shaded":null,"is_out_of_stock":null,"is_preorder":false,"is_preorderable":null,"is_promotional":null,"is_replenishable":false,"is_search_suppressed":null,"is_searchable":true,"is_shaded":null,"is_sized":null,"is_sold_out":null,"is_under_weight_hazmat":false,"is_vto_enabled":null,"life_of_product":"Basic Reorder","material_code":"KLL7050000","media":{"large":[{"alt":"モイスチャー サージ ポップ トリプル リップ バーム","height":1200,"position":1,"src":"/media/export/cms/products/1200x1500/cl_sku_KLL705_1200x1500_0.png","type":"image","width":1500}],"medium":[{"alt":"モイスチャー サージ ポップ トリプル リップ バーム","height":600,"position":2,"src":"/media/export/cms/products/600x750/cl_sku_KLL705_600x750_0.png","type":"image","width":750}],"model":null,"poster":null,"small":[{"alt":"モイスチャー サージ ポップ トリプル リップ バーム","height":1200,"position":3,"src":"/media/export/cms/products/1200x1500/cl_sku_KLL705_1200x1500_0.png","type":"image","width":1500}],"smoosh":[{"alt":"モイスチャー サージ ポップ トリプル リップ バーム","height":1200,"position":0,"src":"/media/export/cms/products/1200x1500/swatches_v3/74_ns_ng.png","type":"image","width":1500}],"xl":null},"out_of_stock_threshold":null,"perlgem":{"SKU_BASE_ID":117135},"preorder_date":null,"prices":[{"currency":"JPY","exclude_tax":{"original_price":3200,"original_price_formatted":"¥3,200","price":3200,"price_formatted":"¥3,200","price_per_unit":null,"price_per_unit_formatted":""},"include_tax":{"original_price":3520,"original_price_formatted":"¥3,520","price":3520,"price_formatted":"¥3,520","price_per_unit":null,"price_per_unit_formatted":""},"is_discounted":false}],"purchase_limit":null,"replenishment":{"message":null},"reviews":{"average_rating":null,"number_of_questions":null,"number_of_reviews":null},"set_components":null,"shade_groups":null,"shades":[{"description":"","hex_val":"#d28d88","image":{"height":null,"src":"","width":null},"name":"ブラック ハニー","smoosh_design":{"group_id":null,"name":"74::none::none"}}],"sizes":[{"key":1,"value":null}],"skin":{"tone":null,"type":null,"type_description":null},"sku_badge":null,"sku_badge_image":null,"sku_display_order":0,"sku_id":"KLL705","sku_promo_messaging":null,"sku_type":"SE","sku_url":null,"tags":{"total":7,"items":[{"id":"25356","key":"lip-care","value":"Lip Care"},{"id":"4323","key":"just-arrived","value":"Just Arrived"},{"id":"1667","key":"スキンケア","value":"スキンケア"},{"id":"1683","key":"アイ-リップ-ケア","value":"アイ & リップ ケア"},{"id":"1687","key":"乾燥","value":"乾燥"},{"id":"1603","key":"リップグロス","value":"リップグロス"},{"id":"1605","key":"リップスティック","value":"リップスティック"}]},"texture":null,"undertone":null,"unit_of_measure":null,"unit_size":null,"unit_size_formatted":null,"upc":"192333016411","vto":{"is_color_experience":null,"is_foundation_experience":null}},{"color_family":null,"coverage_options":null,"cross_sell":null,"display_status":7,"finish":null,"finish_options":null,"fragrances":[{"family":null,"key":null,"value":null}],"iln_listing":"オクチルドデカノール・合成金雲母・（アジピン酸／カプリン酸／カプリル酸／ヘプタン酸）ペンタエリスリチル・ワセリン・ビスジグリセリルポリアシルアジペート－２・ポリエチレン・水添ジリノレイルアルコール・（ステアロキシメチコン／ジメチコン）コポリマー・ポリブテン・マイクロクリスタリンワックス・シリカ・パルミチン酸エチルヘキシル・ヒドロキシエチルエチルセルロース・セスキステアリン酸メチルグルコース・エチルセルロース・酢酸トコフェロール・（Ｃ２０－４０）パレス－１０・カプリリルグリコール・（メタクリル酸ラウリル／ジメタクリル酸エチレングリコール）コポリマー・ＰＣＡラウリル・リノール酸・オレイン酸・イソステアリン酸ポリグリセリル－４・セチルＰＥＧ／ＰＰＧ－１０／１ジメチコン・ラウリン酸ヘキシル・コレステロール・ジメチルシリル化シリカ・ステアリン酸グリセリル・リノレン酸・水・パルミチン酸・オリーブ果汁・ＢＧ・シア脂・コレステロール（羊毛）・ヤシ油・アロエベラ葉エキス・トリエトキシカプリリルシラン・ヒアルロン酸Ｎａ・アルミナ・コムギフスマエキス・ヘキシレングリコール・硫酸Ｋ・グリセリン・カルボマー・ポリソルベート２０・ＢＨＴ・パルミトイルトリペプチド－１・パルミトイルテトラペプチド－７・フェノキシエタノール　＋／－　ホウケイ酸（Ｃａ／Ｎａ）・酸化チタン・マイカ・赤１０４（１）・赤２２７・酸化鉄・黄４・炭酸Ｃａ・赤２０２・赤２０１・青１・酸化スズ・ホウケイ酸（Ｃａ／Ａｌ）・赤２１８・マンガンバイオレット・赤２３０（１）・赤２２６・カルミン・オキシ塩化ビスマス・黄５・橙２０１・赤２２３<JILN010028>","iln_version_number":"JILN010028","inventory_status":"Active","is_active":true,"is_coming_soon":null,"is_default_sku":false,"is_discountable":true,"is_displayable":null,"is_engravable":null,"is_fragrance":null,"is_giftable":null,"is_giftwrap":false,"is_inactive":null,"is_multi_shaded":null,"is_out_of_stock":null,"is_preorder":false,"is_preorderable":null,"is_promotional":null,"is_replenishable":false,"is_search_suppressed":null,"is_searchable":true,"is_shaded":null,"is_sized":null,"is_sold_out":null,"is_under_weight_hazmat":false,"is_vto_enabled":null,"life_of_product":"Basic Reorder","material_code":"KLL7030000","media":{"large":[{"alt":"モイスチャー サージ ポップ トリプル リップ バーム","height":1200,"position":1,"src":"/media/export/cms/products/1200x1500/cl_sku_KLL703_1200x1500_0.png","type":"image","width":1500}],"medium":[{"alt":"モイスチャー サージ ポップ トリプル リップ バーム","height":600,"position":2,"src":"/media/export/cms/products/600x750/cl_sku_KLL703_600x750_0.png","type":"image","width":750}],"model":null,"poster":null,"small":[{"alt":"モイスチャー サージ ポップ トリプル リップ バーム","height":1200,"position":3,"src":"/media/export/cms/products/1200x1500/cl_sku_KLL703_1200x1500_0.png","type":"image","width":1500}],"smoosh":[{"alt":"モイスチャー サージ ポップ トリプル リップ バーム","height":1200,"position":0,"src":"/media/export/cms/products/1200x1500/swatches_v3/74_ns_ng.png","type":"image","width":1500}],"xl":null},"out_of_stock_threshold":null,"perlgem":{"SKU_BASE_ID":117133},"preorder_date":null,"prices":[{"currency":"JPY","exclude_tax":{"original_price":3200,"original_price_formatted":"¥3,200","price":3200,"price_formatted":"¥3,200","price_per_unit":null,"price_per_unit_formatted":""},"include_tax":{"original_price":3520,"original_price_formatted":"¥3,520","price":3520,"price_formatted":"¥3,520","price_per_unit":null,"price_per_unit_formatted":""},"is_discounted":false}],"purchase_limit":null,"replenishment":{"message":null},"reviews":{"average_rating":null,"number_of_questions":null,"number_of_reviews":null},"set_components":null,"shade_groups":null,"shades":[{"description":"","hex_val":"#e08ebc","image":{"height":null,"src":"","width":null},"name":"アサイー","smoosh_design":{"group_id":null,"name":"74::none::none"}}],"sizes":[{"key":1,"value":null}],"skin":{"tone":null,"type":null,"type_description":null},"sku_badge":null,"sku_badge_image":null,"sku_display_order":0,"sku_id":"KLL703","sku_promo_messaging":null,"sku_type":"SE","sku_url":null,"tags":{"total":7,"items":[{"id":"25356","key":"lip-care","value":"Lip Care"},{"id":"4323","key":"just-arrived","value":"Just Arrived"},{"id":"1667","key":"スキンケア","value":"スキンケア"},{"id":"1683","key":"アイ-リップ-ケア","value":"アイ & リップ ケア"},{"id":"1687","key":"乾燥","value":"乾燥"},{"id":"1603","key":"リップグロス","value":"リップグロス"},{"id":"1605","key":"リップスティック","value":"リップスティック"}]},"texture":null,"undertone":null,"unit_of_measure":null,"unit_size":null,"unit_size_formatted":null,"upc":"192333016398","vto":{"is_color_experience":null,"is_foundation_experience":null}},{"color_family":null,"coverage_options":null,"cross_sell":null,"display_status":7,"finish":null,"finish_options":null,"fragrances":[{"family":null,"key":null,"value":null}],"iln_listing":"オクチルドデカノール・合成金雲母・（アジピン酸／カプリン酸／カプリル酸／ヘプタン酸）ペンタエリスリチル・ワセリン・ビスジグリセリルポリアシルアジペート－２・ポリエチレン・水添ジリノレイルアルコール・（ステアロキシメチコン／ジメチコン）コポリマー・ポリブテン・マイクロクリスタリンワックス・シリカ・パルミチン酸エチルヘキシル・ヒドロキシエチルエチルセルロース・セスキステアリン酸メチルグルコース・エチルセルロース・酢酸トコフェロール・（Ｃ２０－４０）パレス－１０・カプリリルグリコール・（メタクリル酸ラウリル／ジメタクリル酸エチレングリコール）コポリマー・ＰＣＡラウリル・リノール酸・オレイン酸・イソステアリン酸ポリグリセリル－４・セチルＰＥＧ／ＰＰＧ－１０／１ジメチコン・ラウリン酸ヘキシル・コレステロール・ジメチルシリル化シリカ・ステアリン酸グリセリル・リノレン酸・水・パルミチン酸・オリーブ果汁・ＢＧ・シア脂・コレステロール（羊毛）・ヤシ油・アロエベラ葉エキス・トリエトキシカプリリルシラン・ヒアルロン酸Ｎａ・アルミナ・コムギフスマエキス・ヘキシレングリコール・硫酸Ｋ・グリセリン・カルボマー・ポリソルベート２０・ＢＨＴ・パルミトイルトリペプチド－１・パルミトイルテトラペプチド－７・フェノキシエタノール　＋／－　ホウケイ酸（Ｃａ／Ｎａ）・酸化チタン・マイカ・赤１０４（１）・赤２２７・酸化鉄・黄４・炭酸Ｃａ・赤２０２・赤２０１・青１・酸化スズ・ホウケイ酸（Ｃａ／Ａｌ）・赤２１８・マンガンバイオレット・赤２３０（１）・赤２２６・カルミン・オキシ塩化ビスマス・黄５・橙２０１・赤２２３<JILN010028>","iln_version_number":"JILN010028","inventory_status":"Active","is_active":true,"is_coming_soon":null,"is_default_sku":false,"is_discountable":true,"is_displayable":null,"is_engravable":null,"is_fragrance":null,"is_giftable":null,"is_giftwrap":false,"is_inactive":null,"is_multi_shaded":null,"is_out_of_stock":null,"is_preorder":false,"is_preorderable":null,"is_promotional":null,"is_replenishable":false,"is_search_suppressed":null,"is_searchable":true,"is_shaded":null,"is_sized":null,"is_sold_out":null,"is_under_weight_hazmat":false,"is_vto_enabled":null,"life_of_product":"Basic Reorder","material_code":"KLL7020000","media":{"large":[{"alt":"モイスチャー サージ ポップ トリプル リップ バーム","height":1200,"position":1,"src":"/media/export/cms/products/1200x1500/cl_sku_KLL702_1200x1500_0.png","type":"image","width":1500}],"medium":[{"alt":"モイスチャー サージ ポップ トリプル リップ バーム","height":600,"position":2,"src":"/media/export/cms/products/600x750/cl_sku_KLL702_600x750_0.png","type":"image","width":750}],"model":null,"poster":null,"small":[{"alt":"モイスチャー サージ ポップ トリプル リップ バーム","height":1200,"position":3,"src":"/media/export/cms/products/1200x1500/cl_sku_KLL702_1200x1500_0.png","type":"image","width":1500}],"smoosh":[{"alt":"モイスチャー サージ ポップ トリプル リップ バーム","height":1200,"position":0,"src":"/media/export/cms/products/1200x1500/swatches_v3/74_ns_ng.png","type":"image","width":1500}],"xl":null},"out_of_stock_threshold":null,"perlgem":{"SKU_BASE_ID":117132},"preorder_date":null,"prices":[{"currency":"JPY","exclude_tax":{"original_price":3200,"original_price_formatted":"¥3,200","price":3200,"price_formatted":"¥3,200","price_per_unit":null,"price_per_unit_formatted":""},"include_tax":{"original_price":3520,"original_price_formatted":"¥3,520","price":3520,"price_formatted":"¥3,520","price_per_unit":null,"price_per_unit_formatted":""},"is_discounted":false}],"purchase_limit":null,"replenishment":{"message":null},"reviews":{"average_rating":null,"number_of_questions":null,"number_of_reviews":null},"set_components":null,"shade_groups":null,"shades":[{"description":"","hex_val":"#f2788b","image":{"height":null,"src":"","width":null},"name":"ドラゴン フルーツ","smoosh_design":{"group_id":null,"name":"74::none::none"}}],"sizes":[{"key":1,"value":null}],"skin":{"tone":null,"type":null,"type_description":null},"sku_badge":null,"sku_badge_image":null,"sku_display_order":0,"sku_id":"KLL702","sku_promo_messaging":null,"sku_type":"SE","sku_url":null,"tags":{"total":7,"items":[{"id":"25356","key":"lip-care","value":"Lip Care"},{"id":"4323","key":"just-arrived","value":"Just Arrived"},{"id":"1667","key":"スキンケア","value":"スキンケア"},{"id":"1683","key":"アイ-リップ-ケア","value":"アイ & リップ ケア"},{"id":"1687","key":"乾燥","value":"乾燥"},{"id":"1603","key":"リップグロス","value":"リップグロス"},{"id":"1605","key":"リップスティック","value":"リップスティック"}]},"texture":null,"undertone":null,"unit_of_measure":null,"unit_size":null,"unit_size_formatted":null,"upc":"192333016381","vto":{"is_color_experience":null,"is_foundation_experience":null}}]},"sub_display_name":"モイスチャー サージ ポップ トリプル リップ バーム","sub_header":null,"tags":{"total":8,"items":[{"id":"25356","key":"lip-care","parent_tag_id":"1667","product_display_order":0,"value":"Lip Care"},{"id":"4323","key":"just-arrived","parent_tag_id":null,"product_display_order":0,"value":"Just Arrived"},{"id":"1667","key":"スキンケア","parent_tag_id":null,"product_display_order":0,"value":"スキンケア"},{"id":"1683","key":"アイ-リップ-ケア","parent_tag_id":"1667","product_display_order":0,"value":"アイ & リップ ケア"},{"id":"1687","key":"乾燥","parent_tag_id":"1667","product_display_order":7,"value":"乾燥"},{"id":"1603","key":"リップグロス","parent_tag_id":"1592","product_display_order":0,"value":"リップグロス"},{"id":"1605","key":"リップスティック","parent_tag_id":"1592","product_display_order":4,"value":"リップスティック"},{"id":"25565","key":"justarrivednew","parent_tag_id":null,"product_display_order":4,"value":"justarrivednew"}]},"usage":[{"content":null,"label":"PRODUCT USAGE","type":"product_usage"},{"content":null,"label":"HOW DOES IT WORK","type":"how_does_it_work"},{"content":null,"label":"WHO IT IS FOR","type":"who_it_is_for"},{"content":null,"label":"GREAT TO KNOW","type":"great_to_know"},{"content":null,"label":"WHAT_IT_DOES","type":"what_it_does"},{"content":null,"label":"WHAT_IT_IS","type":"what_it_is"}],"objectID":"76196"},{"benefit":{"statement":null,"benefits":null},"brand":null,"collection":null,"coverage":null,"cross_sell":null,"default_category":{"id":"1673","key":"クレンジング洗顔"},"description":"メーク落としと洗顔が１本に。<br>クリニークから「2 in 1クレンジング ミルク」新発売。<br><br>ワンステップで、手早くメーク落としと洗顔を可能にする、<br>みずみずしいテクスチャーの２in1クレンジング ミルク。<br>保湿成分が肌の潤いを保ちながら、ミセラー粒子が、メークや微粒子汚れなどを<br>マグネットのように吸着して、優しくしっかりオフ。<br>潤いをキープしながら、心地よい素肌へ。","display_mode":null,"display_name":"2in1 クレンジング ミセラー ミルク メークアップ リムーバー","display_status":7,"finish":null,"form":[{"key":"liquid-form","value":"liquid_form"}],"formula_type":null,"fragrance_family":null,"indexable_keywords":null,"is_hazmat":false,"is_product_coming_soon":null,"is_product_displayable":true,"is_product_searchable":true,"is_product_shoppable":true,"is_product_sold_out":null,"is_product_temporarily_out_of_stock":null,"is_search_suppressed":null,"key_ingredient":null,"media":{"large":[{"alt":"2in1 クレンジング ミセラー ミルク メークアップ リムーバー","height":1200,"position":0,"src":"/media/export/cms/products/1200x1500/cl_prod_76253_1200x1500_0.png","type":"image","width":1500},{"alt":"2in1 クレンジング ミセラー ミルク メークアップ リムーバー","height":1200,"position":1,"src":"/media/export/cms/products/1200x1500/cl_prod_76253_1200x1500_1.png","type":"image","width":1500}],"medium":null,"poster":null,"small":[{"alt":"2in1 クレンジング ミセラー ミルク メークアップ リムーバー","height":1200,"position":2,"src":"/media/export/cms/products/1200x1500/cl_prod_76253_1200x1500_0.png","type":"image","width":1500},{"alt":"2in1 クレンジング ミセラー ミルク メークアップ リムーバー","height":1200,"position":3,"src":"/media/export/cms/products/1200x1500/cl_prod_76253_1200x1500_1.png","type":"image","width":1500}],"videos":[{"position":null,"poster":{"height":null,"src":null,"width":null},"provider":"YouTube","src":null},{"position":null,"poster":{"height":null,"src":null,"width":null},"provider":"YouTube","src":null},{"position":null,"poster":{"height":null,"src":null,"width":null},"provider":"YouTube","src":null}],"xl":null},"meta":{"description":null,"keywords":null},"parent_category":[{"id":"1673","value":"クレンジング・洗顔"},{"id":"1667","value":"スキンケア"}],"product_badge":null,"product_id":"76253","product_title_tag":null,"product_type":"Other","product_url":"/product/1673/76253/2in1--/all-in-one-cleansing-micellar-milk-makeup-remover","reviews":{"average_rating":null,"number_of_questions":null,"number_of_reviews":null},"shade_groups":null,"short_description":"メーク落としと洗顔が１本に。クリニークから「2 in 1クレンジング ミルク」新発売。","skin":null,"skin_goal":null,"skus":{"total":1,"items":[{"color_family":null,"coverage_options":null,"cross_sell":null,"display_status":7,"finish":null,"finish_options":null,"fragrances":[{"family":null,"key":null,"value":null}],"iln_listing":"水・安息香酸アルキル（Ｃ１２－１５）・ＢＧ・トリ（カプリル酸／カプリン酸）グリセリル・プロピオン酸ＰＰＧ－２ミリスチル・グリセリン・ステアリン酸グリセリル・ヒドロキシステアリン酸エチルヘキシル・セタノール・アルギニン・セテアリルアルコール・スクロース・酢酸トコフェロール・アルゲエキス・カルボマー・リシノレイン酸セチル・セチルエステルズ・セテアレス－２０・ジカプリン酸ＰＧ・パンテノール・ＥＤＴＡ－２Ｎａ・ヒマワリ種子エキス・グリチルレチン酸ステアリル・オオムギ種子エキス・キュウリ果実エキス・フェノキシエタノール<JILN10112>","iln_version_number":"JILN10112","inventory_status":"Active","is_active":true,"is_coming_soon":null,"is_default_sku":false,"is_discountable":true,"is_displayable":null,"is_engravable":null,"is_fragrance":null,"is_giftable":null,"is_giftwrap":false,"is_inactive":null,"is_multi_shaded":null,"is_out_of_stock":null,"is_preorder":false,"is_preorderable":null,"is_promotional":null,"is_replenishable":false,"is_search_suppressed":null,"is_searchable":true,"is_shaded":null,"is_sized":null,"is_sold_out":null,"is_under_weight_hazmat":false,"is_vto_enabled":null,"life_of_product":"Basic Reorder","material_code":"KL69010000","media":{"large":[{"alt":"2in1 クレンジング ミセラー ミルク メークアップ リムーバー","height":1200,"position":0,"src":"/media/export/cms/products/1200x1500/cl_sku_KL6901_1200x1500_0.png","type":"image","width":1500}],"medium":[{"alt":"2in1 クレンジング ミセラー ミルク メークアップ リムーバー","height":600,"position":1,"src":"/media/export/cms/products/600x750/cl_sku_KL6901_600x750_0.png","type":"image","width":750}],"model":null,"poster":null,"small":[{"alt":"2in1 クレンジング ミセラー ミルク メークアップ リムーバー","height":1200,"position":2,"src":"/media/export/cms/products/1200x1500/cl_sku_KL6901_1200x1500_0.png","type":"image","width":1500}],"smoosh":null,"xl":null},"out_of_stock_threshold":null,"perlgem":{"SKU_BASE_ID":117221},"preorder_date":null,"prices":[{"currency":"JPY","exclude_tax":{"original_price":3800,"original_price_formatted":"¥3,800","price":3800,"price_formatted":"¥3,800","price_per_unit":null,"price_per_unit_formatted":""},"include_tax":{"original_price":4180,"original_price_formatted":"¥4,180","price":4180,"price_formatted":"¥4,180","price_per_unit":null,"price_per_unit_formatted":""},"is_discounted":false}],"purchase_limit":null,"replenishment":{"message":null},"reviews":{"average_rating":null,"number_of_questions":null,"number_of_reviews":null},"set_components":null,"shade_groups":null,"shades":null,"sizes":[{"key":1,"value":null}],"skin":{"tone":null,"type":null,"type_description":null},"sku_badge":null,"sku_badge_image":null,"sku_display_order":0,"sku_id":"KL6901","sku_promo_messaging":null,"sku_type":"SE","sku_url":null,"tags":{"total":4,"items":[{"id":"1673","key":"クレンジング洗顔","value":"クレンジング・洗顔"},{"id":"20011","key":"クレンジング","value":"クレンジング"},{"id":"28804","key":"クレンジング","value":"クレンジング"},{"id":"4323","key":"just-arrived","value":"Just Arrived"}]},"texture":null,"undertone":null,"unit_of_measure":null,"unit_size":null,"unit_size_formatted":null,"upc":"192333013328","vto":{"is_color_experience":null,"is_foundation_experience":null}}]},"sub_display_name":"2in1 クレンジング ミセラー ミルク メークアップ リムーバー","sub_header":null,"tags":{"total":4,"items":[{"id":"1673","key":"クレンジング洗顔","parent_tag_id":"1667","product_display_order":2,"value":"クレンジング・洗顔"},{"id":"20011","key":"クレンジング","parent_tag_id":"1667","product_display_order":3,"value":"クレンジング"},{"id":"28804","key":"クレンジング","parent_tag_id":"1667","product_display_order":1,"value":"クレンジング"},{"id":"4323","key":"just-arrived","parent_tag_id":null,"product_display_order":0,"value":"Just Arrived"}]},"usage":[{"content":null,"label":"PRODUCT USAGE","type":"product_usage"},{"content":null,"label":"HOW DOES IT WORK","type":"how_does_it_work"},{"content":null,"label":"WHO IT IS FOR","type":"who_it_is_for"},{"content":null,"label":"GREAT TO KNOW","type":"great_to_know"},{"content":null,"label":"WHAT_IT_DOES","type":"what_it_does"},{"content":null,"label":"WHAT_IT_IS","type":"what_it_is"}],"objectID":"76253"},{"benefit":{"statement":null,"benefits":null},"brand":null,"collection":[{"key":"dramatically-dif-collection","value":"dramatically_dif_collection"}],"coverage":null,"cross_sell":null,"default_category":{"id":"13301","key":"乳液クリーム"},"description":"<div style=\"margin-bottom:1em;\">クリニーク史上初。カスタマイズ モイスチャライザー誕生。<br> 自分に必要なものだけを選びたい、そんな時代だから。これからは、自分のモイスチャライザーも、自分自身でつくる。<br> クリニークは、あなたの肌にぴったりのスキンケアをお届けします。<br> “クリニーク iD”は、自分仕様にカスタマイズできるモイスチャライザー。<br><br>まず、5種類の肌ニーズに応える美容成分「カートリッジ コンセントレート」から、今の自分が一番気になるものを選びます。<br>次に3種類の保湿「モイスチャー ベース」から、自分のスキンタイプや好みの触感のものを1つ選びます。<br>「カートリッジ」を「モイスチャー ベース」に差し込めば、完成。シンプルで簡単。自分専用のモイスチャライザーで、なりたい肌へ。</div><div style=\"margin-bottom:1em;\"><b style=\"color:#85b095;\">カートリッジ：</b>角層ケア<br>AHA(フルーツ酸）<sup>＊</sup>配合の美容液成分が、肌のキメを整えて、<br>毛穴の目立たない、なめらかな肌へと導きます。</div><div style=\"margin-bottom:1em;\"><small>＊グリコール酸、乳酸(整肌成分）</small> </div><h2>モイスチャーベースを選んで、「カートに追加」をクリックしてください</h2>","display_mode":null,"display_name":"＜角層ケア＞カートリッジ コンセントレート TX","display_status":7,"finish":null,"form":null,"formula_type":null,"fragrance_family":null,"indexable_keywords":[{"value":"Clinique iD"},{"value":" クリニークiD"},{"value":" 乳液"},{"value":" スキンケア"},{"value":" 角層ケア"},{"value":"cid"},{"value":"clid"}],"is_hazmat":false,"is_product_coming_soon":null,"is_product_displayable":true,"is_product_searchable":true,"is_product_shoppable":true,"is_product_sold_out":null,"is_product_temporarily_out_of_stock":null,"is_search_suppressed":null,"key_ingredient":null,"media":{"large":[{"alt":"＜角層ケア＞カートリッジ コンセントレート TX","height":1200,"position":0,"src":"/media/export/cms/products/1200x1500/cl_prod_76435_1200x1500_0.png","type":"image","width":1500},{"alt":"＜角層ケア＞カートリッジ コンセントレート TX","height":1200,"position":1,"src":"/media/export/cms/products/1200x1500/cl_prod_76435_1200x1500_1.png","type":"image","width":1500},{"alt":"＜角層ケア＞カートリッジ コンセントレート TX","height":1200,"position":2,"src":"/media/export/cms/products/1200x1500/cl_prod_76435_1200x1500_2.png","type":"image","width":1500},{"alt":"＜角層ケア＞カートリッジ コンセントレート TX","height":1200,"position":3,"src":"/media/export/cms/products/1200x1500/cl_prod_76435_1200x1500_3.png","type":"image","width":1500}],"medium":null,"poster":null,"small":[{"alt":"＜角層ケア＞カートリッジ コンセントレート TX","height":1200,"position":4,"src":"/media/export/cms/products/1200x1500/cl_prod_76435_1200x1500_0.png","type":"image","width":1500},{"alt":"＜角層ケア＞カートリッジ コンセントレート TX","height":1200,"position":5,"src":"/media/export/cms/products/1200x1500/cl_prod_76435_1200x1500_1.png","type":"image","width":1500},{"alt":"＜角層ケア＞カートリッジ コンセントレート TX","height":1200,"position":6,"src":"/media/export/cms/products/1200x1500/cl_prod_76435_1200x1500_2.png","type":"image","width":1500},{"alt":"＜角層ケア＞カートリッジ コンセントレート TX","height":1200,"position":7,"src":"/media/export/cms/products/1200x1500/cl_prod_76435_1200x1500_3.png","type":"image","width":1500}],"videos":[{"position":null,"poster":{"height":null,"src":null,"width":null},"provider":"YouTube","src":null},{"position":null,"poster":{"height":null,"src":null,"width":null},"provider":"YouTube","src":null},{"position":null,"poster":{"height":null,"src":null,"width":null},"provider":"YouTube","src":null}],"xl":null},"meta":{"description":null,"keywords":"Clinique iD, クリニークiD, 乳液, スキンケア, 角層ケア"},"parent_category":[{"id":"13301","value":"乳液・クリーム"},{"id":"1667","value":"スキンケア"}],"product_badge":null,"product_id":"76435","product_title_tag":null,"product_type":"Other","product_url":"/product/13301/76435/-tx/cartridge-concentrate-tx-skin-texture","reviews":{"average_rating":null,"number_of_questions":null,"number_of_reviews":null},"shade_groups":null,"short_description":"<div>クリニーク史上初。カスタマイズ モイスチャライザー誕生。<br>自分に必要なものだけを選びたい、そんな時代だから。これからは、自分のモイスチャライザーも、自分自身でつくる。<br>クリニークは、あなたの肌にぴったりのスキンケアをお届けします。<br>“クリニーク iD”は、自分仕様にカスタマイズできるモイスチャライザー。<br><br>まず、5種類の肌ニーズに応える美容成分「カートリッジ コンセントレート」から、今の自分が一番気になるものを選びます。<br>次に3種類の保湿「モイスチャー ベース」から、自分のスキンタイプや好みの触感のものを1つ選びます。<br>「カートリッジ」を「モイスチャー ベース」に差し込めば、完成。シンプルで簡単。自分専用のモイスチャライザーで、なりたい肌へ。<br></div><div><br></div><b><font color=\"85b095\">カートリッジ：</font></b>角層ケア<br><br>AHA(フルーツ酸）*配合の美容液成分が、肌のキメを整えて、<br>毛穴の目立たない、なめらかな肌へと導きます。<br><div>*グリコール酸、乳酸(整肌成分）</div><div><br></div>","skin":null,"skin_goal":null,"skus":{"total":1,"items":[{"color_family":null,"coverage_options":null,"cross_sell":null,"display_status":7,"finish":null,"finish_options":null,"fragrances":[{"family":null,"key":null,"value":null}],"iln_listing":"水・ＢＧ・グリコール酸・乳酸・ペンチレングリコール・水酸化Ｎａ・カフェイン・ジメチコン・キサンタンガム・タウリン・ジメチコノール・ＥＤＴＡ－２Ｎａ・ラウレス－２３・カラフトコンブエキス・ラウレス－４・カプリリルグリコール・ヘキシレングリコール・紫４０１・青１・フェノキシエタノール・ソルビン酸Ｋ<JILN8663>","iln_version_number":"JILN8663","inventory_status":"Active","is_active":true,"is_coming_soon":null,"is_default_sku":false,"is_discountable":true,"is_displayable":null,"is_engravable":null,"is_fragrance":null,"is_giftable":null,"is_giftwrap":true,"is_inactive":null,"is_multi_shaded":null,"is_out_of_stock":null,"is_preorder":false,"is_preorderable":null,"is_promotional":null,"is_replenishable":false,"is_search_suppressed":null,"is_searchable":true,"is_shaded":null,"is_sized":null,"is_sold_out":null,"is_under_weight_hazmat":false,"is_vto_enabled":null,"life_of_product":"Basic Reorder","material_code":"KRAY016000","media":{"large":[{"alt":"＜角層ケア＞カートリッジ コンセントレート TX","height":1200,"position":0,"src":"/media/export/cms/products/1200x1500/cl_sku_KRAY01_1200x1500_0.png","type":"image","width":1500}],"medium":[{"alt":"＜角層ケア＞カートリッジ コンセントレート TX","height":600,"position":1,"src":"/media/export/cms/products/600x750/cl_sku_KRAY01_600x750_0.png","type":"image","width":750}],"model":null,"poster":null,"small":[{"alt":"＜角層ケア＞カートリッジ コンセントレート TX","height":1200,"position":2,"src":"/media/export/cms/products/1200x1500/cl_sku_KRAY01_1200x1500_0.png","type":"image","width":1500}],"smoosh":null,"xl":null},"out_of_stock_threshold":null,"perlgem":{"SKU_BASE_ID":117441},"preorder_date":null,"prices":[{"currency":"JPY","exclude_tax":{"original_price":1700,"original_price_formatted":"¥1,700","price":1700,"price_formatted":"¥1,700","price_per_unit":null,"price_per_unit_formatted":""},"include_tax":{"original_price":1870,"original_price_formatted":"¥1,870","price":1870,"price_formatted":"¥1,870","price_per_unit":null,"price_per_unit_formatted":""},"is_discounted":false}],"purchase_limit":null,"replenishment":{"message":null},"reviews":{"average_rating":null,"number_of_questions":null,"number_of_reviews":null},"set_components":null,"shade_groups":null,"shades":null,"sizes":[{"key":1,"value":"10ml"}],"skin":{"tone":null,"type":null,"type_description":null},"sku_badge":null,"sku_badge_image":null,"sku_display_order":0,"sku_id":"KRAY01","sku_promo_messaging":null,"sku_type":"SE","sku_url":null,"tags":{"total":5,"items":[{"id":"13304","key":"スペシャルケア","value":"スペシャルケア"},{"id":"13301","key":"乳液クリーム","value":"乳液・クリーム"},{"id":"23355","key":"cliniqueid","value":"CliniqueiD"},{"id":"14706","key":"スペシャルケア","value":"スペシャルケア"},{"id":"1574","key":"ステップ３潤す","value":"ステップ３：潤す"}]},"texture":null,"undertone":null,"unit_of_measure":null,"unit_size":null,"unit_size_formatted":null,"upc":"192333047316","vto":{"is_color_experience":null,"is_foundation_experience":null}}]},"sub_display_name":"＜角層ケア＞カートリッジ コンセントレート TX","sub_header":null,"tags":{"total":5,"items":[{"id":"13304","key":"スペシャルケア","parent_tag_id":"1667","product_display_order":10,"value":"スペシャルケア"},{"id":"13301","key":"乳液クリーム","parent_tag_id":"1667","product_display_order":8,"value":"乳液・クリーム"},{"id":"23355","key":"cliniqueid","parent_tag_id":"1667","product_display_order":0,"value":"CliniqueiD"},{"id":"14706","key":"スペシャルケア","parent_tag_id":"1667","product_display_order":7,"value":"スペシャルケア"},{"id":"1574","key":"ステップ３潤す","parent_tag_id":"1570","product_display_order":2,"value":"ステップ３：潤す"}]},"usage":[{"content":"<br>","label":"PRODUCT USAGE","type":"product_usage"},{"content":null,"label":"HOW DOES IT WORK","type":"how_does_it_work"},{"content":null,"label":"WHO IT IS FOR","type":"who_it_is_for"},{"content":null,"label":"GREAT TO KNOW","type":"great_to_know"},{"content":null,"label":"WHAT_IT_DOES","type":"what_it_does"},{"content":null,"label":"WHAT_IT_IS","type":"what_it_is"}],"objectID":"76435"},{"benefit":{"statement":null,"benefits":null},"brand":null,"collection":[{"key":"even-better-collection","value":"even_better_collection"}],"coverage":null,"cross_sell":null,"default_category":{"id":"1596","key":"コンシーラー"},"description":"皮膚科学から生まれた「クリニーク」から<br>スキンケア発想の機能性コンシーラー誕生。<br><br>均一で美しいスキントーンを叶える”イーブン ベター シリーズ”のコンシーラー。<br>シミ・くすみなどの色ムラを、自由自在にカバー。<br>ヒアルロン酸*1とビタミンC誘導体*2配合のクリーミーなテクスチャーで、<br>潤いを与え、くすんだ肌を明るく整えます。<br><br>2月19日(金)新発売<br>イーブン ベター オール オーバー コンシーラー<br>(コンシーラー)全4色　各3,850円(本体価格3,500円) <br><br>指先を使わず、美しい仕上がりを叶える機能性アプリケーター付<br>#61 アイボリー<br>#63 フレッシュ ベージュ<br>#64 クリーム ベージュ<br>#65 ニュートラル<br><br>※表示価格は希望小売価格です。<br><small>＊１　ヒアルロン酸Na：保湿　＊２ アスコルビルグルコシド、リン酸アスコルビルＭｇ、テトラヘキシルデカン酸アスコルビル:製品の抗酸化剤</small><br>","display_mode":null,"display_name":"イーブン ベター オール オーバー コンシーラー","display_status":7,"finish":null,"form":[{"key":"liquid-form","value":"liquid_form"}],"formula_type":null,"fragrance_family":null,"indexable_keywords":null,"is_hazmat":false,"is_product_coming_soon":null,"is_product_displayable":true,"is_product_searchable":true,"is_product_shoppable":true,"is_product_sold_out":null,"is_product_temporarily_out_of_stock":null,"is_search_suppressed":null,"key_ingredient":null,"media":{"large":[{"alt":"イーブン ベター オール オーバー コンシーラー","height":1200,"position":0,"src":"/media/export/cms/products/1200x1500/cl_prod_76702_1200x1500_0.png","type":"image","width":1500},{"alt":"イーブン ベター オール オーバー コンシーラー","height":1200,"position":1,"src":"/media/export/cms/products/1200x1500/cl_prod_76702_1200x1500_1.png","type":"image","width":1500},{"alt":"イーブン ベター オール オーバー コンシーラー","height":1200,"position":2,"src":"/media/export/cms/products/1200x1500/cl_prod_76702_1200x1500_2.png","type":"image","width":1500},{"alt":"イーブン ベター オール オーバー コンシーラー","height":1200,"position":3,"src":"/media/export/cms/products/1200x1500/cl_prod_76702_1200x1500_3.png","type":"image","width":1500}],"medium":null,"poster":null,"small":[{"alt":"イーブン ベター オール オーバー コンシーラー","height":1200,"position":4,"src":"/media/export/cms/products/1200x1500/cl_prod_76702_1200x1500_0.png","type":"image","width":1500},{"alt":"イーブン ベター オール オーバー コンシーラー","height":1200,"position":5,"src":"/media/export/cms/products/1200x1500/cl_prod_76702_1200x1500_1.png","type":"image","width":1500},{"alt":"イーブン ベター オール オーバー コンシーラー","height":1200,"position":6,"src":"/media/export/cms/products/1200x1500/cl_prod_76702_1200x1500_2.png","type":"image","width":1500},{"alt":"イーブン ベター オール オーバー コンシーラー","height":1200,"position":7,"src":"/media/export/cms/products/1200x1500/cl_prod_76702_1200x1500_3.png","type":"image","width":1500}],"videos":[{"position":null,"poster":{"height":null,"src":null,"width":null},"provider":"YouTube","src":null},{"position":null,"poster":{"height":null,"src":null,"width":null},"provider":"YouTube","src":null},{"position":null,"poster":{"height":null,"src":null,"width":null},"provider":"YouTube","src":null}],"xl":null},"meta":{"description":null,"keywords":null},"parent_category":[{"id":"1596","value":"コンシーラー"},{"id":"1592","value":"メーク"}],"product_badge":null,"product_id":"76702","product_title_tag":null,"product_type":"Shaded","product_url":"/product/1596/76702/-/even-better-concealer","reviews":{"average_rating":null,"number_of_questions":null,"number_of_reviews":null},"shade_groups":null,"short_description":"皮膚科学から生まれた「クリニーク」から<br>スキンケア発想の機能性コンシーラー誕生。<br><br>均一で美しいスキントーンを叶える”イーブン ベター シリーズ”のコンシーラー。<br>シミ・くすみなどの色ムラを、自由自在にカバー。<br>ヒアルロン酸*1とビタミンC誘導体*2配合のクリーミーなテクスチャーで、<br>潤いを与え、くすんだ肌を明るく整えます。<br><br>2月19日(金)新発売<br>イーブン ベター オール オーバー コンシーラー<br>(コンシーラー)全4色　各3,850円(本体価格3,500円) <br><br>指先を使わず、美しい仕上がりを叶える機能性アプリケーター付<br>#61 アイボリー<br>#63 フレッシュ ベージュ<br>#64 クリーム ベージュ<br>#65 ニュートラル<br><br>※表示価格は希望小売価格です。<br><small>＊１　ヒアルロン酸Na：保湿　＊２ アスコルビルグルコシド、リン酸アスコルビルＭｇ、テトラヘキシルデカン酸アスコルビル:製品の抗酸化剤</small><br>","skin":{"concern":[{"key":"dark-spots-concern","value":"dark_spots_concern"},{"key":"unevenskintone-concern","value":"unevenskintone_concern"},{"key":"darkcircles-concern","value":"darkcircles_concern"}]},"skin_goal":null,"skus":{"total":4,"items":[{"color_family":null,"coverage_options":null,"cross_sell":null,"display_status":7,"finish":null,"finish_options":null,"fragrances":[{"family":null,"key":null,"value":null}],"iln_listing":null,"iln_version_number":null,"inventory_status":"Active","is_active":true,"is_coming_soon":null,"is_default_sku":false,"is_discountable":true,"is_displayable":null,"is_engravable":null,"is_fragrance":null,"is_giftable":null,"is_giftwrap":false,"is_inactive":null,"is_multi_shaded":null,"is_out_of_stock":null,"is_preorder":false,"is_preorderable":null,"is_promotional":null,"is_replenishable":false,"is_search_suppressed":null,"is_searchable":true,"is_shaded":null,"is_sized":null,"is_sold_out":null,"is_under_weight_hazmat":false,"is_vto_enabled":null,"life_of_product":"Basic Reorder","material_code":"KF54640000","media":{"large":[{"alt":"イーブン ベター オール オーバー コンシーラー","height":1200,"position":1,"src":"/media/export/cms/products/1200x1500/cl_sku_KF5464_1200x1500_0.png","type":"image","width":1500}],"medium":[{"alt":"イーブン ベター オール オーバー コンシーラー","height":600,"position":2,"src":"/media/export/cms/products/600x750/cl_sku_KF5464_600x750_0.png","type":"image","width":750}],"model":null,"poster":null,"small":[{"alt":"イーブン ベター オール オーバー コンシーラー","height":1200,"position":3,"src":"/media/export/cms/products/1200x1500/cl_sku_KF5464_1200x1500_0.png","type":"image","width":1500}],"smoosh":[{"alt":"イーブン ベター オール オーバー コンシーラー","height":1200,"position":0,"src":"/media/export/cms/products/1200x1500/swatches_v3/43_ns_ng.png","type":"image","width":1500}],"xl":null},"out_of_stock_threshold":null,"perlgem":{"SKU_BASE_ID":117777},"preorder_date":null,"prices":[{"currency":"JPY","exclude_tax":{"original_price":3500,"original_price_formatted":"¥3,500","price":3500,"price_formatted":"¥3,500","price_per_unit":null,"price_per_unit_formatted":""},"include_tax":{"original_price":3850,"original_price_formatted":"¥3,850","price":3850,"price_formatted":"¥3,850","price_per_unit":null,"price_per_unit_formatted":""},"is_discounted":false}],"purchase_limit":null,"replenishment":{"message":null},"reviews":{"average_rating":null,"number_of_questions":null,"number_of_reviews":null},"set_components":null,"shade_groups":null,"shades":[{"description":"","hex_val":"#fedbb8","image":{"height":null,"src":"","width":null},"name":"64 Cream Beige","smoosh_design":{"group_id":null,"name":"43::none::none"}}],"sizes":[{"key":1,"value":"6ml"}],"skin":{"tone":null,"type":null,"type_description":null},"sku_badge":null,"sku_badge_image":null,"sku_display_order":0,"sku_id":"KF5464","sku_promo_messaging":null,"sku_type":"SE","sku_url":null,"tags":{"total":4,"items":[{"id":"1592","key":"メーク","value":"メーク"},{"id":"1596","key":"コンシーラー","value":"コンシーラー"},{"id":"1585","key":"gift-center","value":"Gift Center"},{"id":"26882","key":"flash-sale-fy20-june","value":"Flash Sale FY20 June"}]},"texture":null,"undertone":null,"unit_of_measure":null,"unit_size":null,"unit_size_formatted":null,"upc":"192333056295","vto":{"is_color_experience":null,"is_foundation_experience":null}},{"color_family":null,"coverage_options":null,"cross_sell":null,"display_status":7,"finish":null,"finish_options":null,"fragrances":[{"family":null,"key":null,"value":null}],"iln_listing":null,"iln_version_number":null,"inventory_status":"Active","is_active":true,"is_coming_soon":null,"is_default_sku":false,"is_discountable":true,"is_displayable":null,"is_engravable":null,"is_fragrance":null,"is_giftable":null,"is_giftwrap":false,"is_inactive":null,"is_multi_shaded":null,"is_out_of_stock":null,"is_preorder":false,"is_preorderable":null,"is_promotional":null,"is_replenishable":false,"is_search_suppressed":null,"is_searchable":true,"is_shaded":null,"is_sized":null,"is_sold_out":null,"is_under_weight_hazmat":false,"is_vto_enabled":null,"life_of_product":"Basic Reorder","material_code":"KF54610000","media":{"large":[{"alt":"イーブン ベター オール オーバー コンシーラー","height":1200,"position":1,"src":"/media/export/cms/products/1200x1500/cl_sku_KF5461_1200x1500_0.png","type":"image","width":1500}],"medium":[{"alt":"イーブン ベター オール オーバー コンシーラー","height":600,"position":2,"src":"/media/export/cms/products/600x750/cl_sku_KF5461_600x750_0.png","type":"image","width":750}],"model":null,"poster":null,"small":[{"alt":"イーブン ベター オール オーバー コンシーラー","height":1200,"position":3,"src":"/media/export/cms/products/1200x1500/cl_sku_KF5461_1200x1500_0.png","type":"image","width":1500}],"smoosh":[{"alt":"イーブン ベター オール オーバー コンシーラー","height":1200,"position":0,"src":"/media/export/cms/products/1200x1500/swatches_v3/43_ns_ng.png","type":"image","width":1500}],"xl":null},"out_of_stock_threshold":null,"perlgem":{"SKU_BASE_ID":117774},"preorder_date":null,"prices":[{"currency":"JPY","exclude_tax":{"original_price":3500,"original_price_formatted":"¥3,500","price":3500,"price_formatted":"¥3,500","price_per_unit":null,"price_per_unit_formatted":""},"include_tax":{"original_price":3850,"original_price_formatted":"¥3,850","price":3850,"price_formatted":"¥3,850","price_per_unit":null,"price_per_unit_formatted":""},"is_discounted":false}],"purchase_limit":null,"replenishment":{"message":null},"reviews":{"average_rating":null,"number_of_questions":null,"number_of_reviews":null},"set_components":null,"shade_groups":null,"shades":[{"description":"","hex_val":"#f4dabc","image":{"height":null,"src":"","width":null},"name":"61 Ivory","smoosh_design":{"group_id":null,"name":"43::none::none"}}],"sizes":[{"key":1,"value":"6ml"}],"skin":{"tone":null,"type":null,"type_description":null},"sku_badge":null,"sku_badge_image":null,"sku_display_order":0,"sku_id":"KF5461","sku_promo_messaging":null,"sku_type":"SE","sku_url":null,"tags":{"total":4,"items":[{"id":"1592","key":"メーク","value":"メーク"},{"id":"1596","key":"コンシーラー","value":"コンシーラー"},{"id":"1585","key":"gift-center","value":"Gift Center"},{"id":"26882","key":"flash-sale-fy20-june","value":"Flash Sale FY20 June"}]},"texture":null,"undertone":null,"unit_of_measure":null,"unit_size":null,"unit_size_formatted":null,"upc":"192333056264","vto":{"is_color_experience":null,"is_foundation_experience":null}},{"color_family":null,"coverage_options":null,"cross_sell":null,"display_status":7,"finish":null,"finish_options":null,"fragrances":[{"family":null,"key":null,"value":null}],"iln_listing":null,"iln_version_number":null,"inventory_status":"Active","is_active":true,"is_coming_soon":null,"is_default_sku":false,"is_discountable":true,"is_displayable":null,"is_engravable":null,"is_fragrance":null,"is_giftable":null,"is_giftwrap":false,"is_inactive":null,"is_multi_shaded":null,"is_out_of_stock":null,"is_preorder":false,"is_preorderable":null,"is_promotional":null,"is_replenishable":false,"is_search_suppressed":null,"is_searchable":true,"is_shaded":null,"is_sized":null,"is_sold_out":null,"is_under_weight_hazmat":false,"is_vto_enabled":null,"life_of_product":"Basic Reorder","material_code":"KF54630000","media":{"large":[{"alt":"イーブン ベター オール オーバー コンシーラー","height":1200,"position":1,"src":"/media/export/cms/products/1200x1500/cl_sku_KF5463_1200x1500_0.png","type":"image","width":1500}],"medium":[{"alt":"イーブン ベター オール オーバー コンシーラー","height":600,"position":2,"src":"/media/export/cms/products/600x750/cl_sku_KF5463_600x750_0.png","type":"image","width":750}],"model":null,"poster":null,"small":[{"alt":"イーブン ベター オール オーバー コンシーラー","height":1200,"position":3,"src":"/media/export/cms/products/1200x1500/cl_sku_KF5463_1200x1500_0.png","type":"image","width":1500}],"smoosh":[{"alt":"イーブン ベター オール オーバー コンシーラー","height":1200,"position":0,"src":"/media/export/cms/products/1200x1500/swatches_v3/43_ns_ng.png","type":"image","width":1500}],"xl":null},"out_of_stock_threshold":null,"perlgem":{"SKU_BASE_ID":117776},"preorder_date":null,"prices":[{"currency":"JPY","exclude_tax":{"original_price":3500,"original_price_formatted":"¥3,500","price":3500,"price_formatted":"¥3,500","price_per_unit":null,"price_per_unit_formatted":""},"include_tax":{"original_price":3850,"original_price_formatted":"¥3,850","price":3850,"price_formatted":"¥3,850","price_per_unit":null,"price_per_unit_formatted":""},"is_discounted":false}],"purchase_limit":null,"replenishment":{"message":null},"reviews":{"average_rating":null,"number_of_questions":null,"number_of_reviews":null},"set_components":null,"shade_groups":null,"shades":[{"description":"","hex_val":"#f9dbb3","image":{"height":null,"src":"","width":null},"name":"63 Fresh Beige","smoosh_design":{"group_id":null,"name":"43::none::none"}}],"sizes":[{"key":1,"value":"6ml"}],"skin":{"tone":null,"type":null,"type_description":null},"sku_badge":null,"sku_badge_image":null,"sku_display_order":0,"sku_id":"KF5463","sku_promo_messaging":null,"sku_type":"SE","sku_url":null,"tags":{"total":4,"items":[{"id":"1592","key":"メーク","value":"メーク"},{"id":"1596","key":"コンシーラー","value":"コンシーラー"},{"id":"1585","key":"gift-center","value":"Gift Center"},{"id":"26882","key":"flash-sale-fy20-june","value":"Flash Sale FY20 June"}]},"texture":null,"undertone":null,"unit_of_measure":null,"unit_size":null,"unit_size_formatted":null,"upc":"192333056288","vto":{"is_color_experience":null,"is_foundation_experience":null}},{"color_family":null,"coverage_options":null,"cross_sell":null,"display_status":7,"finish":null,"finish_options":null,"fragrances":[{"family":null,"key":null,"value":null}],"iln_listing":null,"iln_version_number":null,"inventory_status":"Active","is_active":true,"is_coming_soon":null,"is_default_sku":false,"is_discountable":true,"is_displayable":null,"is_engravable":null,"is_fragrance":null,"is_giftable":null,"is_giftwrap":false,"is_inactive":null,"is_multi_shaded":null,"is_out_of_stock":null,"is_preorder":false,"is_preorderable":null,"is_promotional":null,"is_replenishable":false,"is_search_suppressed":null,"is_searchable":true,"is_shaded":null,"is_sized":null,"is_sold_out":null,"is_under_weight_hazmat":false,"is_vto_enabled":null,"life_of_product":"Basic Reorder","material_code":"KF54650000","media":{"large":[{"alt":"イーブン ベター オール オーバー コンシーラー","height":1200,"position":1,"src":"/media/export/cms/products/1200x1500/cl_sku_KF5465_1200x1500_0.png","type":"image","width":1500}],"medium":[{"alt":"イーブン ベター オール オーバー コンシーラー","height":600,"position":2,"src":"/media/export/cms/products/600x750/cl_sku_KF5465_600x750_0.png","type":"image","width":750}],"model":null,"poster":null,"small":[{"alt":"イーブン ベター オール オーバー コンシーラー","height":1200,"position":3,"src":"/media/export/cms/products/1200x1500/cl_sku_KF5465_1200x1500_0.png","type":"image","width":1500}],"smoosh":[{"alt":"イーブン ベター オール オーバー コンシーラー","height":1200,"position":0,"src":"/media/export/cms/products/1200x1500/swatches_v3/43_ns_ng.png","type":"image","width":1500}],"xl":null},"out_of_stock_threshold":null,"perlgem":{"SKU_BASE_ID":117778},"preorder_date":null,"prices":[{"currency":"JPY","exclude_tax":{"original_price":3500,"original_price_formatted":"¥3,500","price":3500,"price_formatted":"¥3,500","price_per_unit":null,"price_per_unit_formatted":""},"include_tax":{"original_price":3850,"original_price_formatted":"¥3,850","price":3850,"price_formatted":"¥3,850","price_per_unit":null,"price_per_unit_formatted":""},"is_discounted":false}],"purchase_limit":null,"replenishment":{"message":null},"reviews":{"average_rating":null,"number_of_questions":null,"number_of_reviews":null},"set_components":null,"shade_groups":null,"shades":[{"description":"","hex_val":"#ecc29e","image":{"height":null,"src":"","width":null},"name":"65 Neutral","smoosh_design":{"group_id":null,"name":"43::none::none"}}],"sizes":[{"key":1,"value":"6ml"}],"skin":{"tone":null,"type":null,"type_description":null},"sku_badge":null,"sku_badge_image":null,"sku_display_order":0,"sku_id":"KF5465","sku_promo_messaging":null,"sku_type":"SE","sku_url":null,"tags":{"total":4,"items":[{"id":"1592","key":"メーク","value":"メーク"},{"id":"1596","key":"コンシーラー","value":"コンシーラー"},{"id":"1585","key":"gift-center","value":"Gift Center"},{"id":"26882","key":"flash-sale-fy20-june","value":"Flash Sale FY20 June"}]},"texture":null,"undertone":null,"unit_of_measure":null,"unit_size":null,"unit_size_formatted":null,"upc":"192333056301","vto":{"is_color_experience":null,"is_foundation_experience":null}}]},"sub_display_name":"イーブン ベター オール オーバー コンシーラー","sub_header":null,"tags":{"total":6,"items":[{"id":"1592","key":"メーク","parent_tag_id":null,"product_display_order":0,"value":"メーク"},{"id":"1596","key":"コンシーラー","parent_tag_id":"1592","product_display_order":0,"value":"コンシーラー"},{"id":"25565","key":"justarrivednew","parent_tag_id":null,"product_display_order":0,"value":"justarrivednew"},{"id":"1585","key":"gift-center","parent_tag_id":null,"product_display_order":0,"value":"Gift Center"},{"id":"26882","key":"flash-sale-fy20-june","parent_tag_id":"1590","product_display_order":0,"value":"Flash Sale FY20 June"},{"id":"4323","key":"just-arrived","parent_tag_id":null,"product_display_order":0,"value":"Just Arrived"}]},"usage":[{"content":null,"label":"PRODUCT USAGE","type":"product_usage"},{"content":null,"label":"HOW DOES IT WORK","type":"how_does_it_work"},{"content":null,"label":"WHO IT IS FOR","type":"who_it_is_for"},{"content":null,"label":"GREAT TO KNOW","type":"great_to_know"},{"content":null,"label":"WHAT_IT_DOES","type":"what_it_does"},{"content":null,"label":"WHAT_IT_IS","type":"what_it_is"}],"objectID":"76702"},{"benefit":{"statement":null,"benefits":null},"brand":null,"collection":null,"coverage":null,"cross_sell":null,"default_category":{"id":"23355","key":"cliniqueid"},"description":"<b>◎保湿(モイスチャー ベース)</b>ドラマティカリー ディファレント クリアリング ジェリー(ジェル状保湿液) すべてのスキンタイプ用","display_mode":null,"display_name":"クリニークiD ドラマティカリー ディファレント クリアリング ジェリー","display_status":7,"finish":null,"form":null,"formula_type":null,"fragrance_family":null,"indexable_keywords":null,"is_hazmat":false,"is_product_coming_soon":null,"is_product_displayable":true,"is_product_searchable":true,"is_product_shoppable":true,"is_product_sold_out":null,"is_product_temporarily_out_of_stock":null,"is_search_suppressed":null,"key_ingredient":null,"media":{"large":null,"medium":null,"poster":null,"small":null,"videos":[{"position":null,"poster":{"height":null,"src":null,"width":null},"provider":"YouTube","src":null},{"position":null,"poster":{"height":null,"src":null,"width":null},"provider":"YouTube","src":null},{"position":null,"poster":{"height":null,"src":null,"width":null},"provider":"YouTube","src":null}],"xl":null},"meta":{"description":null,"keywords":null},"parent_category":[{"id":"23355","value":"CliniqueiD"},{"id":"1667","value":"スキンケア"}],"product_badge":null,"product_id":"77661","product_title_tag":null,"product_type":"Other","product_url":"/product/23355/77661/cliniqueid/id--/clinique-id-dd-hydrt-clrng-jly-115ml39floz","reviews":{"average_rating":null,"number_of_questions":null,"number_of_reviews":null},"shade_groups":null,"short_description":"<div><b>◎保湿(モイスチャー ベース)</b>ドラマティカリー ディファレント クリアリング ジェリー(ジェル状保湿液)すべてのスキンタイプ用</div>","skin":null,"skin_goal":null,"skus":{"total":1,"items":[{"color_family":null,"coverage_options":null,"cross_sell":null,"display_status":7,"finish":null,"finish_options":null,"fragrances":[{"family":null,"key":null,"value":null}],"iln_listing":"水・プロパンジオール・グリセリン・ＢＧ・ビスＰＥＧ－１８メチルエーテルジメチルシラン・乳酸・水酸化Ｎａ・カルボマー・ＰＣＡ亜鉛・アセチルグルコサミン・ポリソルベート８０・クエン酸Ｎａ・トレハロース・カフェイン・キサンタンガム・ＥＤＴＡ－２Ｎａ・乳酸桿菌発酵液・ヒアルロン酸Ｎａ・リンゴエキス・カラフトコンブエキス・青１・フェノキシエタノール・サリチル酸・ソルビン酸Ｋ<JILN10198>","iln_version_number":"JILN10198","inventory_status":"Active","is_active":true,"is_coming_soon":null,"is_default_sku":false,"is_discountable":true,"is_displayable":null,"is_engravable":null,"is_fragrance":null,"is_giftable":null,"is_giftwrap":false,"is_inactive":null,"is_multi_shaded":null,"is_out_of_stock":null,"is_preorder":false,"is_preorderable":null,"is_promotional":null,"is_replenishable":false,"is_search_suppressed":null,"is_searchable":true,"is_shaded":null,"is_sized":null,"is_sold_out":null,"is_under_weight_hazmat":false,"is_vto_enabled":null,"life_of_product":"Basic Reorder","material_code":"KPP2010000","media":{"large":[{"alt":"クリニークiD ドラマティカリー ディファレント クリアリング ジェリー","height":1200,"position":0,"src":"/media/export/cms/products/1200x1500/cl_sku_KPP201_1200x1500_0.png","type":"image","width":1500}],"medium":[{"alt":"クリニークiD ドラマティカリー ディファレント クリアリング ジェリー","height":600,"position":1,"src":"/media/export/cms/products/600x750/cl_sku_KPP201_600x750_0.png","type":"image","width":750}],"model":null,"poster":null,"small":[{"alt":"クリニークiD ドラマティカリー ディファレント クリアリング ジェリー","height":1200,"position":2,"src":"/media/export/cms/products/1200x1500/cl_sku_KPP201_1200x1500_0.png","type":"image","width":1500}],"smoosh":null,"xl":null},"out_of_stock_threshold":null,"perlgem":{"SKU_BASE_ID":119068},"preorder_date":null,"prices":[{"currency":"JPY","exclude_tax":{"original_price":4800,"original_price_formatted":"¥4,800","price":4800,"price_formatted":"¥4,800","price_per_unit":null,"price_per_unit_formatted":""},"include_tax":{"original_price":5280,"original_price_formatted":"¥5,280","price":5280,"price_formatted":"¥5,280","price_per_unit":null,"price_per_unit_formatted":""},"is_discounted":false}],"purchase_limit":null,"replenishment":{"message":null},"reviews":{"average_rating":null,"number_of_questions":null,"number_of_reviews":null},"set_components":null,"shade_groups":null,"shades":null,"sizes":[{"key":1,"value":"115ml"}],"skin":{"tone":null,"type":null,"type_description":null},"sku_badge":null,"sku_badge_image":null,"sku_display_order":0,"sku_id":"KPP201","sku_promo_messaging":null,"sku_type":"SE","sku_url":null,"tags":{"total":2,"items":[{"id":"23355","key":"cliniqueid","value":"CliniqueiD"},{"id":"1628","key":"サンプル","value":"サンプル"}]},"texture":null,"undertone":null,"unit_of_measure":null,"unit_size":null,"unit_size_formatted":null,"upc":"192333042328","vto":{"is_color_experience":null,"is_foundation_experience":null}}]},"sub_display_name":"クリニークiD ドラマティカリー ディファレント クリアリング ジェリー","sub_header":null,"tags":{"total":2,"items":[{"id":"23355","key":"cliniqueid","parent_tag_id":"1667","product_display_order":0,"value":"CliniqueiD"},{"id":"1628","key":"サンプル","parent_tag_id":null,"product_display_order":0,"value":"サンプル"}]},"usage":[{"content":null,"label":"PRODUCT USAGE","type":"product_usage"},{"content":null,"label":"HOW DOES IT WORK","type":"how_does_it_work"},{"content":null,"label":"WHO IT IS FOR","type":"who_it_is_for"},{"content":null,"label":"GREAT TO KNOW","type":"great_to_know"},{"content":null,"label":"WHAT_IT_DOES","type":"what_it_does"},{"content":null,"label":"WHAT_IT_IS","type":"what_it_is"}],"objectID":"77661"},{"benefit":{"statement":null,"benefits":null},"brand":null,"collection":null,"coverage":null,"cross_sell":null,"default_category":{"id":"1593","key":"チーク"},"description":"頬に可憐な美しさを。<br>愛らしい芝桜が型押しされた限定チーク ポップ登場！<br><br>チーク ポップ定番の華やかなピンクカラー「ピンク ポップ」に芝桜を型押しした限定版が登場。<br>しっとり質感のパウダーが、ピュアな透明感を引き出して、スウィートなメークを叶えます。<br>可憐に咲き誇る芝桜のように、ピンクカラーで満開の笑顔を咲かせて。<br><br>5月15日(金) オンライン先行限定発売<br>5月20日(水) 全国限定発売","display_mode":null,"display_name":"チーク ポップ #12 ピンク ポップ ","display_status":7,"finish":null,"form":null,"formula_type":null,"fragrance_family":null,"indexable_keywords":null,"is_hazmat":false,"is_product_coming_soon":null,"is_product_displayable":true,"is_product_searchable":true,"is_product_shoppable":true,"is_product_sold_out":null,"is_product_temporarily_out_of_stock":null,"is_search_suppressed":null,"key_ingredient":null,"media":{"large":null,"medium":null,"poster":null,"small":null,"videos":[{"position":null,"poster":{"height":null,"src":null,"width":null},"provider":null,"src":null},{"position":null,"poster":{"height":null,"src":null,"width":null},"provider":null,"src":null},{"position":null,"poster":{"height":null,"src":null,"width":null},"provider":null,"src":null}],"xl":null},"meta":{"description":null,"keywords":null},"parent_category":[{"id":"1593","value":"チーク"},{"id":"1592","value":"メーク"}],"product_badge":null,"product_id":"77778","product_title_tag":null,"product_type":"Other","product_url":"/product/1593/77778/-12-/clinique-cheek-pop-pink-pop","reviews":{"average_rating":null,"number_of_questions":null,"number_of_reviews":null},"shade_groups":null,"short_description":"頬に可憐な美しさを。<br>愛らしい芝桜が型押しされた限定チーク ポップ登場！<br><br>チーク ポップ定番の華やかなピンクカラー「ピンク ポップ」に芝桜を型押しした限定版が登場。<br>しっとり質感のパウダーが、ピュアな透明感を引き出して、スウィートなメークを叶えます。<br>可憐に咲き誇る芝桜のように、ピンクカラーで満開の笑顔を咲かせて。<br><br>5月15日(金) オンライン先行限定発売<br>5月20日(水) 全国限定発売","skin":null,"skin_goal":null,"skus":{"total":1,"items":[{"color_family":null,"coverage_options":null,"cross_sell":null,"display_status":7,"finish":null,"finish_options":null,"fragrances":[{"family":null,"key":null,"value":null}],"iln_listing":"（ＨＤＩ／トリメチロールヘキシルラクトン）クロスポリマー・エチルヘキサン酸セテアリル・グリセリン・ポリテトラフルオロエチレン・リン酸２Ｃａ・ジメチコン・スクワラン・ステアリン酸亜鉛・ラウロイルリシン・エチルヘキシルグリセリン・ポリソルベート８０・カプリリルグリコール・１，２－ヘキサンジオール・カラギーナン・テトラ（ジ－ｔ－ブチルヒドロキシヒドロケイヒ酸）ペンタエリスリチル　＋／－　マイカ・酸化チタン・硫酸Ｂａ・酸化鉄・赤２０２・シリカ・ロジン<JILN6861>","iln_version_number":"JILN6861","inventory_status":"Active","is_active":true,"is_coming_soon":null,"is_default_sku":false,"is_discountable":true,"is_displayable":null,"is_engravable":null,"is_fragrance":null,"is_giftable":null,"is_giftwrap":false,"is_inactive":null,"is_multi_shaded":null,"is_out_of_stock":null,"is_preorder":false,"is_preorderable":null,"is_promotional":null,"is_replenishable":false,"is_search_suppressed":null,"is_searchable":true,"is_shaded":null,"is_sized":null,"is_sold_out":null,"is_under_weight_hazmat":false,"is_vto_enabled":null,"life_of_product":"Limited life","material_code":"KXAG010000","media":{"large":[{"alt":"チーク ポップ #12 ピンク ポップ ","height":1200,"position":1,"src":"/media/export/cms/products/1200x1500/cl_sku_KXAG01_1200x1500_0.png","type":"image","width":1500}],"medium":[{"alt":"チーク ポップ #12 ピンク ポップ ","height":600,"position":2,"src":"/media/export/cms/products/600x750/cl_sku_KXAG01_600x750_0.png","type":"image","width":750}],"model":null,"poster":null,"small":[{"alt":"チーク ポップ #12 ピンク ポップ ","height":1200,"position":3,"src":"/media/export/cms/products/1200x1500/cl_sku_KXAG01_1200x1500_0.png","type":"image","width":1500}],"smoosh":[{"alt":"チーク ポップ #12 ピンク ポップ ","height":1200,"position":0,"src":"/media/export/cms/products/1200x1500/swatches_v3/35_ns_ng.png","type":"image","width":1500}],"xl":null},"out_of_stock_threshold":null,"perlgem":{"SKU_BASE_ID":119188},"preorder_date":null,"prices":[{"currency":"JPY","exclude_tax":{"original_price":3300,"original_price_formatted":"¥3,300","price":3300,"price_formatted":"¥3,300","price_per_unit":null,"price_per_unit_formatted":""},"include_tax":{"original_price":3630,"original_price_formatted":"¥3,630","price":3630,"price_formatted":"¥3,630","price_per_unit":null,"price_per_unit_formatted":""},"is_discounted":false}],"purchase_limit":null,"replenishment":{"message":null},"reviews":{"average_rating":null,"number_of_questions":null,"number_of_reviews":null},"set_components":null,"shade_groups":null,"shades":[{"description":"","hex_val":"#fdacb4","image":{"height":null,"src":"","width":null},"name":"ピンク ポップ","smoosh_design":{"group_id":null,"name":"35::none::none"}}],"sizes":[{"key":1,"value":null}],"skin":{"tone":null,"type":null,"type_description":null},"sku_badge":null,"sku_badge_image":null,"sku_display_order":0,"sku_id":"KXAG01","sku_promo_messaging":null,"sku_type":"SE","sku_url":null,"tags":{"total":2,"items":[{"id":"1592","key":"メーク","value":"メーク"},{"id":"1593","key":"チーク","value":"チーク"}]},"texture":null,"undertone":null,"unit_of_measure":null,"unit_size":null,"unit_size_formatted":null,"upc":"192333071168","vto":{"is_color_experience":null,"is_foundation_experience":null}}]},"sub_display_name":"チーク ポップ #12 ピンク ポップ ","sub_header":null,"tags":{"total":2,"items":[{"id":"1592","key":"メーク","parent_tag_id":null,"product_display_order":0,"value":"メーク"},{"id":"1593","key":"チーク","parent_tag_id":"1592","product_display_order":7,"value":"チーク"}]},"usage":[{"content":null,"label":"PRODUCT USAGE","type":"product_usage"},{"content":null,"label":"HOW DOES IT WORK","type":"how_does_it_work"},{"content":null,"label":"WHO IT IS FOR","type":"who_it_is_for"},{"content":null,"label":"GREAT TO KNOW","type":"great_to_know"},{"content":null,"label":"WHAT_IT_DOES","type":"what_it_does"},{"content":null,"label":"WHAT_IT_IS","type":"what_it_is"}],"objectID":"77778"},{"benefit":{"statement":null,"benefits":null},"brand":null,"collection":null,"coverage":null,"cross_sell":null,"default_category":{"id":"1628","key":"サンプル"},"description":null,"display_mode":null,"display_name":"フレッシュ プレスト C10 （無料ギフト）","display_status":7,"finish":null,"form":null,"formula_type":null,"fragrance_family":null,"indexable_keywords":null,"is_hazmat":false,"is_product_coming_soon":null,"is_product_displayable":true,"is_product_searchable":true,"is_product_shoppable":false,"is_product_sold_out":null,"is_product_temporarily_out_of_stock":null,"is_search_suppressed":null,"key_ingredient":null,"media":{"large":null,"medium":null,"poster":null,"small":null,"videos":[{"position":null,"poster":{"height":null,"src":null,"width":null},"provider":null,"src":null},{"position":null,"poster":{"height":null,"src":null,"width":null},"provider":null,"src":null},{"position":null,"poster":{"height":null,"src":null,"width":null},"provider":null,"src":null}],"xl":null},"meta":{"description":null,"keywords":null},"parent_category":[{"id":"1628","value":"サンプル"}],"product_badge":null,"product_id":"77821","product_title_tag":null,"product_type":"Sized","product_url":"/product/1628/77821/-c10/fp-c10-free-gift-zn9g010000","reviews":{"average_rating":null,"number_of_questions":null,"number_of_reviews":null},"shade_groups":null,"short_description":null,"skin":null,"skin_goal":null,"skus":{"total":1,"items":[{"color_family":null,"coverage_options":null,"cross_sell":null,"display_status":7,"finish":null,"finish_options":null,"fragrances":[{"family":null,"key":null,"value":null}],"iln_listing":null,"iln_version_number":null,"inventory_status":"Sold Out","is_active":null,"is_coming_soon":null,"is_default_sku":false,"is_discountable":false,"is_displayable":null,"is_engravable":null,"is_fragrance":null,"is_giftable":null,"is_giftwrap":false,"is_inactive":null,"is_multi_shaded":null,"is_out_of_stock":null,"is_preorder":false,"is_preorderable":null,"is_promotional":null,"is_replenishable":false,"is_search_suppressed":null,"is_searchable":false,"is_shaded":null,"is_sized":null,"is_sold_out":true,"is_under_weight_hazmat":false,"is_vto_enabled":null,"life_of_product":"Limited life","material_code":"CLJF900000","media":{"large":[{"alt":"フレッシュ プレスト C10 （無料ギフト）","height":1200,"position":0,"src":"/media/export/cms/products/1200x1500/cl_sku_CLJF90_1200x1500_0.png","type":"image","width":1500}],"medium":[{"alt":"フレッシュ プレスト C10 （無料ギフト）","height":600,"position":1,"src":"/media/export/cms/products/600x750/cl_sku_CLJF90_600x750_0.png","type":"image","width":750}],"model":null,"poster":null,"small":[{"alt":"フレッシュ プレスト C10 （無料ギフト）","height":1200,"position":2,"src":"/media/export/cms/products/1200x1500/cl_sku_CLJF90_1200x1500_0.png","type":"image","width":1500}],"smoosh":null,"xl":null},"out_of_stock_threshold":null,"perlgem":{"SKU_BASE_ID":119265},"preorder_date":null,"prices":[{"currency":"JPY","exclude_tax":{"original_price":0,"original_price_formatted":"¥0","price":0,"price_formatted":"¥0","price_per_unit":null,"price_per_unit_formatted":""},"include_tax":{"original_price":0,"original_price_formatted":"¥0","price":0,"price_formatted":"¥0","price_per_unit":null,"price_per_unit_formatted":""},"is_discounted":false}],"purchase_limit":null,"replenishment":{"message":null},"reviews":{"average_rating":null,"number_of_questions":null,"number_of_reviews":null},"set_components":null,"shade_groups":null,"shades":null,"sizes":[{"key":1,"value":null}],"skin":{"tone":null,"type":null,"type_description":null},"sku_badge":null,"sku_badge_image":null,"sku_display_order":0,"sku_id":"CLJF90","sku_promo_messaging":null,"sku_type":"SE","sku_url":null,"tags":{"total":1,"items":[{"id":"1628","key":"サンプル","value":"サンプル"}]},"texture":null,"undertone":null,"unit_of_measure":null,"unit_size":null,"unit_size_formatted":null,"upc":"020714937190","vto":{"is_color_experience":null,"is_foundation_experience":null}}]},"sub_display_name":"フレッシュ プレスト C10 （無料ギフト）","sub_header":null,"tags":{"total":1,"items":[{"id":"1628","key":"サンプル","parent_tag_id":null,"product_display_order":0,"value":"サンプル"}]},"usage":[{"content":null,"label":"PRODUCT USAGE","type":"product_usage"},{"content":null,"label":"HOW DOES IT WORK","type":"how_does_it_work"},{"content":null,"label":"WHO IT IS FOR","type":"who_it_is_for"},{"content":null,"label":"GREAT TO KNOW","type":"great_to_know"},{"content":null,"label":"WHAT_IT_DOES","type":"what_it_does"},{"content":null,"label":"WHAT_IT_IS","type":"what_it_is"}],"objectID":"77821"},{"benefit":{"statement":null,"benefits":null},"brand":null,"collection":[{"key":"dramatically-dif-collection","value":"dramatically_dif_collection"},{"key":"acne-solutions-collection","value":"acne_solutions_collection"}],"coverage":null,"cross_sell":null,"default_category":{"id":"13301","key":"乳液クリーム"},"description":"肌トラブルを吹き飛ばすように。<br>テカリの気になる肌を、すこやかに。<br><br>あなたの肌ニーズに合わせた美容液カートリッジと、肌タイプに合わせた<br>モイスチャーベースをカスタマイズする贅沢な乳液ケア「クリニーク iD」から、<br>新・美容液カートリッジ＆ジェル状保湿液 登場。<br>肌のオイルバランスの乱れによる、過剰な皮脂や毛穴が気になる肌をすこやかに。<br><small> ※ベースとカートリッジのセット販売のみ</small><br><br>美容成分＊1（カートリッジ コンセントレート） <br>▷カラフトコンブエキス*2&亜鉛*3配合。<br>赤のオイルバランス「美容液カートリッジ」<br>カートリッジ コンセントレート IP(オイルバランス) 10mL<br><br><small>＊１カートリッジ コンセントレートの美容整肌成分 ＊2 保湿成分 ＊３PCA亜鉛：保湿成分　＊４アセチルグルコサミン：整肌成分 </small>","display_mode":null,"display_name":"＜オイルバランス＞カートリッジ コンセントレート IP","display_status":7,"finish":null,"form":[{"key":"gel-form","value":"gel_form"},{"key":"water-jelly-form","value":"water_jelly_form"},{"key":"watery-form","value":"watery_form"}],"formula_type":null,"fragrance_family":null,"indexable_keywords":[{"value":"Clinique iD"},{"value":" クリニークiD"},{"value":" スキンケア"},{"value":" 角層ケア"},{"value":"clid"}],"is_hazmat":false,"is_product_coming_soon":null,"is_product_displayable":true,"is_product_searchable":true,"is_product_shoppable":true,"is_product_sold_out":null,"is_product_temporarily_out_of_stock":null,"is_search_suppressed":null,"key_ingredient":null,"media":{"large":[{"alt":"＜オイルバランス＞カートリッジ コンセントレート IP","height":1200,"position":0,"src":"/media/export/cms/products/1200x1500/cl_prod_79003_1200x1500_0.png","type":"image","width":1500},{"alt":"＜オイルバランス＞カートリッジ コンセントレート IP","height":1200,"position":1,"src":"/media/export/cms/products/1200x1500/cl_prod_79003_1200x1500_1.png","type":"image","width":1500},{"alt":"＜オイルバランス＞カートリッジ コンセントレート IP","height":1200,"position":2,"src":"/media/export/cms/products/1200x1500/cl_prod_79003_1200x1500_2.png","type":"image","width":1500}],"medium":null,"poster":null,"small":[{"alt":"＜オイルバランス＞カートリッジ コンセントレート IP","height":1200,"position":3,"src":"/media/export/cms/products/1200x1500/cl_prod_79003_1200x1500_0.png","type":"image","width":1500},{"alt":"＜オイルバランス＞カートリッジ コンセントレート IP","height":1200,"position":4,"src":"/media/export/cms/products/1200x1500/cl_prod_79003_1200x1500_1.png","type":"image","width":1500},{"alt":"＜オイルバランス＞カートリッジ コンセントレート IP","height":1200,"position":5,"src":"/media/export/cms/products/1200x1500/cl_prod_79003_1200x1500_2.png","type":"image","width":1500}],"videos":[{"position":null,"poster":{"height":null,"src":null,"width":null},"provider":"YouTube","src":null},{"position":null,"poster":{"height":null,"src":null,"width":null},"provider":"YouTube","src":null},{"position":null,"poster":{"height":null,"src":null,"width":null},"provider":"YouTube","src":null}],"xl":null},"meta":{"description":null,"keywords":null},"parent_category":[{"id":"13301","value":"乳液・クリーム"},{"id":"1667","value":"スキンケア"}],"product_badge":null,"product_id":"79003","product_title_tag":null,"product_type":"Other","product_url":"/product/13301/79003/-ip/clinique-id-imprfctn-acc-cart","reviews":{"average_rating":null,"number_of_questions":null,"number_of_reviews":null},"shade_groups":null,"short_description":"肌トラブルを吹き飛ばすように。<br>テカリの気になる肌を、すこやかに。<br><br>あなたの肌ニーズに合わせた美容液カートリッジと、肌タイプに合わせた<br>モイスチャーベースをカスタマイズする贅沢な乳液ケア「クリニーク iD」から、<br>新・美容液カートリッジ＆ジェル状保湿液 登場。<br>肌のオイルバランスの乱れによる、過剰な皮脂や毛穴が気になる肌をすこやかに。<br><small> ※ベースとカートリッジのセット販売のみ</small><br><br>美容成分＊1（カートリッジ コンセントレート） <br>▷カラフトコンブエキス*2&亜鉛*3配合。<br>赤のオイルバランス「美容液カートリッジ」<br>カートリッジ コンセントレート IP(オイルバランス) 10mL<br><br><small>＊１カートリッジ コンセントレートの美容整肌成分 ＊2 保湿成分 ＊３PCA亜鉛：保湿成分　＊４アセチルグルコサミン：整肌成分 </small>","skin":{"concern":[{"key":"acne-concern","value":"acne_concern"},{"key":"oil-free-concern","value":"oil_free_concern"},{"key":"sensitive-concern","value":"sensitive_concern"}]},"skin_goal":null,"skus":{"total":1,"items":[{"color_family":null,"coverage_options":null,"cross_sell":null,"display_status":7,"finish":null,"finish_options":null,"fragrances":[{"family":null,"key":null,"value":null}],"iln_listing":"水・プロパンジオール・ＢＧ・グリコール酸・乳酸・ペンチレングリコール・ポリソルベート８０・ＰＣＡ亜鉛・水酸化Ｎａ・クエン酸Ｎａ・カフェイン・ハマメリス水・乳酸桿菌発酵液・キサンタンガム・カラフトコンブエキス・ＥＤＴＡ－２Ｎａ・赤５０４・フェノキシエタノール・サリチル酸<JILN10347>","iln_version_number":"JILN10347","inventory_status":"Active","is_active":true,"is_coming_soon":null,"is_default_sku":true,"is_discountable":true,"is_displayable":null,"is_engravable":null,"is_fragrance":null,"is_giftable":null,"is_giftwrap":false,"is_inactive":null,"is_multi_shaded":null,"is_out_of_stock":null,"is_preorder":false,"is_preorderable":null,"is_promotional":null,"is_replenishable":false,"is_search_suppressed":null,"is_searchable":true,"is_shaded":null,"is_sized":null,"is_sold_out":null,"is_under_weight_hazmat":false,"is_vto_enabled":null,"life_of_product":"Basic Reorder","material_code":"KPP3010000","media":{"large":[{"alt":"＜オイルバランス＞カートリッジ コンセントレート IP","height":1200,"position":0,"src":"/media/export/cms/products/1200x1500/cl_sku_KPP301_1200x1500_0.png","type":"image","width":1500}],"medium":[{"alt":"＜オイルバランス＞カートリッジ コンセントレート IP","height":600,"position":1,"src":"/media/export/cms/products/600x750/cl_sku_KPP301_600x750_0.png","type":"image","width":750}],"model":null,"poster":null,"small":[{"alt":"＜オイルバランス＞カートリッジ コンセントレート IP","height":1200,"position":2,"src":"/media/export/cms/products/1200x1500/cl_sku_KPP301_1200x1500_0.png","type":"image","width":1500}],"smoosh":null,"xl":null},"out_of_stock_threshold":null,"perlgem":{"SKU_BASE_ID":120795},"preorder_date":null,"prices":[{"currency":"JPY","exclude_tax":{"original_price":1700,"original_price_formatted":"¥1,700","price":1700,"price_formatted":"¥1,700","price_per_unit":null,"price_per_unit_formatted":""},"include_tax":{"original_price":1870,"original_price_formatted":"¥1,870","price":1870,"price_formatted":"¥1,870","price_per_unit":null,"price_per_unit_formatted":""},"is_discounted":false}],"purchase_limit":null,"replenishment":{"message":null},"reviews":{"average_rating":null,"number_of_questions":null,"number_of_reviews":null},"set_components":null,"shade_groups":null,"shades":null,"sizes":[{"key":1,"value":"10ml"}],"skin":{"tone":null,"type":null,"type_description":null},"sku_badge":null,"sku_badge_image":null,"sku_display_order":0,"sku_id":"KPP301","sku_promo_messaging":null,"sku_type":"SE","sku_url":null,"tags":{"total":4,"items":[{"id":"1574","key":"ステップ３潤す","value":"ステップ３：潤す"},{"id":"25564","key":"cliniqueids","value":"cliniqueIds"},{"id":"13301","key":"乳液クリーム","value":"乳液・クリーム"},{"id":"23355","key":"cliniqueid","value":"CliniqueiD"}]},"texture":null,"undertone":null,"unit_of_measure":null,"unit_size":null,"unit_size_formatted":null,"upc":"192333042335","vto":{"is_color_experience":null,"is_foundation_experience":null}}]},"sub_display_name":"＜オイルバランス＞カートリッジ コンセントレート IP","sub_header":null,"tags":{"total":4,"items":[{"id":"1574","key":"ステップ３潤す","parent_tag_id":"1570","product_display_order":0,"value":"ステップ３：潤す"},{"id":"25564","key":"cliniqueids","parent_tag_id":null,"product_display_order":0,"value":"cliniqueIds"},{"id":"13301","key":"乳液クリーム","parent_tag_id":"1667","product_display_order":6,"value":"乳液・クリーム"},{"id":"23355","key":"cliniqueid","parent_tag_id":"1667","product_display_order":0,"value":"CliniqueiD"}]},"usage":[{"content":null,"label":"PRODUCT USAGE","type":"product_usage"},{"content":null,"label":"HOW DOES IT WORK","type":"how_does_it_work"},{"content":null,"label":"WHO IT IS FOR","type":"who_it_is_for"},{"content":null,"label":"GREAT TO KNOW","type":"great_to_know"},{"content":null,"label":"WHAT_IT_DOES","type":"what_it_does"},{"content":null,"label":"WHAT_IT_IS","type":"what_it_is"}],"objectID":"79003"},{"benefit":{"statement":null,"benefits":null},"brand":null,"collection":null,"coverage":null,"cross_sell":null,"default_category":{"id":"1628","key":"サンプル"},"description":null,"display_mode":null,"display_name":"BCA - Donation","display_status":1,"finish":null,"form":null,"formula_type":null,"fragrance_family":null,"indexable_keywords":null,"is_hazmat":false,"is_product_coming_soon":null,"is_product_displayable":true,"is_product_searchable":true,"is_product_shoppable":true,"is_product_sold_out":null,"is_product_temporarily_out_of_stock":null,"is_search_suppressed":null,"key_ingredient":null,"media":{"large":null,"medium":null,"poster":null,"small":null,"videos":[{"position":null,"poster":{"height":null,"src":null,"width":null},"provider":null,"src":null},{"position":null,"poster":{"height":null,"src":null,"width":null},"provider":null,"src":null},{"position":null,"poster":{"height":null,"src":null,"width":null},"provider":null,"src":null}],"xl":null},"meta":{"description":null,"keywords":null},"parent_category":[{"id":"1628","value":"サンプル"}],"product_badge":null,"product_id":"79322","product_title_tag":null,"product_type":"Other","product_url":"/product/1628/79322/bca--donation/bca--donation","reviews":{"average_rating":null,"number_of_questions":null,"number_of_reviews":null},"shade_groups":null,"short_description":null,"skin":null,"skin_goal":null,"skus":{"total":3,"items":[{"color_family":null,"coverage_options":null,"cross_sell":null,"display_status":1,"finish":null,"finish_options":null,"fragrances":[{"family":null,"key":null,"value":null}],"iln_listing":null,"iln_version_number":null,"inventory_status":"Active","is_active":true,"is_coming_soon":null,"is_default_sku":false,"is_discountable":false,"is_displayable":null,"is_engravable":null,"is_fragrance":null,"is_giftable":null,"is_giftwrap":true,"is_inactive":null,"is_multi_shaded":null,"is_out_of_stock":null,"is_preorder":false,"is_preorderable":null,"is_promotional":null,"is_replenishable":false,"is_search_suppressed":null,"is_searchable":true,"is_shaded":null,"is_sized":null,"is_sold_out":null,"is_under_weight_hazmat":false,"is_vto_enabled":null,"life_of_product":"Limited life","material_code":"CLNAOE0000","media":{"large":[{"alt":"BCA - Donation","height":1200,"position":0,"src":"/media/export/cms/products/1200x1500/cl_sku_CLNAOE_1200x1500_0.png","type":"image","width":1500}],"medium":[{"alt":"BCA - Donation","height":600,"position":1,"src":"/media/export/cms/products/600x750/cl_sku_CLNAOE_600x750_0.png","type":"image","width":750}],"model":null,"poster":null,"small":[{"alt":"BCA - Donation","height":1200,"position":2,"src":"/media/export/cms/products/1200x1500/cl_sku_CLNAOE_1200x1500_0.png","type":"image","width":1500}],"smoosh":null,"xl":null},"out_of_stock_threshold":null,"perlgem":{"SKU_BASE_ID":121190},"preorder_date":null,"prices":[{"currency":"JPY","exclude_tax":{"original_price":10,"original_price_formatted":"¥10","price":10,"price_formatted":"¥10","price_per_unit":null,"price_per_unit_formatted":""},"include_tax":{"original_price":11,"original_price_formatted":"¥11","price":11,"price_formatted":"¥11","price_per_unit":null,"price_per_unit_formatted":""},"is_discounted":false}],"purchase_limit":null,"replenishment":{"message":null},"reviews":{"average_rating":null,"number_of_questions":null,"number_of_reviews":null},"set_components":null,"shade_groups":null,"shades":null,"sizes":[{"key":1,"value":null}],"skin":{"tone":null,"type":null,"type_description":null},"sku_badge":null,"sku_badge_image":null,"sku_display_order":0,"sku_id":"CLNAOE","sku_promo_messaging":null,"sku_type":"SE","sku_url":null,"tags":{"total":3,"items":[{"id":"27411","key":"donation","value":"Donation"},{"id":"1628","key":"サンプル","value":"サンプル"},{"id":"7502","key":"bca","value":"BCA"}]},"texture":null,"undertone":null,"unit_of_measure":null,"unit_size":null,"unit_size_formatted":null,"upc":"020000000616","vto":{"is_color_experience":null,"is_foundation_experience":null}},{"color_family":null,"coverage_options":null,"cross_sell":null,"display_status":1,"finish":null,"finish_options":null,"fragrances":[{"family":null,"key":null,"value":null}],"iln_listing":null,"iln_version_number":null,"inventory_status":"Active","is_active":true,"is_coming_soon":null,"is_default_sku":false,"is_discountable":false,"is_displayable":null,"is_engravable":null,"is_fragrance":null,"is_giftable":null,"is_giftwrap":true,"is_inactive":null,"is_multi_shaded":null,"is_out_of_stock":null,"is_preorder":false,"is_preorderable":null,"is_promotional":null,"is_replenishable":false,"is_search_suppressed":null,"is_searchable":true,"is_shaded":null,"is_sized":null,"is_sold_out":null,"is_under_weight_hazmat":false,"is_vto_enabled":null,"life_of_product":"Limited life","material_code":"CLNAOC0000","media":{"large":[{"alt":"BCA - Donation","height":1200,"position":0,"src":"/media/export/cms/products/1200x1500/cl_sku_CLNAOC_1200x1500_0.png","type":"image","width":1500}],"medium":[{"alt":"BCA - Donation","height":600,"position":1,"src":"/media/export/cms/products/600x750/cl_sku_CLNAOC_600x750_0.png","type":"image","width":750}],"model":null,"poster":null,"small":[{"alt":"BCA - Donation","height":1200,"position":2,"src":"/media/export/cms/products/1200x1500/cl_sku_CLNAOC_1200x1500_0.png","type":"image","width":1500}],"smoosh":null,"xl":null},"out_of_stock_threshold":null,"perlgem":{"SKU_BASE_ID":121188},"preorder_date":null,"prices":[{"currency":"JPY","exclude_tax":{"original_price":1,"original_price_formatted":"¥1","price":1,"price_formatted":"¥1","price_per_unit":null,"price_per_unit_formatted":""},"include_tax":{"original_price":1,"original_price_formatted":"¥1","price":1,"price_formatted":"¥1","price_per_unit":null,"price_per_unit_formatted":""},"is_discounted":false}],"purchase_limit":null,"replenishment":{"message":null},"reviews":{"average_rating":null,"number_of_questions":null,"number_of_reviews":null},"set_components":null,"shade_groups":null,"shades":null,"sizes":[{"key":1,"value":null}],"skin":{"tone":null,"type":null,"type_description":null},"sku_badge":null,"sku_badge_image":null,"sku_display_order":0,"sku_id":"CLNAOC","sku_promo_messaging":null,"sku_type":"SE","sku_url":null,"tags":{"total":3,"items":[{"id":"27411","key":"donation","value":"Donation"},{"id":"1628","key":"サンプル","value":"サンプル"},{"id":"7502","key":"bca","value":"BCA"}]},"texture":null,"undertone":null,"unit_of_measure":null,"unit_size":null,"unit_size_formatted":null,"upc":"020000000614","vto":{"is_color_experience":null,"is_foundation_experience":null}},{"color_family":null,"coverage_options":null,"cross_sell":null,"display_status":1,"finish":null,"finish_options":null,"fragrances":[{"family":null,"key":null,"value":null}],"iln_listing":null,"iln_version_number":null,"inventory_status":"Active","is_active":true,"is_coming_soon":null,"is_default_sku":false,"is_discountable":false,"is_displayable":null,"is_engravable":null,"is_fragrance":null,"is_giftable":null,"is_giftwrap":true,"is_inactive":null,"is_multi_shaded":null,"is_out_of_stock":null,"is_preorder":false,"is_preorderable":null,"is_promotional":null,"is_replenishable":false,"is_search_suppressed":null,"is_searchable":true,"is_shaded":null,"is_sized":null,"is_sold_out":null,"is_under_weight_hazmat":false,"is_vto_enabled":null,"life_of_product":"Limited life","material_code":"CLNAOD0000","media":{"large":[{"alt":"BCA - Donation","height":1200,"position":0,"src":"/media/export/cms/products/1200x1500/cl_sku_CLNAOD_1200x1500_0.png","type":"image","width":1500}],"medium":[{"alt":"BCA - Donation","height":600,"position":1,"src":"/media/export/cms/products/600x750/cl_sku_CLNAOD_600x750_0.png","type":"image","width":750}],"model":null,"poster":null,"small":[{"alt":"BCA - Donation","height":1200,"position":2,"src":"/media/export/cms/products/1200x1500/cl_sku_CLNAOD_1200x1500_0.png","type":"image","width":1500}],"smoosh":null,"xl":null},"out_of_stock_threshold":null,"perlgem":{"SKU_BASE_ID":121189},"preorder_date":null,"prices":[{"currency":"JPY","exclude_tax":{"original_price":5,"original_price_formatted":"¥5","price":5,"price_formatted":"¥5","price_per_unit":null,"price_per_unit_formatted":""},"include_tax":{"original_price":5,"original_price_formatted":"¥5","price":5,"price_formatted":"¥5","price_per_unit":null,"price_per_unit_formatted":""},"is_discounted":false}],"purchase_limit":null,"replenishment":{"message":null},"reviews":{"average_rating":null,"number_of_questions":null,"number_of_reviews":null},"set_components":null,"shade_groups":null,"shades":null,"sizes":[{"key":1,"value":null}],"skin":{"tone":null,"type":null,"type_description":null},"sku_badge":null,"sku_badge_image":null,"sku_display_order":0,"sku_id":"CLNAOD","sku_promo_messaging":null,"sku_type":"SE","sku_url":null,"tags":{"total":3,"items":[{"id":"27411","key":"donation","value":"Donation"},{"id":"1628","key":"サンプル","value":"サンプル"},{"id":"7502","key":"bca","value":"BCA"}]},"texture":null,"undertone":null,"unit_of_measure":null,"unit_size":null,"unit_size_formatted":null,"upc":"020000000615","vto":{"is_color_experience":null,"is_foundation_experience":null}}]},"sub_display_name":null,"sub_header":null,"tags":{"total":3,"items":[{"id":"27411","key":"donation","parent_tag_id":"1585","product_display_order":0,"value":"Donation"},{"id":"1628","key":"サンプル","parent_tag_id":null,"product_display_order":0,"value":"サンプル"},{"id":"7502","key":"bca","parent_tag_id":null,"product_display_order":0,"value":"BCA"}]},"usage":[{"content":null,"label":"PRODUCT USAGE","type":"product_usage"},{"content":null,"label":"HOW DOES IT WORK","type":"how_does_it_work"},{"content":null,"label":"WHO IT IS FOR","type":"who_it_is_for"},{"content":null,"label":"GREAT TO KNOW","type":"great_to_know"},{"content":null,"label":"WHAT_IT_DOES","type":"what_it_does"},{"content":null,"label":"WHAT_IT_IS","type":"what_it_is"}],"objectID":"79322"},{"benefit":{"statement":null,"benefits":null},"brand":null,"collection":null,"coverage":null,"cross_sell":null,"default_category":{"id":"16422","key":"セットギフト"},"description":"＼いち早く、潤い満ちる体験を！／<br>クリニーク独自の「アロエ発酵テクノロジー」を搭載した<br>新・保湿ジェルクリームを発売に先駆けて試せる<br>潤いのスペシャリスト セット。<br><br>より深く＊１、みずみずしく潤いつづく、発売前の「新・保湿ジェルクリーム」と、<br>乳酸菌＊2のチカラで肌に潤いを与える「保湿化粧水」がセットに。<br>まるでピンクのオアシスに肌も心も満たされるように。<br>ダブル使いで、みずみずしくきれいが満ちる肌へ。<br><br>3 月5 日(金)～公式オンライン限定発売<br>クリニーク モイスチャー スキン サンプル セット 550 円(本体500 円)<br><br>【セット内容】<br>○モイスチャー サージ ジェルクリーム 100H (保湿ジェルクリーム) 5mL<br>○モイスチャー サージ ハイドレーティング ローション (保湿化粧水) 7mL<br><small>＊１浸透は角質層まで ＊2 乳酸桿菌発酵液<small><br><small>※数に限りがありますので、お早めに。 ※表示価格は希望小売価格です<small>","display_mode":null,"display_name":"クリニーク モイスチャー スキン サンプル セット","display_status":7,"finish":null,"form":null,"formula_type":null,"fragrance_family":null,"indexable_keywords":null,"is_hazmat":false,"is_product_coming_soon":null,"is_product_displayable":true,"is_product_searchable":true,"is_product_shoppable":true,"is_product_sold_out":null,"is_product_temporarily_out_of_stock":null,"is_search_suppressed":null,"key_ingredient":null,"media":{"large":null,"medium":null,"poster":null,"small":null,"videos":[{"position":null,"poster":{"height":null,"src":null,"width":null},"provider":"YouTube","src":null},{"position":null,"poster":{"height":null,"src":null,"width":null},"provider":"YouTube","src":null},{"position":null,"poster":{"height":null,"src":null,"width":null},"provider":"YouTube","src":null}],"xl":null},"meta":{"description":null,"keywords":null},"parent_category":[{"id":"16422","value":"セット＆ギフト"},{"id":"1585","value":"Gift Center"}],"product_badge":null,"product_id":"79381","product_title_tag":null,"product_type":"Other","product_url":"/product/16422/79381/gift-center/-/clinique-moisture-skin-sample-set","reviews":{"average_rating":null,"number_of_questions":null,"number_of_reviews":null},"shade_groups":null,"short_description":"＼いち早く、潤い満ちる体験を！／<br>クリニーク独自の「アロエ発酵テクノロジー」を搭載した<br>新・保湿ジェルクリームを発売に先駆けて試せる<br>潤いのスペシャリスト セット。<br><br>より深く＊１、みずみずしく潤いつづく、発売前の「新・保湿ジェルクリーム」と、<br>乳酸菌＊2のチカラで肌に潤いを与える「保湿化粧水」がセットに。<br>まるでピンクのオアシスに肌も心も満たされるように。<br>ダブル使いで、みずみずしくきれいが満ちる肌へ。<br><br>3 月5 日(金)～公式オンライン限定発売<br>クリニーク モイスチャー スキン サンプル セット 550 円(本体500 円)<br><br>【セット内容】<br>○モイスチャー サージ ジェルクリーム 100H (保湿ジェルクリーム) 5mL<br>○モイスチャー サージ ハイドレーティング ローション (保湿化粧水) 7mL<br><small>＊１浸透は角質層まで ＊2 乳酸桿菌発酵液<small><br><small>※数に限りがありますので、お早めに。 ※表示価格は希望小売価格です<small>","skin":null,"skin_goal":null,"skus":{"total":1,"items":[{"color_family":null,"coverage_options":null,"cross_sell":null,"display_status":7,"finish":null,"finish_options":null,"fragrances":[{"family":null,"key":null,"value":null}],"iln_listing":null,"iln_version_number":null,"inventory_status":"Active","is_active":true,"is_coming_soon":null,"is_default_sku":false,"is_discountable":true,"is_displayable":null,"is_engravable":null,"is_fragrance":null,"is_giftable":null,"is_giftwrap":false,"is_inactive":null,"is_multi_shaded":null,"is_out_of_stock":null,"is_preorder":false,"is_preorderable":null,"is_promotional":null,"is_replenishable":false,"is_search_suppressed":null,"is_searchable":true,"is_shaded":null,"is_sized":null,"is_sold_out":null,"is_under_weight_hazmat":false,"is_vto_enabled":null,"life_of_product":"Limited life","material_code":"KWW2410000","media":{"large":[{"alt":"クリニーク モイスチャー スキン サンプル セット","height":1200,"position":0,"src":"/media/export/cms/products/1200x1500/cl_sku_KWW241_1200x1500_0.png","type":"image","width":1500}],"medium":[{"alt":"クリニーク モイスチャー スキン サンプル セット","height":600,"position":1,"src":"/media/export/cms/products/600x750/cl_sku_KWW241_600x750_0.png","type":"image","width":750}],"model":null,"poster":null,"small":[{"alt":"クリニーク モイスチャー スキン サンプル セット","height":1200,"position":2,"src":"/media/export/cms/products/1200x1500/cl_sku_KWW241_1200x1500_0.png","type":"image","width":1500}],"smoosh":null,"xl":null},"out_of_stock_threshold":null,"perlgem":{"SKU_BASE_ID":121253},"preorder_date":null,"prices":[{"currency":"JPY","exclude_tax":{"original_price":500,"original_price_formatted":"¥500","price":500,"price_formatted":"¥500","price_per_unit":null,"price_per_unit_formatted":""},"include_tax":{"original_price":550,"original_price_formatted":"¥550","price":550,"price_formatted":"¥550","price_per_unit":null,"price_per_unit_formatted":""},"is_discounted":false}],"purchase_limit":null,"replenishment":{"message":null},"reviews":{"average_rating":null,"number_of_questions":null,"number_of_reviews":null},"set_components":null,"shade_groups":null,"shades":null,"sizes":[{"key":1,"value":"5ml"}],"skin":{"tone":null,"type":null,"type_description":null},"sku_badge":null,"sku_badge_image":null,"sku_display_order":0,"sku_id":"KWW241","sku_promo_messaging":null,"sku_type":"SE","sku_url":null,"tags":{"total":5,"items":[{"id":"26882","key":"flash-sale-fy20-june","value":"Flash Sale FY20 June"},{"id":"1628","key":"サンプル","value":"サンプル"},{"id":"26570","key":"tiered-1","value":"Tiered 1"},{"id":"1667","key":"スキンケア","value":"スキンケア"},{"id":"16422","key":"セットギフト","value":"セット＆ギフト"}]},"texture":null,"undertone":null,"unit_of_measure":null,"unit_size":null,"unit_size_formatted":null,"upc":"192333067413","vto":{"is_color_experience":null,"is_foundation_experience":null}}]},"sub_display_name":"クリニーク モイスチャー スキン サンプル セット","sub_header":null,"tags":{"total":5,"items":[{"id":"26882","key":"flash-sale-fy20-june","parent_tag_id":"1590","product_display_order":0,"value":"Flash Sale FY20 June"},{"id":"1628","key":"サンプル","parent_tag_id":null,"product_display_order":0,"value":"サンプル"},{"id":"26570","key":"tiered-1","parent_tag_id":"1628","product_display_order":0,"value":"Tiered 1"},{"id":"1667","key":"スキンケア","parent_tag_id":null,"product_display_order":0,"value":"スキンケア"},{"id":"16422","key":"セットギフト","parent_tag_id":"1585","product_display_order":3,"value":"セット＆ギフト"}]},"usage":[{"content":null,"label":"PRODUCT USAGE","type":"product_usage"},{"content":null,"label":"HOW DOES IT WORK","type":"how_does_it_work"},{"content":null,"label":"WHO IT IS FOR","type":"who_it_is_for"},{"content":null,"label":"GREAT TO KNOW","type":"great_to_know"},{"content":null,"label":"WHAT_IT_DOES","type":"what_it_does"},{"content":null,"label":"WHAT_IT_IS","type":"what_it_is"}],"objectID":"79381"},{"benefit":{"statement":null,"benefits":null},"brand":null,"collection":null,"coverage":null,"cross_sell":null,"default_category":{"id":"1628","key":"サンプル"},"description":null,"display_mode":null,"display_name":"モイスチャー サージ ジェルクリーム 100H 15ml","display_status":7,"finish":null,"form":null,"formula_type":null,"fragrance_family":null,"indexable_keywords":null,"is_hazmat":false,"is_product_coming_soon":null,"is_product_displayable":true,"is_product_searchable":true,"is_product_shoppable":false,"is_product_sold_out":null,"is_product_temporarily_out_of_stock":null,"is_search_suppressed":null,"key_ingredient":null,"media":{"large":null,"medium":null,"poster":null,"small":null,"videos":[{"position":null,"poster":{"height":null,"src":null,"width":null},"provider":"YouTube","src":null},{"position":null,"poster":{"height":null,"src":null,"width":null},"provider":"YouTube","src":null},{"position":null,"poster":{"height":null,"src":null,"width":null},"provider":"YouTube","src":null}],"xl":null},"meta":{"description":null,"keywords":null},"parent_category":[{"id":"1628","value":"サンプル"}],"product_badge":null,"product_id":"79383","product_title_tag":null,"product_type":"Other","product_url":"/product/1628/79383/-100h-15ml/ms-100h-auto-replnshng-hydrator","reviews":{"average_rating":null,"number_of_questions":null,"number_of_reviews":null},"shade_groups":null,"short_description":null,"skin":null,"skin_goal":null,"skus":{"total":1,"items":[{"color_family":null,"coverage_options":null,"cross_sell":null,"display_status":7,"finish":null,"finish_options":null,"fragrances":[{"family":null,"key":null,"value":null}],"iln_listing":null,"iln_version_number":null,"inventory_status":"Sold Out","is_active":null,"is_coming_soon":null,"is_default_sku":false,"is_discountable":false,"is_displayable":null,"is_engravable":null,"is_fragrance":null,"is_giftable":null,"is_giftwrap":false,"is_inactive":null,"is_multi_shaded":null,"is_out_of_stock":null,"is_preorder":false,"is_preorderable":null,"is_promotional":null,"is_replenishable":false,"is_search_suppressed":null,"is_searchable":false,"is_shaded":null,"is_sized":null,"is_sold_out":true,"is_under_weight_hazmat":false,"is_vto_enabled":null,"life_of_product":"Limited life","material_code":"KWW2400000","media":{"large":[{"alt":"モイスチャー サージ ジェルクリーム 100H 15ml","height":1200,"position":0,"src":"/media/export/cms/products/1200x1500/cl_sku_KWW240_1200x1500_0.png","type":"image","width":1500}],"medium":[{"alt":"モイスチャー サージ ジェルクリーム 100H 15ml","height":600,"position":1,"src":"/media/export/cms/products/600x750/cl_sku_KWW240_600x750_0.png","type":"image","width":750}],"model":null,"poster":null,"small":[{"alt":"モイスチャー サージ ジェルクリーム 100H 15ml","height":1200,"position":2,"src":"/media/export/cms/products/1200x1500/cl_sku_KWW240_1200x1500_0.png","type":"image","width":1500}],"smoosh":null,"xl":null},"out_of_stock_threshold":null,"perlgem":{"SKU_BASE_ID":121255},"preorder_date":null,"prices":[{"currency":"JPY","exclude_tax":{"original_price":0,"original_price_formatted":"¥0","price":0,"price_formatted":"¥0","price_per_unit":null,"price_per_unit_formatted":""},"include_tax":{"original_price":0,"original_price_formatted":"¥0","price":0,"price_formatted":"¥0","price_per_unit":null,"price_per_unit_formatted":""},"is_discounted":false}],"purchase_limit":null,"replenishment":{"message":null},"reviews":{"average_rating":null,"number_of_questions":null,"number_of_reviews":null},"set_components":null,"shade_groups":null,"shades":null,"sizes":[{"key":1,"value":"15ml"}],"skin":{"tone":null,"type":null,"type_description":null},"sku_badge":null,"sku_badge_image":null,"sku_display_order":0,"sku_id":"KWW240","sku_promo_messaging":null,"sku_type":"SE","sku_url":null,"tags":{"total":1,"items":[{"id":"1628","key":"サンプル","value":"サンプル"}]},"texture":null,"undertone":null,"unit_of_measure":null,"unit_size":null,"unit_size_formatted":null,"upc":"192333067406","vto":{"is_color_experience":null,"is_foundation_experience":null}}]},"sub_display_name":"モイスチャー サージ ジェルクリーム 100H 15ml","sub_header":null,"tags":{"total":1,"items":[{"id":"1628","key":"サンプル","parent_tag_id":null,"product_display_order":0,"value":"サンプル"}]},"usage":[{"content":null,"label":"PRODUCT USAGE","type":"product_usage"},{"content":null,"label":"HOW DOES IT WORK","type":"how_does_it_work"},{"content":null,"label":"WHO IT IS FOR","type":"who_it_is_for"},{"content":null,"label":"GREAT TO KNOW","type":"great_to_know"},{"content":null,"label":"WHAT_IT_DOES","type":"what_it_does"},{"content":null,"label":"WHAT_IT_IS","type":"what_it_is"}],"objectID":"79383"},{"benefit":{"statement":null,"benefits":[{"key":"hydrating-benefit","value":"hydrating_benefit"},{"key":"moisturizing-benefit","value":"moisturizing_benefit"}]},"brand":null,"collection":[{"key":"moisture-surge-collection","value":"moisture_surge_collection"}],"coverage":null,"cross_sell":[{"sku_id":"ZR1Y01","sort_key":1},{"sku_id":"K4NE01","sort_key":2},{"sku_id":"ZY0R01","sort_key":3}],"default_category":{"id":"1687","key":"乾燥"},"description":"しなやかに潤い満ちる。<br>トリオ リピッド＊1配合で保湿力を高め、潤いが持続する「保湿クリーム」が誕生。<br><br>CICAエキス＊2やビタミンE誘導体＊3配合。乾燥やデリケートに傾きやすい肌も、穏やかに。<br>しっかり潤いを閉じ込める、なめらかに心地よく包み込むテクスチャー。<br>渇きや乾燥などの外的刺激に負けない、しなやかに潤い満ちる肌へ。<br><br>10月9日(金) オンライン先行発売<br>モイスチャー サージ インテンス 72 ハイドレーター (保湿クリーム) <br>30mL 4,950円(本体4,500円) ／50mL 6,710円(本体6,100円) <br><small>＊１コレステロール、リノール酸、セラミドを含むコムギフスマエキス：保湿成分 ＊2 ツボクサエキス：保湿成分　＊3 酢酸トコフェロール：製品の抗酸化剤</small>","display_mode":null,"display_name":"モイスチャー サージ インテンス 72 ハイドレーター ","display_status":7,"finish":null,"form":[{"key":"cream-form","value":"cream_form"},{"key":"gel-form","value":"gel_form"}],"formula_type":null,"fragrance_family":null,"indexable_keywords":null,"is_hazmat":false,"is_product_coming_soon":null,"is_product_displayable":true,"is_product_searchable":true,"is_product_shoppable":true,"is_product_sold_out":null,"is_product_temporarily_out_of_stock":null,"is_search_suppressed":null,"key_ingredient":null,"media":{"large":[{"alt":"モイスチャー サージ インテンス 72 ハイドレーター ","height":1200,"position":0,"src":"/media/export/cms/products/1200x1500/cl_prod_79628_1200x1500_0.png","type":"image","width":1500},{"alt":"モイスチャー サージ インテンス 72 ハイドレーター ","height":1200,"position":1,"src":"/media/export/cms/products/1200x1500/cl_prod_79628_1200x1500_1.png","type":"image","width":1500},{"alt":"モイスチャー サージ インテンス 72 ハイドレーター ","height":1200,"position":2,"src":"/media/export/cms/products/1200x1500/cl_prod_79628_1200x1500_2.png","type":"image","width":1500},{"alt":"モイスチャー サージ インテンス 72 ハイドレーター ","height":1200,"position":3,"src":"/media/export/cms/products/1200x1500/cl_prod_79628_1200x1500_3.png","type":"image","width":1500}],"medium":null,"poster":null,"small":[{"alt":"モイスチャー サージ インテンス 72 ハイドレーター ","height":1200,"position":4,"src":"/media/export/cms/products/1200x1500/cl_prod_79628_1200x1500_0.png","type":"image","width":1500},{"alt":"モイスチャー サージ インテンス 72 ハイドレーター ","height":1200,"position":5,"src":"/media/export/cms/products/1200x1500/cl_prod_79628_1200x1500_1.png","type":"image","width":1500},{"alt":"モイスチャー サージ インテンス 72 ハイドレーター ","height":1200,"position":6,"src":"/media/export/cms/products/1200x1500/cl_prod_79628_1200x1500_2.png","type":"image","width":1500},{"alt":"モイスチャー サージ インテンス 72 ハイドレーター ","height":1200,"position":7,"src":"/media/export/cms/products/1200x1500/cl_prod_79628_1200x1500_3.png","type":"image","width":1500}],"videos":[{"position":null,"poster":{"height":null,"src":null,"width":null},"provider":"YouTube","src":null},{"position":null,"poster":{"height":null,"src":null,"width":null},"provider":"YouTube","src":null},{"position":null,"poster":{"height":null,"src":null,"width":null},"provider":"YouTube","src":null}],"xl":null},"meta":{"description":null,"keywords":null},"parent_category":[{"id":"1687","value":"乾燥"},{"id":"1667","value":"スキンケア"}],"product_badge":null,"product_id":"79628","product_title_tag":null,"product_type":"Sized","product_url":"/product/1687/79628/-72/moisture-surge-intense-72h-lipid-replenishing-hydrator","reviews":{"average_rating":null,"number_of_questions":null,"number_of_reviews":null},"shade_groups":null,"short_description":"トリオ リピッド<sup>＊1</sup>配合で保湿力を高め、潤いが持続する「保湿クリーム」が誕生。<br><small>＊１コレステロール、リノール酸、セラミドを含むコムギフスマエキス：保湿成分</small>","skin":{"concern":[{"key":"oil-free-concern","value":"oil_free_concern"},{"key":"dry-concern","value":"dry_concern"},{"key":"dehydration-concern","value":"dehydration_concern"}]},"skin_goal":null,"skus":{"total":2,"items":[{"color_family":null,"coverage_options":null,"cross_sell":null,"display_status":7,"finish":null,"finish_options":null,"fragrances":[{"family":null,"key":null,"value":null}],"iln_listing":"水・グリセリン・ジメチコン・イソステアリン酸イソプロピル・ＤＰＧ・スクワラン・ＰＥＧ／ＰＰＧ－１８／１８ジメチコン・シリカ・ＰＥＧ－１５０・ヒドロキシエチルウレア・ワセリン・スクロース・メチルトリメチコン・ソルビトール・ポリアスパラギン酸Ｎａ・ポリシリコーン－１１・トレハロース・酢酸トコフェロール・メタリン酸Ｎａ・カフェイン・ツボクサエキス・コレステロール・ＢＨＴ・ＢＧ・ポリメタクリル酸グリセリル・ヒアルロン酸Ｎａ・ホエイタンパク（牛乳）・オリーブ果汁・ＰＥＧ－８・ジパルミチン酸ピリドキシン・リノール酸・コムギフスマエキス・オレイン酸・リノレン酸・ＥＤＴＡ－２Ｎａ・アロエベラ葉水・パルミトイルヘキサペプチド－１２・フェノキシエタノール・ヒドロキシアセトフェノン・安息香酸Ｎａ<JILN10284>","iln_version_number":"JILN10284","inventory_status":"Active","is_active":true,"is_coming_soon":null,"is_default_sku":false,"is_discountable":true,"is_displayable":null,"is_engravable":null,"is_fragrance":null,"is_giftable":null,"is_giftwrap":true,"is_inactive":null,"is_multi_shaded":null,"is_out_of_stock":null,"is_preorder":false,"is_preorderable":null,"is_promotional":null,"is_replenishable":true,"is_search_suppressed":null,"is_searchable":true,"is_shaded":null,"is_sized":null,"is_sold_out":null,"is_under_weight_hazmat":false,"is_vto_enabled":null,"life_of_product":"Basic Reorder","material_code":"KPR7010000","media":{"large":[{"alt":"モイスチャー サージ インテンス 72 ハイドレーター ","height":1200,"position":0,"src":"/media/export/cms/products/1200x1500/cl_sku_KPR701_1200x1500_0.png","type":"image","width":1500}],"medium":[{"alt":"モイスチャー サージ インテンス 72 ハイドレーター ","height":600,"position":1,"src":"/media/export/cms/products/600x750/cl_sku_KPR701_600x750_0.png","type":"image","width":750}],"model":null,"poster":null,"small":[{"alt":"モイスチャー サージ インテンス 72 ハイドレーター ","height":1200,"position":2,"src":"/media/export/cms/products/1200x1500/cl_sku_KPR701_1200x1500_0.png","type":"image","width":1500}],"smoosh":null,"xl":null},"out_of_stock_threshold":null,"perlgem":{"SKU_BASE_ID":121557},"preorder_date":null,"prices":[{"currency":"JPY","exclude_tax":{"original_price":4500,"original_price_formatted":"¥4,500","price":4500,"price_formatted":"¥4,500","price_per_unit":null,"price_per_unit_formatted":""},"include_tax":{"original_price":4950,"original_price_formatted":"¥4,950","price":4950,"price_formatted":"¥4,950","price_per_unit":null,"price_per_unit_formatted":""},"is_discounted":false}],"purchase_limit":null,"replenishment":{"message":null},"reviews":{"average_rating":null,"number_of_questions":null,"number_of_reviews":null},"set_components":null,"shade_groups":null,"shades":null,"sizes":[{"key":1,"value":"30ml"}],"skin":{"tone":null,"type":null,"type_description":null},"sku_badge":null,"sku_badge_image":null,"sku_display_order":0,"sku_id":"KPR701","sku_promo_messaging":null,"sku_type":"SE","sku_url":null,"tags":{"total":10,"items":[{"id":"13302","key":"クリーム","value":"クリーム"},{"id":"1585","key":"gift-center","value":"Gift Center"},{"id":"1687","key":"乾燥","value":"乾燥"},{"id":"14706","key":"スペシャルケア","value":"スペシャルケア"},{"id":"13301","key":"乳液クリーム","value":"乳液・クリーム"},{"id":"13051","key":"スキンケア-ベストセラー","value":"スキンケア ベストセラー"},{"id":"13304","key":"スペシャルケア","value":"スペシャルケア"},{"id":"8388","key":"hydration","value":"hydration"},{"id":"4323","key":"just-arrived","value":"Just Arrived"},{"id":"1689","key":"乾燥","value":"乾燥"}]},"texture":null,"undertone":null,"unit_of_measure":null,"unit_size":null,"unit_size_formatted":null,"upc":"192333042793","vto":{"is_color_experience":null,"is_foundation_experience":null}},{"color_family":null,"coverage_options":null,"cross_sell":null,"display_status":7,"finish":null,"finish_options":null,"fragrances":[{"family":null,"key":null,"value":null}],"iln_listing":"水・グリセリン・ジメチコン・イソステアリン酸イソプロピル・ＤＰＧ・スクワラン・ＰＥＧ／ＰＰＧ－１８／１８ジメチコン・シリカ・ＰＥＧ－１５０・ヒドロキシエチルウレア・ワセリン・スクロース・メチルトリメチコン・ソルビトール・ポリアスパラギン酸Ｎａ・ポリシリコーン－１１・トレハロース・酢酸トコフェロール・メタリン酸Ｎａ・カフェイン・ツボクサエキス・コレステロール・ＢＨＴ・ＢＧ・ポリメタクリル酸グリセリル・ヒアルロン酸Ｎａ・ホエイタンパク（牛乳）・オリーブ果汁・ＰＥＧ－８・ジパルミチン酸ピリドキシン・リノール酸・コムギフスマエキス・オレイン酸・リノレン酸・ＥＤＴＡ－２Ｎａ・アロエベラ葉水・パルミトイルヘキサペプチド－１２・フェノキシエタノール・ヒドロキシアセトフェノン・安息香酸Ｎａ<JILN10284>","iln_version_number":"JILN10284","inventory_status":"Active","is_active":true,"is_coming_soon":null,"is_default_sku":false,"is_discountable":true,"is_displayable":null,"is_engravable":null,"is_fragrance":null,"is_giftable":null,"is_giftwrap":true,"is_inactive":null,"is_multi_shaded":null,"is_out_of_stock":null,"is_preorder":false,"is_preorderable":null,"is_promotional":null,"is_replenishable":true,"is_search_suppressed":null,"is_searchable":true,"is_shaded":null,"is_sized":null,"is_sold_out":null,"is_under_weight_hazmat":false,"is_vto_enabled":null,"life_of_product":"Basic Reorder","material_code":"KPR8010000","media":{"large":[{"alt":"モイスチャー サージ インテンス 72 ハイドレーター ","height":1200,"position":0,"src":"/media/export/cms/products/1200x1500/cl_sku_KPR801_1200x1500_0.png","type":"image","width":1500}],"medium":[{"alt":"モイスチャー サージ インテンス 72 ハイドレーター ","height":600,"position":1,"src":"/media/export/cms/products/600x750/cl_sku_KPR801_600x750_0.png","type":"image","width":750}],"model":null,"poster":null,"small":[{"alt":"モイスチャー サージ インテンス 72 ハイドレーター ","height":1200,"position":2,"src":"/media/export/cms/products/1200x1500/cl_sku_KPR801_1200x1500_0.png","type":"image","width":1500}],"smoosh":null,"xl":null},"out_of_stock_threshold":null,"perlgem":{"SKU_BASE_ID":121558},"preorder_date":null,"prices":[{"currency":"JPY","exclude_tax":{"original_price":6100,"original_price_formatted":"¥6,100","price":6100,"price_formatted":"¥6,100","price_per_unit":null,"price_per_unit_formatted":""},"include_tax":{"original_price":6710,"original_price_formatted":"¥6,710","price":6710,"price_formatted":"¥6,710","price_per_unit":null,"price_per_unit_formatted":""},"is_discounted":false}],"purchase_limit":null,"replenishment":{"message":null},"reviews":{"average_rating":null,"number_of_questions":null,"number_of_reviews":null},"set_components":null,"shade_groups":null,"shades":null,"sizes":[{"key":1,"value":"50ml"}],"skin":{"tone":null,"type":null,"type_description":null},"sku_badge":null,"sku_badge_image":null,"sku_display_order":0,"sku_id":"KPR801","sku_promo_messaging":null,"sku_type":"SE","sku_url":null,"tags":{"total":11,"items":[{"id":"13302","key":"クリーム","value":"クリーム"},{"id":"1585","key":"gift-center","value":"Gift Center"},{"id":"1687","key":"乾燥","value":"乾燥"},{"id":"14706","key":"スペシャルケア","value":"スペシャルケア"},{"id":"13301","key":"乳液クリーム","value":"乳液・クリーム"},{"id":"13051","key":"スキンケア-ベストセラー","value":"スキンケア ベストセラー"},{"id":"13304","key":"スペシャルケア","value":"スペシャルケア"},{"id":"1575","key":"ベストセラー","value":"ベストセラー"},{"id":"8388","key":"hydration","value":"hydration"},{"id":"4323","key":"just-arrived","value":"Just Arrived"},{"id":"1689","key":"乾燥","value":"乾燥"}]},"texture":null,"undertone":null,"unit_of_measure":null,"unit_size":null,"unit_size_formatted":null,"upc":"192333042809","vto":{"is_color_experience":null,"is_foundation_experience":null}}]},"sub_display_name":"モイスチャー サージ インテンス 72 ハイドレーター ","sub_header":null,"tags":{"total":12,"items":[{"id":"13302","key":"クリーム","parent_tag_id":"1667","product_display_order":0,"value":"クリーム"},{"id":"1585","key":"gift-center","parent_tag_id":null,"product_display_order":0,"value":"Gift Center"},{"id":"1687","key":"乾燥","parent_tag_id":"1667","product_display_order":0,"value":"乾燥"},{"id":"14706","key":"スペシャルケア","parent_tag_id":"1667","product_display_order":4,"value":"スペシャルケア"},{"id":"13301","key":"乳液クリーム","parent_tag_id":"1667","product_display_order":2,"value":"乳液・クリーム"},{"id":"13051","key":"スキンケア-ベストセラー","parent_tag_id":"1667","product_display_order":3,"value":"スキンケア ベストセラー"},{"id":"13659","key":"トライアルサイズ","parent_tag_id":"1667","product_display_order":0,"value":"トライアルサイズ"},{"id":"13304","key":"スペシャルケア","parent_tag_id":"1667","product_display_order":1,"value":"スペシャルケア"},{"id":"1575","key":"ベストセラー","parent_tag_id":null,"product_display_order":3,"value":"ベストセラー"},{"id":"8388","key":"hydration","parent_tag_id":"1667","product_display_order":0,"value":"hydration"},{"id":"4323","key":"just-arrived","parent_tag_id":null,"product_display_order":0,"value":"Just Arrived"},{"id":"1689","key":"乾燥","parent_tag_id":"1667","product_display_order":0,"value":"乾燥"}]},"usage":[{"content":null,"label":"PRODUCT USAGE","type":"product_usage"},{"content":null,"label":"HOW DOES IT WORK","type":"how_does_it_work"},{"content":null,"label":"WHO IT IS FOR","type":"who_it_is_for"},{"content":null,"label":"GREAT TO KNOW","type":"great_to_know"},{"content":null,"label":"WHAT_IT_DOES","type":"what_it_does"},{"content":null,"label":"WHAT_IT_IS","type":"what_it_is"}],"objectID":"79628"},{"benefit":{"statement":null,"benefits":null},"brand":null,"collection":null,"coverage":null,"cross_sell":null,"default_category":{"id":"1579","key":"クリニーク-ハッピー"},"description":"幸せに包まれる、あなただけの香り。<br> “my happy(マイ ハッピー)”に、心躍る3つの香りが登場。<br><br>青々とした新緑、一面の花畑、香ばしい焼き菓子…<br>あなただけの幸せ(ハッピー)な瞬間に包まれるフレグランス“my happy”に3つの新しい香りが仲間入り。<br><br>ブルーの「インディゴ ミスト」：<br>朝露に濡れたブルーベルの花が咲く草原を駆け抜けるような、<br>みずみずしいグリーン フローラルの香り。<br><br>単品でも、重ね付けしても。<br>スリムでカラフルなボトルだから、いつでもバックに忍ばせて。<br>どこでもお好みの香りと共に、あなただけのハッピー ストーリーが動き出す。<br><br>2020年1月22日(金) オンライン先行発売<br>2020年1月29日(金) 全国発売<br>マイ ハッピー(フレグランス)15mL 各3,850円(本体3,500円) インディゴ ミスト","display_mode":null,"display_name":"マイ ハッピー インディゴ ミスト","display_status":7,"finish":null,"form":null,"formula_type":null,"fragrance_family":null,"indexable_keywords":null,"is_hazmat":true,"is_product_coming_soon":null,"is_product_displayable":true,"is_product_searchable":true,"is_product_shoppable":true,"is_product_sold_out":null,"is_product_temporarily_out_of_stock":null,"is_search_suppressed":null,"key_ingredient":null,"media":{"large":null,"medium":null,"poster":null,"small":null,"videos":[{"position":null,"poster":{"height":null,"src":null,"width":null},"provider":"YouTube","src":null},{"position":null,"poster":{"height":null,"src":null,"width":null},"provider":"YouTube","src":null},{"position":null,"poster":{"height":null,"src":null,"width":null},"provider":"YouTube","src":null}],"xl":null},"meta":{"description":null,"keywords":null},"parent_category":[{"id":"1579","value":"クリニーク ハッピー"},{"id":"1577","value":"フレグランス"}],"product_badge":null,"product_id":"81181","product_title_tag":null,"product_type":"Fragrance","product_url":"/product/1579/81181/-/my-happy-indigo-mist-15ml5floz","reviews":{"average_rating":null,"number_of_questions":null,"number_of_reviews":null},"shade_groups":null,"short_description":"幸せに包まれる、あなただけの香り。<br> “my happy(マイ ハッピー)”に、心躍る3つの香りが登場。<br><br>青々とした新緑、一面の花畑、香ばしい焼き菓子…<br>あなただけの幸せ(ハッピー)な瞬間に包まれるフレグランス“my happy”に3つの新しい香りが仲間入り。<br><br>ブルーの「インディゴ ミスト」：<br>朝露に濡れたブルーベルの花が咲く草原を駆け抜けるような、<br>みずみずしいグリーン フローラルの香り。<br><br>単品でも、重ね付けしても。<br>スリムでカラフルなボトルだから、いつでもバックに忍ばせて。<br>どこでもお好みの香りと共に、あなただけのハッピー ストーリーが動き出す。<br><br>2020年1月22日(金) オンライン先行発売<br>2020年1月29日(金) 全国発売<br>マイ ハッピー(フレグランス)15mL 各3,850円(本体3,500円) インディゴ ミスト","skin":null,"skin_goal":null,"skus":{"total":1,"items":[{"color_family":null,"coverage_options":null,"cross_sell":null,"display_status":7,"finish":null,"finish_options":null,"fragrances":[{"family":null,"key":null,"value":null}],"iln_listing":null,"iln_version_number":null,"inventory_status":"Active","is_active":true,"is_coming_soon":null,"is_default_sku":false,"is_discountable":true,"is_displayable":null,"is_engravable":null,"is_fragrance":null,"is_giftable":null,"is_giftwrap":true,"is_inactive":null,"is_multi_shaded":null,"is_out_of_stock":null,"is_preorder":false,"is_preorderable":null,"is_promotional":null,"is_replenishable":false,"is_search_suppressed":null,"is_searchable":true,"is_shaded":null,"is_sized":null,"is_sold_out":null,"is_under_weight_hazmat":null,"is_vto_enabled":null,"life_of_product":"Basic Reorder","material_code":"KNCE010000","media":{"large":[{"alt":"マイ ハッピー インディゴ ミスト","height":1200,"position":0,"src":"/media/export/cms/products/1200x1500/cl_sku_KNCE01_1200x1500_0.png","type":"image","width":1500}],"medium":[{"alt":"マイ ハッピー インディゴ ミスト","height":600,"position":1,"src":"/media/export/cms/products/600x750/cl_sku_KNCE01_600x750_0.png","type":"image","width":750}],"model":null,"poster":null,"small":[{"alt":"マイ ハッピー インディゴ ミスト","height":1200,"position":2,"src":"/media/export/cms/products/1200x1500/cl_sku_KNCE01_1200x1500_0.png","type":"image","width":1500}],"smoosh":null,"xl":null},"out_of_stock_threshold":null,"perlgem":{"SKU_BASE_ID":123504},"preorder_date":null,"prices":[{"currency":"JPY","exclude_tax":{"original_price":3500,"original_price_formatted":"¥3,500","price":3500,"price_formatted":"¥3,500","price_per_unit":23333.33,"price_per_unit_formatted":"¥23,333.33 / 100ml"},"include_tax":{"original_price":3850,"original_price_formatted":"¥3,850","price":3850,"price_formatted":"¥3,850","price_per_unit":25666,"price_per_unit_formatted":"¥25,666 / 100ml"},"is_discounted":false}],"purchase_limit":null,"replenishment":{"message":null},"reviews":{"average_rating":null,"number_of_questions":null,"number_of_reviews":null},"set_components":null,"shade_groups":null,"shades":null,"sizes":[{"key":1,"value":"15 ml"}],"skin":{"tone":null,"type":null,"type_description":null},"sku_badge":null,"sku_badge_image":null,"sku_display_order":0,"sku_id":"KNCE01","sku_promo_messaging":null,"sku_type":"SE","sku_url":null,"tags":{"total":7,"items":[{"id":"4323","key":"just-arrived","value":"Just Arrived"},{"id":"1584","key":"セットギフト","value":"セット＆ギフト"},{"id":"27292","key":"マイ-ハッピー","value":"マイ ハッピー"},{"id":"1579","key":"クリニーク-ハッピー","value":"クリニーク ハッピー"},{"id":"1577","key":"フレグランス","value":"フレグランス"},{"id":"16422","key":"セットギフト","value":"セット＆ギフト"},{"id":"1582","key":"フレグランスギフト","value":"フレグランス・ギフト"}]},"texture":null,"undertone":null,"unit_of_measure":"ml","unit_size":100,"unit_size_formatted":"100ml","upc":"192333030721","vto":{"is_color_experience":null,"is_foundation_experience":null}}]},"sub_display_name":"マイ ハッピー インディゴ ミスト","sub_header":null,"tags":{"total":7,"items":[{"id":"4323","key":"just-arrived","parent_tag_id":null,"product_display_order":4,"value":"Just Arrived"},{"id":"1584","key":"セットギフト","parent_tag_id":"1582","product_display_order":0,"value":"セット＆ギフト"},{"id":"27292","key":"マイ-ハッピー","parent_tag_id":"1577","product_display_order":3,"value":"マイ ハッピー"},{"id":"1579","key":"クリニーク-ハッピー","parent_tag_id":"1577","product_display_order":3,"value":"クリニーク ハッピー"},{"id":"1577","key":"フレグランス","parent_tag_id":null,"product_display_order":0,"value":"フレグランス"},{"id":"16422","key":"セットギフト","parent_tag_id":"1585","product_display_order":153,"value":"セット＆ギフト"},{"id":"1582","key":"フレグランスギフト","parent_tag_id":"1577","product_display_order":0,"value":"フレグランス・ギフト"}]},"usage":[{"content":null,"label":"PRODUCT USAGE","type":"product_usage"},{"content":null,"label":"HOW DOES IT WORK","type":"how_does_it_work"},{"content":null,"label":"WHO IT IS FOR","type":"who_it_is_for"},{"content":null,"label":"GREAT TO KNOW","type":"great_to_know"},{"content":null,"label":"WHAT_IT_DOES","type":"what_it_does"},{"content":null,"label":"WHAT_IT_IS","type":"what_it_is"}],"objectID":"81181"},{"benefit":{"statement":null,"benefits":null},"brand":null,"collection":null,"coverage":null,"cross_sell":[{"sku_id":"K8GM01","sort_key":1},{"sku_id":"KNCE01","sort_key":2},{"sku_id":"K8GP01","sort_key":3},{"sku_id":"KNCH01","sort_key":4}],"default_category":{"id":"1579","key":"クリニーク-ハッピー"},"description":"幸せに包まれる、あなただけの香り。<br> “my happy(マイ ハッピー)”に、心躍る3つの香りが登場。<br><br>青々とした新緑、一面の花畑、香ばしい焼き菓子…<br>あなただけの幸せ(ハッピー)な瞬間に包まれるフレグランス“my happy”に3つの新しい香りが仲間入り。<br><br>オレンジの「クッキー & キス」：<br>焼きたてのクッキーから漂うナッツやシナモンの香りに心はずむような、<br>デリシャスなオリエンタル アンバーの香り。<br><br>単品でも、重ね付けしても。<br>スリムでカラフルなボトルだから、いつでもバックに忍ばせて。<br>どこでもお好みの香りと共に、あなただけのハッピー ストーリーが動き出す。<br><br>2020年1月22日(金) オンライン先行発売<br>2020年1月29日(金) 全国発売<br>マイ ハッピー(フレグランス)15mL 各3,850円(本体3,500円) <br>クッキー & キス","display_mode":null,"display_name":"マイ ハッピー クッキー & キス","display_status":7,"finish":null,"form":null,"formula_type":null,"fragrance_family":null,"indexable_keywords":null,"is_hazmat":true,"is_product_coming_soon":null,"is_product_displayable":true,"is_product_searchable":true,"is_product_shoppable":true,"is_product_sold_out":null,"is_product_temporarily_out_of_stock":null,"is_search_suppressed":null,"key_ingredient":null,"media":{"large":null,"medium":null,"poster":null,"small":null,"videos":[{"position":null,"poster":{"height":null,"src":null,"width":null},"provider":"YouTube","src":null},{"position":null,"poster":{"height":null,"src":null,"width":null},"provider":"YouTube","src":null},{"position":null,"poster":{"height":null,"src":null,"width":null},"provider":"YouTube","src":null}],"xl":null},"meta":{"description":null,"keywords":null},"parent_category":[{"id":"1579","value":"クリニーク ハッピー"},{"id":"1577","value":"フレグランス"}],"product_badge":null,"product_id":"81183","product_title_tag":null,"product_type":"Fragrance","product_url":"/product/1579/81183/-/my-happy-cookes-kisses-15ml5floz","reviews":{"average_rating":null,"number_of_questions":null,"number_of_reviews":null},"shade_groups":null,"short_description":"幸せに包まれる、あなただけの香り。<br> “my happy(マイ ハッピー)”に、心躍る3つの香りが登場。<br><br>青々とした新緑、一面の花畑、香ばしい焼き菓子…<br>あなただけの幸せ(ハッピー)な瞬間に包まれるフレグランス“my happy”に3つの新しい香りが仲間入り。<br><br>オレンジの「クッキー & キス」：<br>焼きたてのクッキーから漂うナッツやシナモンの香りに心はずむような、<br>デリシャスなオリエンタル アンバーの香り。<br><br>単品でも、重ね付けしても。<br>スリムでカラフルなボトルだから、いつでもバックに忍ばせて。<br>どこでもお好みの香りと共に、あなただけのハッピー ストーリーが動き出す。<br><br>2020年1月22日(金) オンライン先行発売<br>2020年1月29日(金) 全国発売<br>マイ ハッピー(フレグランス)15mL 各3,850円(本体3,500円) <br>クッキー & キス","skin":null,"skin_goal":null,"skus":{"total":1,"items":[{"color_family":null,"coverage_options":null,"cross_sell":null,"display_status":7,"finish":null,"finish_options":null,"fragrances":[{"family":null,"key":null,"value":null}],"iln_listing":null,"iln_version_number":null,"inventory_status":"Active","is_active":true,"is_coming_soon":null,"is_default_sku":false,"is_discountable":true,"is_displayable":null,"is_engravable":null,"is_fragrance":null,"is_giftable":null,"is_giftwrap":true,"is_inactive":null,"is_multi_shaded":null,"is_out_of_stock":null,"is_preorder":false,"is_preorderable":null,"is_promotional":null,"is_replenishable":false,"is_search_suppressed":null,"is_searchable":true,"is_shaded":null,"is_sized":null,"is_sold_out":null,"is_under_weight_hazmat":null,"is_vto_enabled":null,"life_of_product":"Basic Reorder","material_code":"KNCG010000","media":{"large":[{"alt":"マイ ハッピー クッキー & キス","height":1200,"position":0,"src":"/media/export/cms/products/1200x1500/cl_sku_KNCG01_1200x1500_0.png","type":"image","width":1500}],"medium":[{"alt":"マイ ハッピー クッキー & キス","height":600,"position":1,"src":"/media/export/cms/products/600x750/cl_sku_KNCG01_600x750_0.png","type":"image","width":750}],"model":null,"poster":null,"small":[{"alt":"マイ ハッピー クッキー & キス","height":1200,"position":2,"src":"/media/export/cms/products/1200x1500/cl_sku_KNCG01_1200x1500_0.png","type":"image","width":1500}],"smoosh":null,"xl":null},"out_of_stock_threshold":null,"perlgem":{"SKU_BASE_ID":123505},"preorder_date":null,"prices":[{"currency":"JPY","exclude_tax":{"original_price":3500,"original_price_formatted":"¥3,500","price":3500,"price_formatted":"¥3,500","price_per_unit":23333.33,"price_per_unit_formatted":"¥23,333.33 / 100ml"},"include_tax":{"original_price":3850,"original_price_formatted":"¥3,850","price":3850,"price_formatted":"¥3,850","price_per_unit":25666,"price_per_unit_formatted":"¥25,666 / 100ml"},"is_discounted":false}],"purchase_limit":null,"replenishment":{"message":null},"reviews":{"average_rating":null,"number_of_questions":null,"number_of_reviews":null},"set_components":null,"shade_groups":null,"shades":null,"sizes":[{"key":1,"value":"15 ml"}],"skin":{"tone":null,"type":null,"type_description":null},"sku_badge":null,"sku_badge_image":null,"sku_display_order":0,"sku_id":"KNCG01","sku_promo_messaging":null,"sku_type":"SE","sku_url":null,"tags":{"total":7,"items":[{"id":"1577","key":"フレグランス","value":"フレグランス"},{"id":"1584","key":"セットギフト","value":"セット＆ギフト"},{"id":"4323","key":"just-arrived","value":"Just Arrived"},{"id":"1579","key":"クリニーク-ハッピー","value":"クリニーク ハッピー"},{"id":"16422","key":"セットギフト","value":"セット＆ギフト"},{"id":"1582","key":"フレグランスギフト","value":"フレグランス・ギフト"},{"id":"27292","key":"マイ-ハッピー","value":"マイ ハッピー"}]},"texture":null,"undertone":null,"unit_of_measure":"ml","unit_size":100,"unit_size_formatted":"100ml","upc":"192333030745","vto":{"is_color_experience":null,"is_foundation_experience":null}}]},"sub_display_name":"マイ ハッピー クッキー & キス","sub_header":null,"tags":{"total":7,"items":[{"id":"1577","key":"フレグランス","parent_tag_id":null,"product_display_order":0,"value":"フレグランス"},{"id":"1584","key":"セットギフト","parent_tag_id":"1582","product_display_order":0,"value":"セット＆ギフト"},{"id":"4323","key":"just-arrived","parent_tag_id":null,"product_display_order":3,"value":"Just Arrived"},{"id":"1579","key":"クリニーク-ハッピー","parent_tag_id":"1577","product_display_order":5,"value":"クリニーク ハッピー"},{"id":"16422","key":"セットギフト","parent_tag_id":"1585","product_display_order":151,"value":"セット＆ギフト"},{"id":"1582","key":"フレグランスギフト","parent_tag_id":"1577","product_display_order":0,"value":"フレグランス・ギフト"},{"id":"27292","key":"マイ-ハッピー","parent_tag_id":"1577","product_display_order":2,"value":"マイ ハッピー"}]},"usage":[{"content":null,"label":"PRODUCT USAGE","type":"product_usage"},{"content":null,"label":"HOW DOES IT WORK","type":"how_does_it_work"},{"content":null,"label":"WHO IT IS FOR","type":"who_it_is_for"},{"content":null,"label":"GREAT TO KNOW","type":"great_to_know"},{"content":null,"label":"WHAT_IT_DOES","type":"what_it_does"},{"content":null,"label":"WHAT_IT_IS","type":"what_it_is"}],"objectID":"81183"},{"benefit":{"statement":null,"benefits":null},"brand":null,"collection":null,"coverage":null,"cross_sell":[{"sku_id":"K8GM01","sort_key":1},{"sku_id":"K8GN01","sort_key":2},{"sku_id":"K8GP01","sort_key":3},{"sku_id":"KNCE01","sort_key":4},{"sku_id":"KNCG01","sort_key":5}],"default_category":{"id":"1579","key":"クリニーク-ハッピー"},"description":"幸せに包まれる、あなただけの香り。<br> “my happy(マイ ハッピー)”に、心躍る3つの香りが登場。<br><br>青々とした新緑、一面の花畑、香ばしい焼き菓子…<br>あなただけの幸せ(ハッピー)な瞬間に包まれるフレグランス“my happy”に3つの新しい香りが仲間入り。<br><br>パウダーピンクの「ベビー ブーケ」：<br>すずらんやオレンジフラワーなど白い小さな花のブーケを抱きしめた時のような、<br>ピュアなフローラル ムスクの香り。<br><br>単品でも、重ね付けしても。<br>スリムでカラフルなボトルだから、いつでもバックに忍ばせて。<br>どこでもお好みの香りと共に、あなただけのハッピー ストーリーが動き出す。<br><br>2020年1月22日(金) オンライン先行発売<br>2020年1月29日(金) 全国発売<br>マイ ハッピー(フレグランス)15mL 各3,850円(本体3,500円) ベビー ブーケ","display_mode":null,"display_name":"マイ ハッピー ベビー ブーケ","display_status":7,"finish":null,"form":null,"formula_type":null,"fragrance_family":null,"indexable_keywords":null,"is_hazmat":true,"is_product_coming_soon":null,"is_product_displayable":true,"is_product_searchable":true,"is_product_shoppable":true,"is_product_sold_out":null,"is_product_temporarily_out_of_stock":null,"is_search_suppressed":null,"key_ingredient":null,"media":{"large":null,"medium":null,"poster":null,"small":null,"videos":[{"position":null,"poster":{"height":null,"src":null,"width":null},"provider":"YouTube","src":null},{"position":null,"poster":{"height":null,"src":null,"width":null},"provider":"YouTube","src":null},{"position":null,"poster":{"height":null,"src":null,"width":null},"provider":"YouTube","src":null}],"xl":null},"meta":{"description":null,"keywords":null},"parent_category":[{"id":"1579","value":"クリニーク ハッピー"},{"id":"1577","value":"フレグランス"}],"product_badge":null,"product_id":"81184","product_title_tag":null,"product_type":"Fragrance","product_url":"/product/1579/81184/-/my-happy-baby-bouquet-15ml5floz","reviews":{"average_rating":null,"number_of_questions":null,"number_of_reviews":null},"shade_groups":null,"short_description":"幸せに包まれる、あなただけの香り。<br> “my happy(マイ ハッピー)”に、心躍る3つの香りが登場。<br><br>青々とした新緑、一面の花畑、香ばしい焼き菓子…<br>あなただけの幸せ(ハッピー)な瞬間に包まれるフレグランス“my happy”に3つの新しい香りが仲間入り。<br><br>パウダーピンクの「ベビー ブーケ」：<br>すずらんやオレンジフラワーなど白い小さな花のブーケを抱きしめた時のような、<br>ピュアなフローラル ムスクの香り。<br><br>単品でも、重ね付けしても。<br>スリムでカラフルなボトルだから、いつでもバックに忍ばせて。<br>どこでもお好みの香りと共に、あなただけのハッピー ストーリーが動き出す。<br><br>2020年1月22日(金) オンライン先行発売<br>2020年1月29日(金) 全国発売<br>マイ ハッピー(フレグランス)15mL 各3,850円(本体3,500円) ベビー ブーケ","skin":null,"skin_goal":null,"skus":{"total":1,"items":[{"color_family":null,"coverage_options":null,"cross_sell":null,"display_status":7,"finish":null,"finish_options":null,"fragrances":[{"family":null,"key":null,"value":null}],"iln_listing":null,"iln_version_number":null,"inventory_status":"Active","is_active":true,"is_coming_soon":null,"is_default_sku":false,"is_discountable":true,"is_displayable":null,"is_engravable":null,"is_fragrance":null,"is_giftable":null,"is_giftwrap":true,"is_inactive":null,"is_multi_shaded":null,"is_out_of_stock":null,"is_preorder":false,"is_preorderable":null,"is_promotional":null,"is_replenishable":false,"is_search_suppressed":null,"is_searchable":true,"is_shaded":null,"is_sized":null,"is_sold_out":null,"is_under_weight_hazmat":null,"is_vto_enabled":null,"life_of_product":"Basic Reorder","material_code":"KNCH010000","media":{"large":[{"alt":"マイ ハッピー ベビー ブーケ","height":1200,"position":0,"src":"/media/export/cms/products/1200x1500/cl_sku_KNCH01_1200x1500_0.png","type":"image","width":1500}],"medium":[{"alt":"マイ ハッピー ベビー ブーケ","height":600,"position":1,"src":"/media/export/cms/products/600x750/cl_sku_KNCH01_600x750_0.png","type":"image","width":750}],"model":null,"poster":null,"small":[{"alt":"マイ ハッピー ベビー ブーケ","height":1200,"position":2,"src":"/media/export/cms/products/1200x1500/cl_sku_KNCH01_1200x1500_0.png","type":"image","width":1500}],"smoosh":null,"xl":null},"out_of_stock_threshold":null,"perlgem":{"SKU_BASE_ID":123506},"preorder_date":null,"prices":[{"currency":"JPY","exclude_tax":{"original_price":3500,"original_price_formatted":"¥3,500","price":3500,"price_formatted":"¥3,500","price_per_unit":23333.33,"price_per_unit_formatted":"¥23,333.33 / 100ml"},"include_tax":{"original_price":3850,"original_price_formatted":"¥3,850","price":3850,"price_formatted":"¥3,850","price_per_unit":25666,"price_per_unit_formatted":"¥25,666 / 100ml"},"is_discounted":false}],"purchase_limit":null,"replenishment":{"message":null},"reviews":{"average_rating":null,"number_of_questions":null,"number_of_reviews":null},"set_components":null,"shade_groups":null,"shades":null,"sizes":[{"key":1,"value":"15 ml"}],"skin":{"tone":null,"type":null,"type_description":null},"sku_badge":null,"sku_badge_image":null,"sku_display_order":0,"sku_id":"KNCH01","sku_promo_messaging":null,"sku_type":"SE","sku_url":null,"tags":{"total":8,"items":[{"id":"1584","key":"セットギフト","value":"セット＆ギフト"},{"id":"16422","key":"セットギフト","value":"セット＆ギフト"},{"id":"4323","key":"just-arrived","value":"Just Arrived"},{"id":"25565","key":"justarrivednew","value":"justarrivednew"},{"id":"1577","key":"フレグランス","value":"フレグランス"},{"id":"1579","key":"クリニーク-ハッピー","value":"クリニーク ハッピー"},{"id":"27292","key":"マイ-ハッピー","value":"マイ ハッピー"},{"id":"1582","key":"フレグランスギフト","value":"フレグランス・ギフト"}]},"texture":null,"undertone":null,"unit_of_measure":"ml","unit_size":100,"unit_size_formatted":"100ml","upc":"192333030752","vto":{"is_color_experience":null,"is_foundation_experience":null}}]},"sub_display_name":"マイ ハッピー ベビー ブーケ","sub_header":null,"tags":{"total":8,"items":[{"id":"1584","key":"セットギフト","parent_tag_id":"1582","product_display_order":0,"value":"セット＆ギフト"},{"id":"16422","key":"セットギフト","parent_tag_id":"1585","product_display_order":155,"value":"セット＆ギフト"},{"id":"4323","key":"just-arrived","parent_tag_id":null,"product_display_order":2,"value":"Just Arrived"},{"id":"25565","key":"justarrivednew","parent_tag_id":null,"product_display_order":0,"value":"justarrivednew"},{"id":"1577","key":"フレグランス","parent_tag_id":null,"product_display_order":0,"value":"フレグランス"},{"id":"1579","key":"クリニーク-ハッピー","parent_tag_id":"1577","product_display_order":4,"value":"クリニーク ハッピー"},{"id":"27292","key":"マイ-ハッピー","parent_tag_id":"1577","product_display_order":1,"value":"マイ ハッピー"},{"id":"1582","key":"フレグランスギフト","parent_tag_id":"1577","product_display_order":0,"value":"フレグランス・ギフト"}]},"usage":[{"content":null,"label":"PRODUCT USAGE","type":"product_usage"},{"content":null,"label":"HOW DOES IT WORK","type":"how_does_it_work"},{"content":null,"label":"WHO IT IS FOR","type":"who_it_is_for"},{"content":null,"label":"GREAT TO KNOW","type":"great_to_know"},{"content":null,"label":"WHAT_IT_DOES","type":"what_it_does"},{"content":null,"label":"WHAT_IT_IS","type":"what_it_is"}],"objectID":"81184"},{"benefit":{"statement":null,"benefits":null},"brand":null,"collection":null,"coverage":null,"cross_sell":null,"default_category":{"id":"16422","key":"セットギフト"},"description":"ときめくポップなリップカラー５本セット(限定色入り)。<br><br>みずみしさ溢れるリップ グロス２色と、<br>シアバター配合で潤うトレンドカラーのリップ３色。<br>単品でも重ねても、シーンに合わせて、なりたいイメージに。<br>自分へのご褒美や、プレゼントにもぴったりです。<br><br>1月29日(金)〜オンラインにて数量限定発売<br>プレンティ オブ ポップ 21 6,050円 (本体5,500円)<br><br>○クリニーク ポップ スプラッシュ #08 テンダー ハート <br>○クリニーク ポップ スプラッシュ #01 ココナッツ ポップ　限定復活<br>○クリニーク ポップ #02 ベア ポップ<br>○クリニーク ポップ #07 パッション ポップ<br>○クリニーク ポップ #17 モカ ポップ　日本未発売色<br>全てギフトサイズ<br><small>※セットは数に限りがありますので、お早めに。</small>","display_mode":null,"display_name":"プレンティ オブ ポップ","display_status":7,"finish":null,"form":null,"formula_type":null,"fragrance_family":null,"indexable_keywords":null,"is_hazmat":false,"is_product_coming_soon":null,"is_product_displayable":true,"is_product_searchable":true,"is_product_shoppable":true,"is_product_sold_out":null,"is_product_temporarily_out_of_stock":null,"is_search_suppressed":null,"key_ingredient":null,"media":{"large":null,"medium":null,"poster":null,"small":null,"videos":[{"position":null,"poster":{"height":null,"src":null,"width":null},"provider":"YouTube","src":null},{"position":null,"poster":{"height":null,"src":null,"width":null},"provider":"YouTube","src":null},{"position":null,"poster":{"height":null,"src":null,"width":null},"provider":"YouTube","src":null}],"xl":null},"meta":{"description":null,"keywords":null},"parent_category":[{"id":"16422","value":"セット＆ギフト"},{"id":"1585","value":"Gift Center"}],"product_badge":null,"product_id":"81869","product_title_tag":null,"product_type":"Other","product_url":"/product/16422/81869/gift-center/plenty-of-pop","reviews":{"average_rating":null,"number_of_questions":null,"number_of_reviews":null},"shade_groups":null,"short_description":"ときめくポップなリップカラー５本セット(限定色入り)。<br><br>みずみしさ溢れるリップ グロス２色と、<br>シアバター配合で潤うトレンドカラーのリップ３色。<br>単品でも重ねても、シーンに合わせて、なりたいイメージに。<br>自分へのご褒美や、プレゼントにもぴったりです。<br><br>1月29日(金)〜オンラインにて数量限定発売<br>プレンティ オブ ポップ 21 6,050円 (本体5,500円)<br><br>○クリニーク ポップ スプラッシュ #08 テンダー ハート <br>○クリニーク ポップ スプラッシュ #01 ココナッツ ポップ　限定復活<br>○クリニーク ポップ #02 ベア ポップ<br>○クリニーク ポップ #07 パッション ポップ<br>○クリニーク ポップ #17 モカ ポップ　日本未発売色<br>全てギフトサイズ<br><small>※セットは数に限りがありますので、お早めに。</small>","skin":null,"skin_goal":null,"skus":{"total":1,"items":[{"color_family":null,"coverage_options":null,"cross_sell":null,"display_status":7,"finish":null,"finish_options":null,"fragrances":[{"family":null,"key":null,"value":null}],"iln_listing":null,"iln_version_number":null,"inventory_status":"Active","is_active":true,"is_coming_soon":null,"is_default_sku":false,"is_discountable":true,"is_displayable":null,"is_engravable":null,"is_fragrance":null,"is_giftable":null,"is_giftwrap":false,"is_inactive":null,"is_multi_shaded":null,"is_out_of_stock":null,"is_preorder":false,"is_preorderable":null,"is_promotional":null,"is_replenishable":false,"is_search_suppressed":null,"is_searchable":true,"is_shaded":null,"is_sized":null,"is_sold_out":null,"is_under_weight_hazmat":false,"is_vto_enabled":null,"life_of_product":"Limited life","material_code":"KT05Y00000","media":{"large":[{"alt":"プレンティ オブ ポップ","height":1200,"position":0,"src":"/media/export/cms/products/1200x1500/cl_sku_KT05Y0_1200x1500_0.png","type":"image","width":1500}],"medium":[{"alt":"プレンティ オブ ポップ","height":600,"position":1,"src":"/media/export/cms/products/600x750/cl_sku_KT05Y0_600x750_0.png","type":"image","width":750}],"model":null,"poster":null,"small":[{"alt":"プレンティ オブ ポップ","height":1200,"position":2,"src":"/media/export/cms/products/1200x1500/cl_sku_KT05Y0_1200x1500_0.png","type":"image","width":1500}],"smoosh":null,"xl":null},"out_of_stock_threshold":null,"perlgem":{"SKU_BASE_ID":124421},"preorder_date":null,"prices":[{"currency":"JPY","exclude_tax":{"original_price":5500,"original_price_formatted":"¥5,500","price":5500,"price_formatted":"¥5,500","price_per_unit":null,"price_per_unit_formatted":""},"include_tax":{"original_price":6050,"original_price_formatted":"¥6,050","price":6050,"price_formatted":"¥6,050","price_per_unit":null,"price_per_unit_formatted":""},"is_discounted":false}],"purchase_limit":null,"replenishment":{"message":null},"reviews":{"average_rating":null,"number_of_questions":null,"number_of_reviews":null},"set_components":null,"shade_groups":null,"shades":null,"sizes":[{"key":1,"value":null}],"skin":{"tone":null,"type":null,"type_description":null},"sku_badge":null,"sku_badge_image":null,"sku_display_order":0,"sku_id":"KT05Y0","sku_promo_messaging":null,"sku_type":"SE","sku_url":null,"tags":{"total":11,"items":[{"id":"1605","key":"リップスティック","value":"リップスティック"},{"id":"13568","key":"gifts-under-50","value":"Gifts Under $50"},{"id":"1602","key":"セットギフト","value":"セット&ギフト"},{"id":"13569","key":"gifts-under-25","value":"Gifts Under $25"},{"id":"13566","key":"gift-sets","value":"Gift Sets"},{"id":"13567","key":"gifts-under-100","value":"Gifts Under $100"},{"id":"13562","key":"makeup","value":"Makeup"},{"id":"1575","key":"ベストセラー","value":"ベストセラー"},{"id":"4323","key":"just-arrived","value":"Just Arrived"},{"id":"16422","key":"セットギフト","value":"セット＆ギフト"},{"id":"19288","key":"スペシャルセール","value":"スペシャルセール"}]},"texture":null,"undertone":null,"unit_of_measure":null,"unit_size":null,"unit_size_formatted":null,"upc":"192333052204","vto":{"is_color_experience":null,"is_foundation_experience":null}}]},"sub_display_name":"プレンティ オブ ポップ","sub_header":null,"tags":{"total":11,"items":[{"id":"1605","key":"リップスティック","parent_tag_id":"1592","product_display_order":0,"value":"リップスティック"},{"id":"13568","key":"gifts-under-50","parent_tag_id":"13561","product_display_order":0,"value":"Gifts Under $50"},{"id":"1602","key":"セットギフト","parent_tag_id":"1600","product_display_order":0,"value":"セット&ギフト"},{"id":"13569","key":"gifts-under-25","parent_tag_id":"13561","product_display_order":8,"value":"Gifts Under $25"},{"id":"13566","key":"gift-sets","parent_tag_id":"13561","product_display_order":24,"value":"Gift Sets"},{"id":"13567","key":"gifts-under-100","parent_tag_id":"13561","product_display_order":0,"value":"Gifts Under $100"},{"id":"13562","key":"makeup","parent_tag_id":"13561","product_display_order":0,"value":"Makeup"},{"id":"1575","key":"ベストセラー","parent_tag_id":null,"product_display_order":19,"value":"ベストセラー"},{"id":"4323","key":"just-arrived","parent_tag_id":null,"product_display_order":26,"value":"Just Arrived"},{"id":"16422","key":"セットギフト","parent_tag_id":"1585","product_display_order":22,"value":"セット＆ギフト"},{"id":"19288","key":"スペシャルセール","parent_tag_id":"1590","product_display_order":5,"value":"スペシャルセール"}]},"usage":[{"content":null,"label":"PRODUCT USAGE","type":"product_usage"},{"content":null,"label":"HOW DOES IT WORK","type":"how_does_it_work"},{"content":null,"label":"WHO IT IS FOR","type":"who_it_is_for"},{"content":null,"label":"GREAT TO KNOW","type":"great_to_know"},{"content":null,"label":"WHAT_IT_DOES","type":"what_it_does"},{"content":null,"label":"WHAT_IT_IS","type":"what_it_is"}],"objectID":"81869"},{"benefit":{"statement":null,"benefits":null},"brand":null,"collection":null,"coverage":null,"cross_sell":[{"sku_id":"6KKC01","sort_key":1},{"sku_id":"76WY01","sort_key":2},{"sku_id":"6EM601","sort_key":3},{"sku_id":null,"sort_key":4},{"sku_id":"7F1C01","sort_key":5},{"sku_id":"6KKF01","sort_key":6}],"default_category":{"id":"1673","key":"クレンジング洗顔"},"description":"使いやすく、優しい洗い上がりのリキッド ソープ。肌に必要な潤いは守りながら、汚れをすっきりオフ。洗い上がりはつっぱり感もなく、しなやかに肌を整えます。<br><small>※パッケージは画像と異なる場合がございます。</small>","display_mode":null,"display_name":"リキッド フェーシャル ソープ","display_status":7,"finish":null,"form":null,"formula_type":null,"fragrance_family":null,"indexable_keywords":[{"value":"3ステップ"},{"value":"石鹸"},{"value":"洗顔石鹸"},{"value":"基礎化粧品"},{"value":"ベーシックケア"},{"value":"3step"},{"value":"ソープ"},{"value":"soap"},{"value":"リキッド"},{"value":"液体ソープ"}],"is_hazmat":false,"is_product_coming_soon":null,"is_product_displayable":true,"is_product_searchable":true,"is_product_shoppable":true,"is_product_sold_out":null,"is_product_temporarily_out_of_stock":null,"is_search_suppressed":null,"key_ingredient":null,"media":{"large":[{"alt":"リキッド フェーシャル ソープ","height":1200,"position":0,"src":"/media/export/cms/products/1200x1500/cl_prod_8279_1200x1500_0.png","type":"image","width":1500},{"alt":"リキッド フェーシャル ソープ","height":1200,"position":1,"src":"/media/export/cms/products/1200x1500/cl_prod_8279_1200x1500_1.png","type":"image","width":1500}],"medium":null,"poster":null,"small":[{"alt":"リキッド フェーシャル ソープ","height":1200,"position":2,"src":"/media/export/cms/products/1200x1500/cl_prod_8279_1200x1500_0.png","type":"image","width":1500},{"alt":"リキッド フェーシャル ソープ","height":1200,"position":3,"src":"/media/export/cms/products/1200x1500/cl_prod_8279_1200x1500_1.png","type":"image","width":1500}],"videos":[{"position":null,"poster":{"height":null,"src":null,"width":null},"provider":"YouTube","src":null},{"position":null,"poster":{"height":null,"src":null,"width":null},"provider":"YouTube","src":null},{"position":null,"poster":{"height":null,"src":null,"width":null},"provider":"YouTube","src":null}],"xl":null},"meta":{"description":null,"keywords":"liquid, Liquid Soap, 3-Step, Skin Care, skincare, treatment products, liquid facial soap, liquid soap, soap, face soap, facial soap, liquid facial soap mild, liquid facial soap oily, liquid facial soap dry, face soap, mild, oily, dry,"},"parent_category":[{"id":"1673","value":"クレンジング・洗顔"},{"id":"1667","value":"スキンケア"}],"product_badge":null,"product_id":"8279","product_title_tag":null,"product_type":"Sized","product_url":"/product/1673/8279/liquid-facial-soap","reviews":{"average_rating":null,"number_of_questions":null,"number_of_reviews":null},"shade_groups":null,"short_description":"使いやすく、優しい洗い上がりのリキッド ソープ。肌に必要な潤いは守りながら、汚れをすっきりオフ。","skin":null,"skin_goal":null,"skus":{"total":2,"items":[{"color_family":null,"coverage_options":null,"cross_sell":null,"display_status":7,"finish":null,"finish_options":null,"fragrances":[{"family":null,"key":null,"value":null}],"iln_listing":"水・ココイルサルコシンＮａ・コカミドプロピルヒドロキシスルタイン・ラウレス硫酸Ｎａ・ラウラミドプロピルベタイン・ココイルグルタミン酸ＴＥＡ・塩化Ｎａ・ＢＧ・アロエベラ液汁・ジオレイン酸ＰＥＧ－１２０メチルグルコース・スクロース・カプリリルグリコール・ラウレス－２・硫酸Ｎａ・メントール・ＥＤＴＡ－２Ｎａ・ヘキシレングリコール・ソウパルメット果実エキス・ポリクオタニウムー７・フェノキシエタノール<JILN2970>","iln_version_number":"JILN2970","inventory_status":"Active","is_active":true,"is_coming_soon":null,"is_default_sku":true,"is_discountable":true,"is_displayable":null,"is_engravable":null,"is_fragrance":null,"is_giftable":null,"is_giftwrap":false,"is_inactive":null,"is_multi_shaded":null,"is_out_of_stock":null,"is_preorder":false,"is_preorderable":null,"is_promotional":null,"is_replenishable":false,"is_search_suppressed":null,"is_searchable":true,"is_shaded":null,"is_sized":null,"is_sold_out":null,"is_under_weight_hazmat":false,"is_vto_enabled":null,"life_of_product":"Basic Reorder","material_code":"6F39010001","media":{"large":[{"alt":"リキッド フェーシャル ソープ","height":1200,"position":0,"src":"/media/export/cms/products/1200x1500/cl_sku_6F3901_1200x1500_0.png","type":"image","width":1500}],"medium":[{"alt":"リキッド フェーシャル ソープ","height":600,"position":1,"src":"/media/export/cms/products/600x750/cl_sku_6F3901_600x750_0.png","type":"image","width":750},{"alt":"リキッド フェーシャル ソープ","height":600,"position":2,"src":"/media/export/cms/products/600x750/cl_sku_6F3901_600x750_1.png","type":"image","width":750}],"model":null,"poster":null,"small":[{"alt":"リキッド フェーシャル ソープ","height":1200,"position":3,"src":"/media/export/cms/products/1200x1500/cl_sku_6F3901_1200x1500_0.png","type":"image","width":1500}],"smoosh":null,"xl":null},"out_of_stock_threshold":null,"perlgem":{"SKU_BASE_ID":13289},"preorder_date":null,"prices":[{"currency":"JPY","exclude_tax":{"original_price":3700,"original_price_formatted":"¥3,700","price":3700,"price_formatted":"¥3,700","price_per_unit":1850,"price_per_unit_formatted":"¥1,850 / 100mL"},"include_tax":{"original_price":4070,"original_price_formatted":"¥4,070","price":4070,"price_formatted":"¥4,070","price_per_unit":2035,"price_per_unit_formatted":"¥2,035 / 100mL"},"is_discounted":false}],"purchase_limit":null,"replenishment":{"message":"Recommended Auto-Ship cycle: 8 weeks  Learn more >"},"reviews":{"average_rating":null,"number_of_questions":null,"number_of_reviews":null},"set_components":null,"shade_groups":null,"shades":null,"sizes":[{"key":1,"value":"200mL"}],"skin":{"tone":null,"type":[{"key":"combination-skintype","value":"combination_skintype"},{"key":"oily-skintype","value":"oily_skintype"}],"type_description":null},"sku_badge":null,"sku_badge_image":null,"sku_display_order":0,"sku_id":"6F3901","sku_promo_messaging":null,"sku_type":"SE","sku_url":null,"tags":{"total":12,"items":[{"id":"12602","key":"jumbo-3-step","value":"Jumbo 3-Step"},{"id":"12517","key":"oil-free","value":"Oil-Free"},{"id":"27173","key":"day6flashsale","value":"Day6FlashSale"},{"id":"1570","key":"３ステップ","value":"３ステップ"},{"id":"25565","key":"justarrivednew","value":"justarrivednew"},{"id":"1572","key":"ステップ１洗う","value":"ステップ１：洗う"},{"id":"11731","key":"nail-enamel","value":"nail enamel"},{"id":"1673","key":"クレンジング洗顔","value":"クレンジング・洗顔"},{"id":"12795","key":"タイプ４脂性","value":"タイプ４：脂性"},{"id":"9428","key":"top10","value":"top10"},{"id":"1575","key":"ベストセラー","value":"ベストセラー"},{"id":"27172","key":"day5flashsale","value":"Day5FlashSale"}]},"texture":null,"undertone":null,"unit_of_measure":"mL","unit_size":100,"unit_size_formatted":"100mL","upc":"020714227685","vto":{"is_color_experience":null,"is_foundation_experience":null}},{"color_family":null,"coverage_options":null,"cross_sell":null,"display_status":7,"finish":null,"finish_options":null,"fragrances":[{"family":null,"key":null,"value":null}],"iln_listing":"水・ココイルサルコシンＮａ・コカミドプロピルヒドロキシスルタイン・ラウレス硫酸Ｎａ・ラウラミドプロピルベタイン・塩化Ｎａ・ココイルグルタミン酸ＴＥＡ・コハク酸ＰＥＧ－８ジメチコンセチルトリエチルモニウム・アジピン酸ジＰＰＧ－２ミレス－１０・アロエベラ液汁・ジオレイン酸ＰＥＧ－１２０メチルグルコース・スクロース・カプリリルグリコール・ラウレス－２・硫酸Ｎａ・ＥＤＴＡ－２Ｎａ・トコフェリルエチルコハク酸エチルジモニウムエトサルフェート・ＢＧ・ヘキシレングリコール・ポリクオタニウムー７・ローマカミツレ花油・ヒアルロン酸Ｎａ・フェノキシエタノール<JILN2969>","iln_version_number":"JILN2969","inventory_status":"Active","is_active":true,"is_coming_soon":null,"is_default_sku":false,"is_discountable":true,"is_displayable":null,"is_engravable":null,"is_fragrance":null,"is_giftable":null,"is_giftwrap":false,"is_inactive":null,"is_multi_shaded":null,"is_out_of_stock":null,"is_preorder":false,"is_preorderable":null,"is_promotional":null,"is_replenishable":false,"is_search_suppressed":null,"is_searchable":true,"is_shaded":null,"is_sized":null,"is_sold_out":null,"is_under_weight_hazmat":false,"is_vto_enabled":null,"life_of_product":"Basic Reorder","material_code":"6F37010001","media":{"large":[{"alt":"リキッド フェーシャル ソープ","height":1200,"position":0,"src":"/media/export/cms/products/1200x1500/cl_sku_6F3701_1200x1500_0.png","type":"image","width":1500}],"medium":[{"alt":"リキッド フェーシャル ソープ","height":600,"position":1,"src":"/media/export/cms/products/600x750/cl_sku_6F3701_600x750_0.png","type":"image","width":750}],"model":null,"poster":null,"small":[{"alt":"リキッド フェーシャル ソープ","height":1200,"position":2,"src":"/media/export/cms/products/1200x1500/cl_sku_6F3701_1200x1500_0.png","type":"image","width":1500}],"smoosh":null,"xl":null},"out_of_stock_threshold":null,"perlgem":{"SKU_BASE_ID":13287},"preorder_date":null,"prices":[{"currency":"JPY","exclude_tax":{"original_price":3500,"original_price_formatted":"¥3,500","price":3500,"price_formatted":"¥3,500","price_per_unit":17.5,"price_per_unit_formatted":"¥17.5 / 1mL"},"include_tax":{"original_price":3850,"original_price_formatted":"¥3,850","price":3850,"price_formatted":"¥3,850","price_per_unit":19,"price_per_unit_formatted":"¥19 / 1mL"},"is_discounted":false}],"purchase_limit":null,"replenishment":{"message":"Recommended Auto-Ship cycle: 8 weeks  Learn more >"},"reviews":{"average_rating":null,"number_of_questions":null,"number_of_reviews":null},"set_components":null,"shade_groups":null,"shades":null,"sizes":[{"key":1,"value":"200 mL"}],"skin":{"tone":null,"type":[{"key":"dry-skintype","value":"dry_skintype"},{"key":"combination-skintype","value":"combination_skintype"}],"type_description":null},"sku_badge":null,"sku_badge_image":null,"sku_display_order":0,"sku_id":"6F3701","sku_promo_messaging":null,"sku_type":"SE","sku_url":null,"tags":{"total":16,"items":[{"id":"12602","key":"jumbo-3-step","value":"Jumbo 3-Step"},{"id":"12796","key":"oil-control","value":"Oil-Control"},{"id":"27174","key":"day7flashsale","value":"Day7FlashSale"},{"id":"12517","key":"oil-free","value":"Oil-Free"},{"id":"12792","key":"タイプ１乾燥","value":"タイプ１：乾燥"},{"id":"27173","key":"day6flashsale","value":"Day6FlashSale"},{"id":"1570","key":"３ステップ","value":"３ステップ"},{"id":"25565","key":"justarrivednew","value":"justarrivednew"},{"id":"1572","key":"ステップ１洗う","value":"ステップ１：洗う"},{"id":"11731","key":"nail-enamel","value":"nail enamel"},{"id":"1673","key":"クレンジング洗顔","value":"クレンジング・洗顔"},{"id":"13561","key":"holiday-2014","value":"Holiday 2014"},{"id":"9428","key":"top10","value":"top10"},{"id":"1575","key":"ベストセラー","value":"ベストセラー"},{"id":"27172","key":"day5flashsale","value":"Day5FlashSale"},{"id":"12793","key":"タイプ２乾燥混合","value":"タイプ２：乾燥～混合"}]},"texture":null,"undertone":null,"unit_of_measure":"mL","unit_size":1,"unit_size_formatted":"1mL","upc":"020714227661","vto":{"is_color_experience":null,"is_foundation_experience":null}}]},"sub_display_name":"リキッド フェーシャル ソープ","sub_header":null,"tags":{"total":17,"items":[{"id":"12602","key":"jumbo-3-step","parent_tag_id":"1570","product_display_order":7,"value":"Jumbo 3-Step"},{"id":"12796","key":"oil-control","parent_tag_id":"1667","product_display_order":1,"value":"Oil-Control"},{"id":"27174","key":"day7flashsale","parent_tag_id":"1590","product_display_order":0,"value":"Day7FlashSale"},{"id":"12517","key":"oil-free","parent_tag_id":"1667","product_display_order":3,"value":"Oil-Free"},{"id":"12792","key":"タイプ１乾燥","parent_tag_id":"1570","product_display_order":9,"value":"タイプ１：乾燥"},{"id":"27173","key":"day6flashsale","parent_tag_id":"1590","product_display_order":0,"value":"Day6FlashSale"},{"id":"1570","key":"３ステップ","parent_tag_id":null,"product_display_order":9,"value":"３ステップ"},{"id":"25565","key":"justarrivednew","parent_tag_id":null,"product_display_order":13,"value":"justarrivednew"},{"id":"1572","key":"ステップ１洗う","parent_tag_id":"1570","product_display_order":16,"value":"ステップ１：洗う"},{"id":"11731","key":"nail-enamel","parent_tag_id":"1592","product_display_order":5,"value":"nail enamel"},{"id":"1673","key":"クレンジング洗顔","parent_tag_id":"1667","product_display_order":9,"value":"クレンジング・洗顔"},{"id":"13561","key":"holiday-2014","parent_tag_id":null,"product_display_order":0,"value":"Holiday 2014"},{"id":"12795","key":"タイプ４脂性","parent_tag_id":"1570","product_display_order":1,"value":"タイプ４：脂性"},{"id":"9428","key":"top10","parent_tag_id":"9420","product_display_order":4,"value":"top10"},{"id":"1575","key":"ベストセラー","parent_tag_id":null,"product_display_order":47,"value":"ベストセラー"},{"id":"27172","key":"day5flashsale","parent_tag_id":"1590","product_display_order":29,"value":"Day5FlashSale"},{"id":"12793","key":"タイプ２乾燥混合","parent_tag_id":"1570","product_display_order":0,"value":"タイプ２：乾燥～混合"}]},"usage":[{"content":"クレンジング後、ソープをよく泡立て、顔全体に軽くなじませ、ぬるま湯ですすぎます。タオルで軽く押えるように拭いてください。","label":"PRODUCT USAGE","type":"product_usage"},{"content":null,"label":"HOW DOES IT WORK","type":"how_does_it_work"},{"content":"マイルド　スキンタイプ1・2用（乾燥～混合肌用）<br>オイリー スキン フォーミュラ　スキンタイプ3・4用（混合～脂性肌用）","label":"WHO IT IS FOR","type":"who_it_is_for"},{"content":null,"label":"GREAT TO KNOW","type":"great_to_know"},{"content":"肌に必要な潤いは守りながら、汚れをすっきりオフ。洗い上がりはつっぱり感もなく、しなやかに肌を整えます。","label":"WHAT_IT_DOES","type":"what_it_does"},{"content":"リキッド ソープ","label":"WHAT_IT_IS","type":"what_it_is"}],"objectID":"8279"},{"benefit":{"statement":null,"benefits":null},"brand":null,"collection":null,"coverage":null,"cross_sell":[{"sku_id":"KF5461","sort_key":1},{"sku_id":"6CY401","sort_key":2}],"default_category":{"id":"1599","key":"ファンデーション"},"description":"<P>皮膚科学から生まれた「クリニーク」史上初。<br>美容液から誕生した、新・ブライトニング ファンデーション。<br><br><P>美容液に配合しているブライトニング成分「UP302<sup>＊1</sup>」と、3つのビタミンC誘導体<sup>＊2</sup>配合。</P><P>優れたブライトニング作用<sup>＊3</sup>で、続く明るさと透明感。<br>24時間<sup>＊4</sup>つけたての美しさが持続。<br><br>シミ・くすみをカバーし、毛穴落ちを防ぎます。</P><P>美肌フィルターが肌と一体化したような、羨望の明るい“均一美肌”へ。</P><br><P>2月19日(金)新発売<br>イーブン ベター ブライト セラム ファンデーション 20<br>汗・涙・湿度に強いウォータープルーフ フォーミュラ<br>SPF20/PA +++ 全６色 30mL 各6,050円(本体価格5,500円) </P><P><br><small>＊1　ジメトキシトリルプロピルレゾルシノール：整肌成分　＊2 アスコルビルグルコシド、リン酸アスコルビルＭｇ、テトラヘキシルデカン酸アスコルビル：製品の抗酸化剤　＊3 潤いにより明るさと透明感を生み出すこと ＊4   化粧持ち（色落ち・よれ・毛穴落ち）データ取得済み</small><br>※表示価格は希望小売価格です。</P>","display_mode":null,"display_name":"イーブン ベター ブライト セラム ファンデーション 20","display_status":7,"finish":null,"form":null,"formula_type":null,"fragrance_family":null,"indexable_keywords":null,"is_hazmat":false,"is_product_coming_soon":null,"is_product_displayable":true,"is_product_searchable":true,"is_product_shoppable":true,"is_product_sold_out":null,"is_product_temporarily_out_of_stock":null,"is_search_suppressed":null,"key_ingredient":null,"media":{"large":null,"medium":null,"poster":null,"small":null,"videos":[{"position":null,"poster":{"height":null,"src":null,"width":null},"provider":"YouTube","src":null},{"position":null,"poster":{"height":null,"src":null,"width":null},"provider":"YouTube","src":null},{"position":null,"poster":{"height":null,"src":null,"width":null},"provider":"YouTube","src":null}],"xl":null},"meta":{"description":null,"keywords":null},"parent_category":[{"id":"1599","value":"ファンデーション"},{"id":"1592","value":"メーク"}],"product_badge":null,"product_id":"82933","product_title_tag":null,"product_type":"Shaded","product_url":"/product/1599/82933/--20/even-better-clinical-serum-foundation-spf-20-pa","reviews":{"average_rating":null,"number_of_questions":null,"number_of_reviews":null},"shade_groups":null,"short_description":"皮膚科学から生まれた「クリニーク」史上初。<br>美容液から誕生した、新・ブライトニング ファンデーション。","skin":null,"skin_goal":null,"skus":{"total":6,"items":[{"color_family":null,"coverage_options":null,"cross_sell":null,"display_status":7,"finish":null,"finish_options":null,"fragrances":[{"family":null,"key":null,"value":null}],"iln_listing":"ジメチコン・水・酸化亜鉛・ＰＥＧ－１０ジメチコン・ＢＧ・（ビニルジメチコン／メチコンシルセスキオキサン）クロスポリマー・フェニルトリメチコン・イソドデカン・サリチル酸ブチルオクチル・イソノナン酸イソデシル・ラウリルＰＥＧ－９ポリジメチルシロキシエチルジメチコン・変性アルコール・（ジメチコン／ビニルジメチコン）クロスポリマー・含水シリカ・トリメチルシロキシケイ酸・アスコルビルグルコシド・セスキオレイン酸ソルビタン・酢酸トコフェロール・（ジメチコン／（ＰＥＧ－１０／１５））クロスポリマー・ジステアルジモニウムヘクトライト・クエン酸Ｎａ・トリエトキシカプリリルシラン・カフェイン・コレステロール・サルビアヒスパニカ種子エキス・リノール酸・乳酸桿菌発酵液・炭酸プロピレン・リン酸アスコルビルＭｇ・ホホバエステル・テトラヘキシルデカン酸アスコルビル・ジメトキシトリルプロピルレゾルシノール・グリチルレチン酸・グルコース・ポリシリコーン－１１・レシチン・オレイン酸・ヒアルロン酸Ｎａ・トウミツエキス・塩化Ｎａ・クエン酸・リノレン酸・ＥＤＴＡ－４Ｎａ・ラウレス－７・カプリリルグリコール・キサンタンガム・ナイアシンアミド・水酸化Ｎａ・ＤＰＧ・セイヨウメギエキス・セネガ根エキス・ニンファエアアルバ根エキス・トコフェロール・グルコースオキシダーゼ・ラクトペルオキシダーゼ・リン酸Ｋ・カラフトコンブエキス・チャ葉エキス・フェノキシエタノール・サリチル酸・ソルビン酸Ｋ・ソルビン酸　＋／－　酸化チタン・酸化鉄・マイカ・アルミナ・シリカ<JILN10287>","iln_version_number":"JILN10287","inventory_status":"Active","is_active":true,"is_coming_soon":null,"is_default_sku":false,"is_discountable":true,"is_displayable":null,"is_engravable":null,"is_fragrance":null,"is_giftable":null,"is_giftwrap":false,"is_inactive":null,"is_multi_shaded":null,"is_out_of_stock":null,"is_preorder":false,"is_preorderable":null,"is_promotional":null,"is_replenishable":false,"is_search_suppressed":null,"is_searchable":true,"is_shaded":null,"is_sized":null,"is_sold_out":null,"is_under_weight_hazmat":false,"is_vto_enabled":null,"life_of_product":"Basic Reorder","material_code":"KY19616000","media":{"large":[{"alt":"イーブン ベター ブライト セラム ファンデーション 20","height":1200,"position":1,"src":"/media/export/cms/products/1200x1500/cl_sku_KY1961_1200x1500_0.png","type":"image","width":1500}],"medium":[{"alt":"イーブン ベター ブライト セラム ファンデーション 20","height":600,"position":2,"src":"/media/export/cms/products/600x750/cl_sku_KY1961_600x750_0.png","type":"image","width":750}],"model":null,"poster":null,"small":[{"alt":"イーブン ベター ブライト セラム ファンデーション 20","height":1200,"position":3,"src":"/media/export/cms/products/1200x1500/cl_sku_KY1961_1200x1500_0.png","type":"image","width":1500}],"smoosh":[{"alt":"イーブン ベター ブライト セラム ファンデーション 20","height":1200,"position":0,"src":"/media/export/cms/products/1200x1500/swatches_v3/06_ns_ng.png","type":"image","width":1500}],"xl":null},"out_of_stock_threshold":null,"perlgem":{"SKU_BASE_ID":125724},"preorder_date":null,"prices":[{"currency":"JPY","exclude_tax":{"original_price":5500,"original_price_formatted":"¥5,500","price":5500,"price_formatted":"¥5,500","price_per_unit":null,"price_per_unit_formatted":""},"include_tax":{"original_price":6050,"original_price_formatted":"¥6,050","price":6050,"price_formatted":"¥6,050","price_per_unit":null,"price_per_unit_formatted":""},"is_discounted":false}],"purchase_limit":null,"replenishment":{"message":null},"reviews":{"average_rating":null,"number_of_questions":null,"number_of_reviews":null},"set_components":null,"shade_groups":null,"shades":[{"description":"","hex_val":"#EED4BA","image":{"height":null,"src":"","width":null},"name":"61 Ivory アイボリー","smoosh_design":{"group_id":null,"name":"06::none::none"}}],"sizes":[{"key":1,"value":null}],"skin":{"tone":null,"type":null,"type_description":null},"sku_badge":null,"sku_badge_image":null,"sku_display_order":0,"sku_id":"KY1961","sku_promo_messaging":null,"sku_type":"SE","sku_url":null,"tags":{"total":3,"items":[{"id":"1592","key":"メーク","value":"メーク"},{"id":"1599","key":"ファンデーション","value":"ファンデーション"},{"id":"12537","key":"メークアップ-ベストセラー","value":"メークアップ ベストセラー"}]},"texture":null,"undertone":null,"unit_of_measure":null,"unit_size":null,"unit_size_formatted":null,"upc":"192333078433","vto":{"is_color_experience":null,"is_foundation_experience":null}},{"color_family":null,"coverage_options":null,"cross_sell":null,"display_status":7,"finish":null,"finish_options":null,"fragrances":[{"family":null,"key":null,"value":null}],"iln_listing":"ジメチコン・水・酸化亜鉛・ＰＥＧ－１０ジメチコン・ＢＧ・（ビニルジメチコン／メチコンシルセスキオキサン）クロスポリマー・フェニルトリメチコン・イソドデカン・サリチル酸ブチルオクチル・イソノナン酸イソデシル・ラウリルＰＥＧ－９ポリジメチルシロキシエチルジメチコン・変性アルコール・（ジメチコン／ビニルジメチコン）クロスポリマー・含水シリカ・トリメチルシロキシケイ酸・アスコルビルグルコシド・セスキオレイン酸ソルビタン・酢酸トコフェロール・（ジメチコン／（ＰＥＧ－１０／１５））クロスポリマー・ジステアルジモニウムヘクトライト・クエン酸Ｎａ・トリエトキシカプリリルシラン・カフェイン・コレステロール・サルビアヒスパニカ種子エキス・リノール酸・乳酸桿菌発酵液・炭酸プロピレン・リン酸アスコルビルＭｇ・ホホバエステル・テトラヘキシルデカン酸アスコルビル・ジメトキシトリルプロピルレゾルシノール・グリチルレチン酸・グルコース・ポリシリコーン－１１・レシチン・オレイン酸・ヒアルロン酸Ｎａ・トウミツエキス・塩化Ｎａ・クエン酸・リノレン酸・ＥＤＴＡ－４Ｎａ・ラウレス－７・カプリリルグリコール・キサンタンガム・ナイアシンアミド・水酸化Ｎａ・ＤＰＧ・セイヨウメギエキス・セネガ根エキス・ニンファエアアルバ根エキス・トコフェロール・グルコースオキシダーゼ・ラクトペルオキシダーゼ・リン酸Ｋ・カラフトコンブエキス・チャ葉エキス・フェノキシエタノール・サリチル酸・ソルビン酸Ｋ・ソルビン酸　＋／－　酸化チタン・酸化鉄・マイカ・アルミナ・シリカ<JILN10287>","iln_version_number":"JILN10287","inventory_status":"Active","is_active":true,"is_coming_soon":null,"is_default_sku":false,"is_discountable":true,"is_displayable":null,"is_engravable":null,"is_fragrance":null,"is_giftable":null,"is_giftwrap":false,"is_inactive":null,"is_multi_shaded":null,"is_out_of_stock":null,"is_preorder":false,"is_preorderable":null,"is_promotional":null,"is_replenishable":false,"is_search_suppressed":null,"is_searchable":true,"is_shaded":null,"is_sized":null,"is_sold_out":null,"is_under_weight_hazmat":false,"is_vto_enabled":null,"life_of_product":"Basic Reorder","material_code":"KY19626000","media":{"large":[{"alt":"イーブン ベター ブライト セラム ファンデーション 20","height":1200,"position":1,"src":"/media/export/cms/products/1200x1500/cl_sku_KY1962_1200x1500_0.png","type":"image","width":1500}],"medium":[{"alt":"イーブン ベター ブライト セラム ファンデーション 20","height":600,"position":2,"src":"/media/export/cms/products/600x750/cl_sku_KY1962_600x750_0.png","type":"image","width":750}],"model":null,"poster":null,"small":[{"alt":"イーブン ベター ブライト セラム ファンデーション 20","height":1200,"position":3,"src":"/media/export/cms/products/1200x1500/cl_sku_KY1962_1200x1500_0.png","type":"image","width":1500}],"smoosh":[{"alt":"イーブン ベター ブライト セラム ファンデーション 20","height":1200,"position":0,"src":"/media/export/cms/products/1200x1500/swatches_v3/06_ns_ng.png","type":"image","width":1500}],"xl":null},"out_of_stock_threshold":null,"perlgem":{"SKU_BASE_ID":126730},"preorder_date":null,"prices":[{"currency":"JPY","exclude_tax":{"original_price":5500,"original_price_formatted":"¥5,500","price":5500,"price_formatted":"¥5,500","price_per_unit":null,"price_per_unit_formatted":""},"include_tax":{"original_price":6050,"original_price_formatted":"¥6,050","price":6050,"price_formatted":"¥6,050","price_per_unit":null,"price_per_unit_formatted":""},"is_discounted":false}],"purchase_limit":null,"replenishment":{"message":null},"reviews":{"average_rating":null,"number_of_questions":null,"number_of_reviews":null},"set_components":null,"shade_groups":null,"shades":[{"description":"","hex_val":"#F4CBB4","image":{"height":null,"src":"","width":null},"name":"62 Rose Beige ローズ ベージュ","smoosh_design":{"group_id":null,"name":"06::none::none"}}],"sizes":[{"key":1,"value":null}],"skin":{"tone":null,"type":null,"type_description":null},"sku_badge":null,"sku_badge_image":null,"sku_display_order":1,"sku_id":"KY1962","sku_promo_messaging":null,"sku_type":"SE","sku_url":null,"tags":{"total":3,"items":[{"id":"1592","key":"メーク","value":"メーク"},{"id":"1599","key":"ファンデーション","value":"ファンデーション"},{"id":"12537","key":"メークアップ-ベストセラー","value":"メークアップ ベストセラー"}]},"texture":null,"undertone":null,"unit_of_measure":null,"unit_size":null,"unit_size_formatted":null,"upc":"192333078440","vto":{"is_color_experience":null,"is_foundation_experience":null}},{"color_family":null,"coverage_options":null,"cross_sell":null,"display_status":7,"finish":null,"finish_options":null,"fragrances":[{"family":null,"key":null,"value":null}],"iln_listing":"ジメチコン・水・酸化亜鉛・ＰＥＧ－１０ジメチコン・ＢＧ・（ビニルジメチコン／メチコンシルセスキオキサン）クロスポリマー・フェニルトリメチコン・イソドデカン・サリチル酸ブチルオクチル・イソノナン酸イソデシル・ラウリルＰＥＧ－９ポリジメチルシロキシエチルジメチコン・変性アルコール・（ジメチコン／ビニルジメチコン）クロスポリマー・含水シリカ・トリメチルシロキシケイ酸・アスコルビルグルコシド・セスキオレイン酸ソルビタン・酢酸トコフェロール・（ジメチコン／（ＰＥＧ－１０／１５））クロスポリマー・ジステアルジモニウムヘクトライト・クエン酸Ｎａ・トリエトキシカプリリルシラン・カフェイン・コレステロール・サルビアヒスパニカ種子エキス・リノール酸・乳酸桿菌発酵液・炭酸プロピレン・リン酸アスコルビルＭｇ・ホホバエステル・テトラヘキシルデカン酸アスコルビル・ジメトキシトリルプロピルレゾルシノール・グリチルレチン酸・グルコース・ポリシリコーン－１１・レシチン・オレイン酸・ヒアルロン酸Ｎａ・トウミツエキス・塩化Ｎａ・クエン酸・リノレン酸・ＥＤＴＡ－４Ｎａ・ラウレス－７・カプリリルグリコール・キサンタンガム・ナイアシンアミド・水酸化Ｎａ・ＤＰＧ・セイヨウメギエキス・セネガ根エキス・ニンファエアアルバ根エキス・トコフェロール・グルコースオキシダーゼ・ラクトペルオキシダーゼ・リン酸Ｋ・カラフトコンブエキス・チャ葉エキス・フェノキシエタノール・サリチル酸・ソルビン酸Ｋ・ソルビン酸　＋／－　酸化チタン・酸化鉄・マイカ・アルミナ・シリカ<JILN10287>","iln_version_number":"JILN10287","inventory_status":"Active","is_active":true,"is_coming_soon":null,"is_default_sku":false,"is_discountable":true,"is_displayable":null,"is_engravable":null,"is_fragrance":null,"is_giftable":null,"is_giftwrap":false,"is_inactive":null,"is_multi_shaded":null,"is_out_of_stock":null,"is_preorder":false,"is_preorderable":null,"is_promotional":null,"is_replenishable":false,"is_search_suppressed":null,"is_searchable":true,"is_shaded":null,"is_sized":null,"is_sold_out":null,"is_under_weight_hazmat":false,"is_vto_enabled":null,"life_of_product":"Basic Reorder","material_code":"KY19630000","media":{"large":[{"alt":"イーブン ベター ブライト セラム ファンデーション 20","height":1200,"position":1,"src":"/media/export/cms/products/1200x1500/cl_sku_KY1963_1200x1500_0.png","type":"image","width":1500}],"medium":[{"alt":"イーブン ベター ブライト セラム ファンデーション 20","height":600,"position":2,"src":"/media/export/cms/products/600x750/cl_sku_KY1963_600x750_0.png","type":"image","width":750}],"model":null,"poster":null,"small":[{"alt":"イーブン ベター ブライト セラム ファンデーション 20","height":1200,"position":3,"src":"/media/export/cms/products/1200x1500/cl_sku_KY1963_1200x1500_0.png","type":"image","width":1500}],"smoosh":[{"alt":"イーブン ベター ブライト セラム ファンデーション 20","height":1200,"position":0,"src":"/media/export/cms/products/1200x1500/swatches_v3/06_ns_ng.png","type":"image","width":1500}],"xl":null},"out_of_stock_threshold":null,"perlgem":{"SKU_BASE_ID":128559},"preorder_date":null,"prices":[{"currency":"JPY","exclude_tax":{"original_price":5500,"original_price_formatted":"¥5,500","price":5500,"price_formatted":"¥5,500","price_per_unit":null,"price_per_unit_formatted":""},"include_tax":{"original_price":6050,"original_price_formatted":"¥6,050","price":6050,"price_formatted":"¥6,050","price_per_unit":null,"price_per_unit_formatted":""},"is_discounted":false}],"purchase_limit":null,"replenishment":{"message":null},"reviews":{"average_rating":null,"number_of_questions":null,"number_of_reviews":null},"set_components":null,"shade_groups":null,"shades":[{"description":"","hex_val":"#F7D1AD","image":{"height":null,"src":"","width":null},"name":"63 Fresh Beige フレッシュ ベージュ","smoosh_design":{"group_id":null,"name":"06::none::none"}}],"sizes":[{"key":1,"value":null}],"skin":{"tone":null,"type":null,"type_description":null},"sku_badge":null,"sku_badge_image":null,"sku_display_order":2,"sku_id":"KY1963","sku_promo_messaging":null,"sku_type":"SE","sku_url":null,"tags":{"total":3,"items":[{"id":"1592","key":"メーク","value":"メーク"},{"id":"1599","key":"ファンデーション","value":"ファンデーション"},{"id":"12537","key":"メークアップ-ベストセラー","value":"メークアップ ベストセラー"}]},"texture":null,"undertone":null,"unit_of_measure":null,"unit_size":null,"unit_size_formatted":null,"upc":"192333078457","vto":{"is_color_experience":null,"is_foundation_experience":null}},{"color_family":null,"coverage_options":null,"cross_sell":null,"display_status":7,"finish":null,"finish_options":null,"fragrances":[{"family":null,"key":null,"value":null}],"iln_listing":"ジメチコン・水・酸化亜鉛・ＰＥＧ－１０ジメチコン・ＢＧ・（ビニルジメチコン／メチコンシルセスキオキサン）クロスポリマー・フェニルトリメチコン・イソドデカン・サリチル酸ブチルオクチル・イソノナン酸イソデシル・ラウリルＰＥＧ－９ポリジメチルシロキシエチルジメチコン・変性アルコール・（ジメチコン／ビニルジメチコン）クロスポリマー・含水シリカ・トリメチルシロキシケイ酸・アスコルビルグルコシド・セスキオレイン酸ソルビタン・酢酸トコフェロール・（ジメチコン／（ＰＥＧ－１０／１５））クロスポリマー・ジステアルジモニウムヘクトライト・クエン酸Ｎａ・トリエトキシカプリリルシラン・カフェイン・コレステロール・サルビアヒスパニカ種子エキス・リノール酸・乳酸桿菌発酵液・炭酸プロピレン・リン酸アスコルビルＭｇ・ホホバエステル・テトラヘキシルデカン酸アスコルビル・ジメトキシトリルプロピルレゾルシノール・グリチルレチン酸・グルコース・ポリシリコーン－１１・レシチン・オレイン酸・ヒアルロン酸Ｎａ・トウミツエキス・塩化Ｎａ・クエン酸・リノレン酸・ＥＤＴＡ－４Ｎａ・ラウレス－７・カプリリルグリコール・キサンタンガム・ナイアシンアミド・水酸化Ｎａ・ＤＰＧ・セイヨウメギエキス・セネガ根エキス・ニンファエアアルバ根エキス・トコフェロール・グルコースオキシダーゼ・ラクトペルオキシダーゼ・リン酸Ｋ・カラフトコンブエキス・チャ葉エキス・フェノキシエタノール・サリチル酸・ソルビン酸Ｋ・ソルビン酸　＋／－　酸化チタン・酸化鉄・マイカ・アルミナ・シリカ<JILN10287>","iln_version_number":"JILN10287","inventory_status":"Active","is_active":true,"is_coming_soon":null,"is_default_sku":false,"is_discountable":true,"is_displayable":null,"is_engravable":null,"is_fragrance":null,"is_giftable":null,"is_giftwrap":false,"is_inactive":null,"is_multi_shaded":null,"is_out_of_stock":null,"is_preorder":false,"is_preorderable":null,"is_promotional":null,"is_replenishable":false,"is_search_suppressed":null,"is_searchable":true,"is_shaded":null,"is_sized":null,"is_sold_out":null,"is_under_weight_hazmat":false,"is_vto_enabled":null,"life_of_product":"Basic Reorder","material_code":"KY19640000","media":{"large":[{"alt":"イーブン ベター ブライト セラム ファンデーション 20","height":1200,"position":1,"src":"/media/export/cms/products/1200x1500/cl_sku_KY1964_1200x1500_0.png","type":"image","width":1500}],"medium":[{"alt":"イーブン ベター ブライト セラム ファンデーション 20","height":600,"position":2,"src":"/media/export/cms/products/600x750/cl_sku_KY1964_600x750_0.png","type":"image","width":750}],"model":null,"poster":null,"small":[{"alt":"イーブン ベター ブライト セラム ファンデーション 20","height":1200,"position":3,"src":"/media/export/cms/products/1200x1500/cl_sku_KY1964_1200x1500_0.png","type":"image","width":1500}],"smoosh":[{"alt":"イーブン ベター ブライト セラム ファンデーション 20","height":1200,"position":0,"src":"/media/export/cms/products/1200x1500/swatches_v3/06_ns_ng.png","type":"image","width":1500}],"xl":null},"out_of_stock_threshold":null,"perlgem":{"SKU_BASE_ID":128560},"preorder_date":null,"prices":[{"currency":"JPY","exclude_tax":{"original_price":5500,"original_price_formatted":"¥5,500","price":5500,"price_formatted":"¥5,500","price_per_unit":null,"price_per_unit_formatted":""},"include_tax":{"original_price":6050,"original_price_formatted":"¥6,050","price":6050,"price_formatted":"¥6,050","price_per_unit":null,"price_per_unit_formatted":""},"is_discounted":false}],"purchase_limit":null,"replenishment":{"message":null},"reviews":{"average_rating":null,"number_of_questions":null,"number_of_reviews":null},"set_components":null,"shade_groups":null,"shades":[{"description":"","hex_val":"#EDC4A2","image":{"height":null,"src":"","width":null},"name":"64 Cream Beige クリーム ベージュ","smoosh_design":{"group_id":null,"name":"06::none::none"}}],"sizes":[{"key":1,"value":null}],"skin":{"tone":null,"type":null,"type_description":null},"sku_badge":null,"sku_badge_image":null,"sku_display_order":3,"sku_id":"KY1964","sku_promo_messaging":null,"sku_type":"SE","sku_url":null,"tags":{"total":3,"items":[{"id":"1592","key":"メーク","value":"メーク"},{"id":"1599","key":"ファンデーション","value":"ファンデーション"},{"id":"12537","key":"メークアップ-ベストセラー","value":"メークアップ ベストセラー"}]},"texture":null,"undertone":null,"unit_of_measure":null,"unit_size":null,"unit_size_formatted":null,"upc":"192333078464","vto":{"is_color_experience":null,"is_foundation_experience":null}},{"color_family":null,"coverage_options":null,"cross_sell":null,"display_status":7,"finish":null,"finish_options":null,"fragrances":[{"family":null,"key":null,"value":null}],"iln_listing":"ジメチコン・水・酸化亜鉛・ＰＥＧ－１０ジメチコン・ＢＧ・（ビニルジメチコン／メチコンシルセスキオキサン）クロスポリマー・フェニルトリメチコン・イソドデカン・サリチル酸ブチルオクチル・イソノナン酸イソデシル・ラウリルＰＥＧ－９ポリジメチルシロキシエチルジメチコン・変性アルコール・（ジメチコン／ビニルジメチコン）クロスポリマー・含水シリカ・トリメチルシロキシケイ酸・アスコルビルグルコシド・セスキオレイン酸ソルビタン・酢酸トコフェロール・（ジメチコン／（ＰＥＧ－１０／１５））クロスポリマー・ジステアルジモニウムヘクトライト・クエン酸Ｎａ・トリエトキシカプリリルシラン・カフェイン・コレステロール・サルビアヒスパニカ種子エキス・リノール酸・乳酸桿菌発酵液・炭酸プロピレン・リン酸アスコルビルＭｇ・ホホバエステル・テトラヘキシルデカン酸アスコルビル・ジメトキシトリルプロピルレゾルシノール・グリチルレチン酸・グルコース・ポリシリコーン－１１・レシチン・オレイン酸・ヒアルロン酸Ｎａ・トウミツエキス・塩化Ｎａ・クエン酸・リノレン酸・ＥＤＴＡ－４Ｎａ・ラウレス－７・カプリリルグリコール・キサンタンガム・ナイアシンアミド・水酸化Ｎａ・ＤＰＧ・セイヨウメギエキス・セネガ根エキス・ニンファエアアルバ根エキス・トコフェロール・グルコースオキシダーゼ・ラクトペルオキシダーゼ・リン酸Ｋ・カラフトコンブエキス・チャ葉エキス・フェノキシエタノール・サリチル酸・ソルビン酸Ｋ・ソルビン酸　＋／－　酸化チタン・酸化鉄・マイカ・アルミナ・シリカ<JILN10287>","iln_version_number":"JILN10287","inventory_status":"Active","is_active":true,"is_coming_soon":null,"is_default_sku":false,"is_discountable":true,"is_displayable":null,"is_engravable":null,"is_fragrance":null,"is_giftable":null,"is_giftwrap":false,"is_inactive":null,"is_multi_shaded":null,"is_out_of_stock":null,"is_preorder":false,"is_preorderable":null,"is_promotional":null,"is_replenishable":false,"is_search_suppressed":null,"is_searchable":true,"is_shaded":null,"is_sized":null,"is_sold_out":null,"is_under_weight_hazmat":false,"is_vto_enabled":null,"life_of_product":"Basic Reorder","material_code":"KY19650000","media":{"large":[{"alt":"イーブン ベター ブライト セラム ファンデーション 20","height":1200,"position":1,"src":"/media/export/cms/products/1200x1500/cl_sku_KY1965_1200x1500_0.png","type":"image","width":1500}],"medium":[{"alt":"イーブン ベター ブライト セラム ファンデーション 20","height":600,"position":2,"src":"/media/export/cms/products/600x750/cl_sku_KY1965_600x750_0.png","type":"image","width":750}],"model":null,"poster":null,"small":[{"alt":"イーブン ベター ブライト セラム ファンデーション 20","height":1200,"position":3,"src":"/media/export/cms/products/1200x1500/cl_sku_KY1965_1200x1500_0.png","type":"image","width":1500}],"smoosh":[{"alt":"イーブン ベター ブライト セラム ファンデーション 20","height":1200,"position":0,"src":"/media/export/cms/products/1200x1500/swatches_v3/06_ns_ng.png","type":"image","width":1500}],"xl":null},"out_of_stock_threshold":null,"perlgem":{"SKU_BASE_ID":128561},"preorder_date":null,"prices":[{"currency":"JPY","exclude_tax":{"original_price":5500,"original_price_formatted":"¥5,500","price":5500,"price_formatted":"¥5,500","price_per_unit":null,"price_per_unit_formatted":""},"include_tax":{"original_price":6050,"original_price_formatted":"¥6,050","price":6050,"price_formatted":"¥6,050","price_per_unit":null,"price_per_unit_formatted":""},"is_discounted":false}],"purchase_limit":null,"replenishment":{"message":null},"reviews":{"average_rating":null,"number_of_questions":null,"number_of_reviews":null},"set_components":null,"shade_groups":null,"shades":[{"description":"","hex_val":"#E8B78F","image":{"height":null,"src":"","width":null},"name":"65 Neutral ニュートラル","smoosh_design":{"group_id":null,"name":"06::none::none"}}],"sizes":[{"key":1,"value":null}],"skin":{"tone":null,"type":null,"type_description":null},"sku_badge":null,"sku_badge_image":null,"sku_display_order":4,"sku_id":"KY1965","sku_promo_messaging":null,"sku_type":"SE","sku_url":null,"tags":{"total":3,"items":[{"id":"1592","key":"メーク","value":"メーク"},{"id":"1599","key":"ファンデーション","value":"ファンデーション"},{"id":"12537","key":"メークアップ-ベストセラー","value":"メークアップ ベストセラー"}]},"texture":null,"undertone":null,"unit_of_measure":null,"unit_size":null,"unit_size_formatted":null,"upc":"192333078471","vto":{"is_color_experience":null,"is_foundation_experience":null}},{"color_family":null,"coverage_options":null,"cross_sell":null,"display_status":7,"finish":null,"finish_options":null,"fragrances":[{"family":null,"key":null,"value":null}],"iln_listing":"ジメチコン・水・酸化亜鉛・ＰＥＧ－１０ジメチコン・ＢＧ・（ビニルジメチコン／メチコンシルセスキオキサン）クロスポリマー・フェニルトリメチコン・イソドデカン・サリチル酸ブチルオクチル・イソノナン酸イソデシル・ラウリルＰＥＧ－９ポリジメチルシロキシエチルジメチコン・変性アルコール・（ジメチコン／ビニルジメチコン）クロスポリマー・含水シリカ・トリメチルシロキシケイ酸・アスコルビルグルコシド・セスキオレイン酸ソルビタン・酢酸トコフェロール・（ジメチコン／（ＰＥＧ－１０／１５））クロスポリマー・ジステアルジモニウムヘクトライト・クエン酸Ｎａ・トリエトキシカプリリルシラン・カフェイン・コレステロール・サルビアヒスパニカ種子エキス・リノール酸・乳酸桿菌発酵液・炭酸プロピレン・リン酸アスコルビルＭｇ・ホホバエステル・テトラヘキシルデカン酸アスコルビル・ジメトキシトリルプロピルレゾルシノール・グリチルレチン酸・グルコース・ポリシリコーン－１１・レシチン・オレイン酸・ヒアルロン酸Ｎａ・トウミツエキス・塩化Ｎａ・クエン酸・リノレン酸・ＥＤＴＡ－４Ｎａ・ラウレス－７・カプリリルグリコール・キサンタンガム・ナイアシンアミド・水酸化Ｎａ・ＤＰＧ・セイヨウメギエキス・セネガ根エキス・ニンファエアアルバ根エキス・トコフェロール・グルコースオキシダーゼ・ラクトペルオキシダーゼ・リン酸Ｋ・カラフトコンブエキス・チャ葉エキス・フェノキシエタノール・サリチル酸・ソルビン酸Ｋ・ソルビン酸　＋／－　酸化チタン・酸化鉄・マイカ・アルミナ・シリカ<JILN10287>","iln_version_number":"JILN10287","inventory_status":"Active","is_active":true,"is_coming_soon":null,"is_default_sku":false,"is_discountable":true,"is_displayable":null,"is_engravable":null,"is_fragrance":null,"is_giftable":null,"is_giftwrap":false,"is_inactive":null,"is_multi_shaded":null,"is_out_of_stock":null,"is_preorder":false,"is_preorderable":null,"is_promotional":null,"is_replenishable":false,"is_search_suppressed":null,"is_searchable":true,"is_shaded":null,"is_sized":null,"is_sold_out":null,"is_under_weight_hazmat":false,"is_vto_enabled":null,"life_of_product":"Basic Reorder","material_code":"KY19660000","media":{"large":[{"alt":"イーブン ベター ブライト セラム ファンデーション 20","height":1200,"position":1,"src":"/media/export/cms/products/1200x1500/cl_sku_KY1966_1200x1500_0.png","type":"image","width":1500}],"medium":[{"alt":"イーブン ベター ブライト セラム ファンデーション 20","height":600,"position":2,"src":"/media/export/cms/products/600x750/cl_sku_KY1966_600x750_0.png","type":"image","width":750}],"model":null,"poster":null,"small":[{"alt":"イーブン ベター ブライト セラム ファンデーション 20","height":1200,"position":3,"src":"/media/export/cms/products/1200x1500/cl_sku_KY1966_1200x1500_0.png","type":"image","width":1500}],"smoosh":[{"alt":"イーブン ベター ブライト セラム ファンデーション 20","height":1200,"position":0,"src":"/media/export/cms/products/1200x1500/swatches_v3/06_ns_ng.png","type":"image","width":1500}],"xl":null},"out_of_stock_threshold":null,"perlgem":{"SKU_BASE_ID":128563},"preorder_date":null,"prices":[{"currency":"JPY","exclude_tax":{"original_price":5500,"original_price_formatted":"¥5,500","price":5500,"price_formatted":"¥5,500","price_per_unit":null,"price_per_unit_formatted":""},"include_tax":{"original_price":6050,"original_price_formatted":"¥6,050","price":6050,"price_formatted":"¥6,050","price_per_unit":null,"price_per_unit_formatted":""},"is_discounted":false}],"purchase_limit":null,"replenishment":{"message":null},"reviews":{"average_rating":null,"number_of_questions":null,"number_of_reviews":null},"set_components":null,"shade_groups":null,"shades":[{"description":"","hex_val":"#E6B087","image":{"height":null,"src":"","width":null},"name":"66 True Beige トゥルー ベージュ","smoosh_design":{"group_id":null,"name":"06::none::none"}}],"sizes":[{"key":1,"value":null}],"skin":{"tone":null,"type":null,"type_description":null},"sku_badge":null,"sku_badge_image":null,"sku_display_order":5,"sku_id":"KY1966","sku_promo_messaging":null,"sku_type":"SE","sku_url":null,"tags":{"total":3,"items":[{"id":"1592","key":"メーク","value":"メーク"},{"id":"1599","key":"ファンデーション","value":"ファンデーション"},{"id":"12537","key":"メークアップ-ベストセラー","value":"メークアップ ベストセラー"}]},"texture":null,"undertone":null,"unit_of_measure":null,"unit_size":null,"unit_size_formatted":null,"upc":"192333078488","vto":{"is_color_experience":null,"is_foundation_experience":null}}]},"sub_display_name":"イーブン ベター ブライト セラム ファンデーション 20","sub_header":null,"tags":{"total":3,"items":[{"id":"1592","key":"メーク","parent_tag_id":null,"product_display_order":0,"value":"メーク"},{"id":"1599","key":"ファンデーション","parent_tag_id":"1592","product_display_order":0,"value":"ファンデーション"},{"id":"12537","key":"メークアップ-ベストセラー","parent_tag_id":"1592","product_display_order":0,"value":"メークアップ ベストセラー"}]},"usage":[{"content":null,"label":"PRODUCT USAGE","type":"product_usage"},{"content":null,"label":"HOW DOES IT WORK","type":"how_does_it_work"},{"content":null,"label":"WHO IT IS FOR","type":"who_it_is_for"},{"content":null,"label":"GREAT TO KNOW","type":"great_to_know"},{"content":null,"label":"WHAT_IT_DOES","type":"what_it_does"},{"content":null,"label":"WHAT_IT_IS","type":"what_it_is"}],"objectID":"82933"},{"benefit":{"statement":null,"benefits":null},"brand":null,"collection":null,"coverage":null,"cross_sell":null,"default_category":{"id":"1579","key":"クリニーク-ハッピー"},"description":"幸せに包まれる、あなただけの香り。<br> “my happy(マイ ハッピー)” 全６種が入ったセット登場。<br><br>青々とした新緑、一面の花畑、香ばしい焼き菓子…<br>あなただけの幸せ(ハッピー)な瞬間に包まれるフレグランス“my happy”。 <br>新発売の3つの香りを含む、シリーズすべての香りが一度に試せるスペシャル セット。<br>単品でも、重ね付けしても。ミニサイズだからいつでもバックに忍ばせて。<br>どこでもお好みの香りと共に、あなただけのハッピー ストーリーが動き出す。<br><br>2月26日(金) 全国限定発売<br>マイ ハッピー セット<br>6,050円(本体5,500円) <br><br>○マイ ハッピー<br>ピオニー ピクニック/リリー オブ ザ ビーチ/ココア & カシミア<br>インディゴ ミスト/ベビー ブーケ/クッキー & キス <br>各5mL（すべてギフトサイズ）","display_mode":null,"display_name":"マイ ハッピー セット","display_status":7,"finish":null,"form":null,"formula_type":null,"fragrance_family":null,"indexable_keywords":null,"is_hazmat":false,"is_product_coming_soon":null,"is_product_displayable":true,"is_product_searchable":true,"is_product_shoppable":true,"is_product_sold_out":null,"is_product_temporarily_out_of_stock":null,"is_search_suppressed":null,"key_ingredient":null,"media":{"large":null,"medium":null,"poster":null,"small":null,"videos":[{"position":null,"poster":{"height":null,"src":null,"width":null},"provider":"YouTube","src":null},{"position":null,"poster":{"height":null,"src":null,"width":null},"provider":"YouTube","src":null},{"position":null,"poster":{"height":null,"src":null,"width":null},"provider":"YouTube","src":null}],"xl":null},"meta":{"description":null,"keywords":null},"parent_category":[{"id":"1579","value":"クリニーク ハッピー"},{"id":"1577","value":"フレグランス"}],"product_badge":null,"product_id":"83684","product_title_tag":null,"product_type":"Other","product_url":"/product/1579/83684/find-your-happy","reviews":{"average_rating":null,"number_of_questions":null,"number_of_reviews":null},"shade_groups":null,"short_description":"幸せに包まれる、あなただけの香り。<br> “my happy(マイ ハッピー)” 全６種が入ったセット登場。<br><br>青々とした新緑、一面の花畑、香ばしい焼き菓子…<br>あなただけの幸せ(ハッピー)な瞬間に包まれるフレグランス“my happy”。 <br>新発売の3つの香りを含む、シリーズすべての香りが一度に試せるスペシャル セット。<br>単品でも、重ね付けしても。ミニサイズだからいつでもバックに忍ばせて。<br>どこでもお好みの香りと共に、あなただけのハッピー ストーリーが動き出す。<br><br>2月26日(金) 全国限定発売<br>マイ ハッピー セット<br>6,050円(本体5,500円) <br><br>○マイ ハッピー<br>ピオニー ピクニック/リリー オブ ザ ビーチ/ココア & カシミア<br>インディゴ ミスト/ベビー ブーケ/クッキー & キス <br>各5mL（すべてギフトサイズ）","skin":null,"skin_goal":null,"skus":{"total":1,"items":[{"color_family":null,"coverage_options":null,"cross_sell":null,"display_status":7,"finish":null,"finish_options":null,"fragrances":[{"family":null,"key":null,"value":null}],"iln_listing":null,"iln_version_number":null,"inventory_status":"Active","is_active":true,"is_coming_soon":null,"is_default_sku":false,"is_discountable":true,"is_displayable":null,"is_engravable":null,"is_fragrance":null,"is_giftable":null,"is_giftwrap":false,"is_inactive":null,"is_multi_shaded":null,"is_out_of_stock":null,"is_preorder":false,"is_preorderable":null,"is_promotional":null,"is_replenishable":false,"is_search_suppressed":null,"is_searchable":true,"is_shaded":null,"is_sized":null,"is_sold_out":null,"is_under_weight_hazmat":false,"is_vto_enabled":null,"life_of_product":"Limited life","material_code":"KRYFY00000","media":{"large":[{"alt":"マイ ハッピー セット","height":1200,"position":0,"src":"/media/export/cms/products/1200x1500/cl_sku_KRYFY0_1200x1500_0.png","type":"image","width":1500}],"medium":[{"alt":"マイ ハッピー セット","height":600,"position":1,"src":"/media/export/cms/products/600x750/cl_sku_KRYFY0_600x750_0.png","type":"image","width":750}],"model":null,"poster":null,"small":[{"alt":"マイ ハッピー セット","height":1200,"position":2,"src":"/media/export/cms/products/1200x1500/cl_sku_KRYFY0_1200x1500_0.png","type":"image","width":1500}],"smoosh":null,"xl":null},"out_of_stock_threshold":null,"perlgem":{"SKU_BASE_ID":126677},"preorder_date":null,"prices":[{"currency":"JPY","exclude_tax":{"original_price":5500,"original_price_formatted":"¥5,500","price":5500,"price_formatted":"¥5,500","price_per_unit":null,"price_per_unit_formatted":""},"include_tax":{"original_price":6050,"original_price_formatted":"¥6,050","price":6050,"price_formatted":"¥6,050","price_per_unit":null,"price_per_unit_formatted":""},"is_discounted":false}],"purchase_limit":null,"replenishment":{"message":null},"reviews":{"average_rating":null,"number_of_questions":null,"number_of_reviews":null},"set_components":null,"shade_groups":null,"shades":null,"sizes":[{"key":1,"value":null}],"skin":{"tone":null,"type":null,"type_description":null},"sku_badge":null,"sku_badge_image":null,"sku_display_order":0,"sku_id":"KRYFY0","sku_promo_messaging":null,"sku_type":"SE","sku_url":null,"tags":{"total":7,"items":[{"id":"1579","key":"クリニーク-ハッピー","value":"クリニーク ハッピー"},{"id":"13564","key":"fragrance","value":"Fragrance"},{"id":"1584","key":"セットギフト","value":"セット＆ギフト"},{"id":"13566","key":"gift-sets","value":"Gift Sets"},{"id":"1602","key":"セットギフト","value":"セット&ギフト"},{"id":"13568","key":"gifts-under-50","value":"Gifts Under $50"},{"id":"16422","key":"セットギフト","value":"セット＆ギフト"}]},"texture":null,"undertone":null,"unit_of_measure":null,"unit_size":null,"unit_size_formatted":null,"upc":"192333052013","vto":{"is_color_experience":null,"is_foundation_experience":null}}]},"sub_display_name":"マイ ハッピー セット","sub_header":null,"tags":{"total":7,"items":[{"id":"1579","key":"クリニーク-ハッピー","parent_tag_id":"1577","product_display_order":0,"value":"クリニーク ハッピー"},{"id":"13564","key":"fragrance","parent_tag_id":"13561","product_display_order":0,"value":"Fragrance"},{"id":"1584","key":"セットギフト","parent_tag_id":"1582","product_display_order":0,"value":"セット＆ギフト"},{"id":"13566","key":"gift-sets","parent_tag_id":"13561","product_display_order":0,"value":"Gift Sets"},{"id":"1602","key":"セットギフト","parent_tag_id":"1600","product_display_order":2,"value":"セット&ギフト"},{"id":"13568","key":"gifts-under-50","parent_tag_id":"13561","product_display_order":0,"value":"Gifts Under $50"},{"id":"16422","key":"セットギフト","parent_tag_id":"1585","product_display_order":14,"value":"セット＆ギフト"}]},"usage":[{"content":null,"label":"PRODUCT USAGE","type":"product_usage"},{"content":null,"label":"HOW DOES IT WORK","type":"how_does_it_work"},{"content":null,"label":"WHO IT IS FOR","type":"who_it_is_for"},{"content":null,"label":"GREAT TO KNOW","type":"great_to_know"},{"content":null,"label":"WHAT_IT_DOES","type":"what_it_does"},{"content":null,"label":"WHAT_IT_IS","type":"what_it_is"}],"objectID":"83684"},{"benefit":{"statement":null,"benefits":null},"brand":null,"collection":null,"coverage":null,"cross_sell":null,"default_category":{"id":"16422","key":"セットギフト"},"description":"＼オンライン限定・プレミアムな７つのミニを一緒にお届け／<br>皮膚科学から生まれたクリニークのベストコンビ、<br>「ふき取り化粧水」×「保湿化粧水」がトータルケアのセットで登場。<br><br>化粧水前のワンステップ、アルコールフリーの「ふき取り化粧水」と<br>専用コットンで、不要な角質をやさしくオフ。<br>乳酸菌のチカラで肌に潤いを与えるピンクの「保湿化粧水」で潤い補給。<br>ダブル使いだから得られる、肌の透明感とみずみずしい潤い感を。<br>洗顔、保湿クリーム、リップなどトータルケアを叶えるミニと一緒に。<br><br>2020年1月8日(金)〜 オンライン限定数量限定発売  <br>クリニーク トータル モイスチャー セット 9,900円(本体9,000円)<br><br>【セット内容】<br>現品<br>◎クラリファイング  ローション 1.0 (ふき取り化粧水) 100mL<br>◎モイスチャー サージ ハイドレーティング  ローション(保湿化粧水) 200mL<br>◎クリニーク コットン N (コットン)100枚入り　※世界水準の「エコテックス®スタンダード 100」の条件をクリア <br>ギフトサイズ<br>○テイク ザ デイ オフ(ポイントメーク リムーバー) 30mL<br>○フレッシュ プレスト C パウダー クレンザー(パウダー洗顔料) 0.5gx7包<br>○オール アバウト アイ(アイ クリーム) <br>○モイスチャー サージ 72 ハイドレーター（保湿ジェルクリーム）<br>○モイスチャー サージ ハイドレーティング コンセントレート (美容液) 15g<br>○ラッシュ パワー マスカラ ロング ウェアリング フォーミュラ  ブラック オニキス(マスカラ) #01 ブラック オニキス<br>○クリニーク ポップ (リップカラー)#05 メロン ポップ<br><br><small>＊浸透は角質層まで。※数に限りがありますので、お早めに。※表示価格は希望小売価格です。</small>","display_mode":null,"display_name":"クリニーク トータル モイスチャー セット","display_status":7,"finish":null,"form":null,"formula_type":null,"fragrance_family":null,"indexable_keywords":null,"is_hazmat":false,"is_product_coming_soon":null,"is_product_displayable":true,"is_product_searchable":true,"is_product_shoppable":true,"is_product_sold_out":null,"is_product_temporarily_out_of_stock":null,"is_search_suppressed":null,"key_ingredient":null,"media":{"large":null,"medium":null,"poster":null,"small":null,"videos":[{"position":null,"poster":{"height":null,"src":null,"width":null},"provider":"YouTube","src":null},{"position":null,"poster":{"height":null,"src":null,"width":null},"provider":"YouTube","src":null},{"position":null,"poster":{"height":null,"src":null,"width":null},"provider":"YouTube","src":null}],"xl":null},"meta":{"description":null,"keywords":null},"parent_category":[{"id":"16422","value":"セット＆ギフト"},{"id":"1585","value":"Gift Center"}],"product_badge":null,"product_id":"85476","product_title_tag":null,"product_type":"Sized","product_url":"/product/16422/85476/gift-center/-/clinique-total-mosture-set-202101","reviews":{"average_rating":null,"number_of_questions":null,"number_of_reviews":null},"shade_groups":null,"short_description":"＼オンライン限定・プレミアムな７つのミニを一緒にお届け／<br>皮膚科学から生まれたクリニークのベストコンビ、<br>「ふき取り化粧水」×「保湿化粧水」がトータルケアのセットで登場。<br><br>化粧水前のワンステップ、アルコールフリーの「ふき取り化粧水」と<br>専用コットンで、不要な角質をやさしくオフ。<br>乳酸菌のチカラで肌に潤いを与えるピンクの「保湿化粧水」で潤い補給。<br>ダブル使いだから得られる、肌の透明感とみずみずしい潤い感を。<br>洗顔、保湿クリーム、リップなどトータルケアを叶えるミニと一緒に。<br><br>2020年1月8日(金)〜 オンライン限定数量限定発売  <br>クリニーク トータル モイスチャー セット 9,900円(本体9,000円)<br><br>【セット内容】<br>現品<br>◎クラリファイング  ローション 1.0 (ふき取り化粧水) 100mL<br>◎モイスチャー サージ ハイドレーティング  ローション(保湿化粧水) 200mL<br>◎クリニーク コットン N (コットン)100枚入り　※世界水準の「エコテックス®スタンダード 100」の条件をクリア <br>ギフトサイズ<br>○テイク ザ デイ オフ(ポイントメーク リムーバー) 30mL<br>○フレッシュ プレスト C パウダー クレンザー(パウダー洗顔料) 0.5gx7包<br>○オール アバウト アイ(アイ クリーム) <br>○モイスチャー サージ 72 ハイドレーター（保湿ジェルクリーム）<br>○モイスチャー サージ ハイドレーティング コンセントレート (美容液) 15g<br>○ラッシュ パワー マスカラ ロング ウェアリング フォーミュラ  ブラック オニキス(マスカラ) #01 ブラック オニキス<br>○クリニーク ポップ (リップカラー)#05 メロン ポップ<br><br><small>＊浸透は角質層まで。※数に限りがありますので、お早めに。※表示価格は希望小売価格です。</small>","skin":null,"skin_goal":null,"skus":{"total":1,"items":[{"color_family":null,"coverage_options":null,"cross_sell":null,"display_status":7,"finish":null,"finish_options":null,"fragrances":[{"family":null,"key":null,"value":null}],"iln_listing":null,"iln_version_number":null,"inventory_status":"Active","is_active":true,"is_coming_soon":null,"is_default_sku":false,"is_discountable":true,"is_displayable":null,"is_engravable":null,"is_fragrance":null,"is_giftable":null,"is_giftwrap":false,"is_inactive":null,"is_multi_shaded":null,"is_out_of_stock":null,"is_preorder":false,"is_preorderable":null,"is_promotional":null,"is_replenishable":false,"is_search_suppressed":null,"is_searchable":true,"is_shaded":null,"is_sized":null,"is_sold_out":null,"is_under_weight_hazmat":false,"is_vto_enabled":null,"life_of_product":"Limited life","material_code":"CLJJ860000","media":{"large":[{"alt":"クリニーク トータル モイスチャー セット","height":1200,"position":0,"src":"/media/export/cms/products/1200x1500/cl_sku_CLJJ86_1200x1500_0.png","type":"image","width":1500}],"medium":[{"alt":"クリニーク トータル モイスチャー セット","height":600,"position":1,"src":"/media/export/cms/products/600x750/cl_sku_CLJJ86_600x750_0.png","type":"image","width":750}],"model":null,"poster":null,"small":[{"alt":"クリニーク トータル モイスチャー セット","height":1200,"position":2,"src":"/media/export/cms/products/1200x1500/cl_sku_CLJJ86_1200x1500_0.png","type":"image","width":1500}],"smoosh":null,"xl":null},"out_of_stock_threshold":null,"perlgem":{"SKU_BASE_ID":129034},"preorder_date":null,"prices":[{"currency":"JPY","exclude_tax":{"original_price":9000,"original_price_formatted":"¥9,000","price":9000,"price_formatted":"¥9,000","price_per_unit":null,"price_per_unit_formatted":null},"include_tax":{"original_price":9900,"original_price_formatted":"¥9,900","price":9900,"price_formatted":"¥9,900","price_per_unit":null,"price_per_unit_formatted":null},"is_discounted":false}],"purchase_limit":null,"replenishment":{"message":null},"reviews":{"average_rating":null,"number_of_questions":null,"number_of_reviews":null},"set_components":[{"product":{"display_name":"FY21 Fresh pressed ギフト - "},"quantity":1,"sku":{"shades":null,"sizes":[{"key":0,"value":null}],"sku_id":"KF5Y90"}},{"product":{"display_name":"クリニーク コットン N -                                   "},"quantity":1,"sku":{"shades":[{"description":"","hex_val":"","name":""}],"sizes":[{"key":0,"value":null}],"sku_id":"6A1501"}},{"product":{"display_name":"モイスチャー サージ ハイドレーティング ローション - 200mL"},"quantity":1,"sku":{"shades":null,"sizes":[{"key":0,"value":"200mL"}],"sku_id":"K4NE01"}},{"product":{"display_name":"クラリファイング ローション 1.0  - 100mL"},"quantity":1,"sku":{"shades":null,"sizes":[{"key":0,"value":"100mL"}],"sku_id":"ZR1Y01"}}],"shade_groups":null,"shades":null,"sizes":[{"key":1,"value":null}],"skin":{"tone":null,"type":null,"type_description":null},"sku_badge":null,"sku_badge_image":null,"sku_display_order":1,"sku_id":"CLJJ86","sku_promo_messaging":null,"sku_type":"SE","sku_url":null,"tags":{"total":2,"items":[{"id":"16422","key":"セットギフト","value":"セット＆ギフト"},{"id":"1685","key":"セットギフト","value":"セット＆ギフト"}]},"texture":null,"undertone":null,"unit_of_measure":null,"unit_size":null,"unit_size_formatted":null,"upc":"020714937586","vto":{"is_color_experience":null,"is_foundation_experience":null}}]},"sub_display_name":"クリニーク トータル モイスチャー セット","sub_header":null,"tags":{"total":2,"items":[{"id":"16422","key":"セットギフト","parent_tag_id":"1585","product_display_order":25,"value":"セット＆ギフト"},{"id":"1685","key":"セットギフト","parent_tag_id":"1684","product_display_order":7,"value":"セット＆ギフト"}]},"usage":[{"content":null,"label":"PRODUCT USAGE","type":"product_usage"},{"content":null,"label":"HOW DOES IT WORK","type":"how_does_it_work"},{"content":null,"label":"WHO IT IS FOR","type":"who_it_is_for"},{"content":null,"label":"GREAT TO KNOW","type":"great_to_know"},{"content":null,"label":"WHAT_IT_DOES","type":"what_it_does"},{"content":null,"label":"WHAT_IT_IS","type":"what_it_is"}],"objectID":"85476"},{"benefit":{"statement":null,"benefits":null},"brand":null,"collection":null,"coverage":null,"cross_sell":null,"default_category":{"id":"1693","key":"シミソバカス"},"description":null,"display_mode":null,"display_name":"Even Better Clinical™ Radical Dark Spot Corrector + Interrupter","display_status":1,"finish":null,"form":null,"formula_type":null,"fragrance_family":null,"indexable_keywords":null,"is_hazmat":false,"is_product_coming_soon":null,"is_product_displayable":true,"is_product_searchable":true,"is_product_shoppable":false,"is_product_sold_out":null,"is_product_temporarily_out_of_stock":null,"is_search_suppressed":null,"key_ingredient":null,"media":{"large":null,"medium":null,"poster":null,"small":null,"videos":[{"position":null,"poster":{"height":null,"src":null,"width":null},"provider":"YouTube","src":null},{"position":null,"poster":{"height":null,"src":null,"width":null},"provider":"YouTube","src":null},{"position":null,"poster":{"height":null,"src":null,"width":null},"provider":"YouTube","src":null}],"xl":null},"meta":{"description":null,"keywords":null},"parent_category":[{"id":"1693","value":"シミ・ソバカス"},{"id":"1667","value":"スキンケア"}],"product_badge":null,"product_id":"85673","product_title_tag":null,"product_type":"Shaded","product_url":"/product/1693/85673/even-better-clinicaltm-radical-dark-spot-corrector-interrupter/even-better-clinicaltm-radical-dark-spot-corrector-interrupter","reviews":{"average_rating":null,"number_of_questions":null,"number_of_reviews":null},"shade_groups":null,"short_description":null,"skin":null,"skin_goal":null,"skus":{"total":1,"items":[{"color_family":null,"coverage_options":null,"cross_sell":null,"display_status":1,"finish":null,"finish_options":null,"fragrances":[{"family":null,"key":null,"value":null}],"iln_listing":null,"iln_version_number":null,"inventory_status":"Sold Out","is_active":null,"is_coming_soon":null,"is_default_sku":false,"is_discountable":false,"is_displayable":null,"is_engravable":null,"is_fragrance":null,"is_giftable":null,"is_giftwrap":true,"is_inactive":null,"is_multi_shaded":null,"is_out_of_stock":null,"is_preorder":false,"is_preorderable":null,"is_promotional":null,"is_replenishable":false,"is_search_suppressed":null,"is_searchable":true,"is_shaded":null,"is_sized":null,"is_sold_out":true,"is_under_weight_hazmat":false,"is_vto_enabled":null,"life_of_product":"Limited life","material_code":"CLNAQK0000","media":{"large":[{"alt":"Even Better Clinical™ Radical Dark Spot Corrector + Interrupter","height":1200,"position":0,"src":"/media/export/cms/products/1200x1500/cl_sku_CLNAQK_1200x1500_0.png","type":"image","width":1500}],"medium":[{"alt":"Even Better Clinical™ Radical Dark Spot Corrector + Interrupter","height":600,"position":1,"src":"/media/export/cms/products/600x750/cl_sku_CLNAQK_600x750_0.png","type":"image","width":750}],"model":null,"poster":null,"small":[{"alt":"Even Better Clinical™ Radical Dark Spot Corrector + Interrupter","height":1200,"position":2,"src":"/media/export/cms/products/1200x1500/cl_sku_CLNAQK_1200x1500_0.png","type":"image","width":1500}],"smoosh":null,"xl":null},"out_of_stock_threshold":null,"perlgem":{"SKU_BASE_ID":129285},"preorder_date":null,"prices":[{"currency":"JPY","exclude_tax":{"original_price":42.5,"original_price_formatted":"¥42.5","price":42.5,"price_formatted":"¥42.5","price_per_unit":null,"price_per_unit_formatted":""},"include_tax":{"original_price":46,"original_price_formatted":"¥46","price":46,"price_formatted":"¥46","price_per_unit":null,"price_per_unit_formatted":""},"is_discounted":false}],"purchase_limit":null,"replenishment":{"message":null},"reviews":{"average_rating":null,"number_of_questions":null,"number_of_reviews":null},"set_components":null,"shade_groups":null,"shades":null,"sizes":[{"key":1,"value":"1.7 fl. oz. / 50 ml"}],"skin":{"tone":null,"type":null,"type_description":null},"sku_badge":null,"sku_badge_image":null,"sku_display_order":0,"sku_id":"CLNAQK","sku_promo_messaging":null,"sku_type":"SE","sku_url":null,"tags":{"total":4,"items":[{"id":"1628","key":"サンプル","value":"サンプル"},{"id":"4034","key":"serums","value":"Serums"},{"id":"1693","key":"シミソバカス","value":"シミ・ソバカス"},{"id":"1585","key":"gift-center","value":"Gift Center"}]},"texture":null,"undertone":null,"unit_of_measure":null,"unit_size":null,"unit_size_formatted":null,"upc":"020000000694","vto":{"is_color_experience":null,"is_foundation_experience":null}}]},"sub_display_name":null,"sub_header":null,"tags":{"total":4,"items":[{"id":"1628","key":"サンプル","parent_tag_id":null,"product_display_order":0,"value":"サンプル"},{"id":"4034","key":"serums","parent_tag_id":"1667","product_display_order":0,"value":"Serums"},{"id":"1693","key":"シミソバカス","parent_tag_id":"1667","product_display_order":0,"value":"シミ・ソバカス"},{"id":"1585","key":"gift-center","parent_tag_id":null,"product_display_order":0,"value":"Gift Center"}]},"usage":[{"content":null,"label":"PRODUCT USAGE","type":"product_usage"},{"content":null,"label":"HOW DOES IT WORK","type":"how_does_it_work"},{"content":null,"label":"WHO IT IS FOR","type":"who_it_is_for"},{"content":null,"label":"GREAT TO KNOW","type":"great_to_know"},{"content":null,"label":"WHAT_IT_DOES","type":"what_it_does"},{"content":null,"label":"WHAT_IT_IS","type":"what_it_is"}],"objectID":"85673"},{"benefit":{"statement":null,"benefits":null},"brand":null,"collection":null,"coverage":null,"cross_sell":null,"default_category":{"id":"1628","key":"サンプル"},"description":null,"display_mode":null,"display_name":"イーブン ベター セット","display_status":7,"finish":null,"form":null,"formula_type":null,"fragrance_family":null,"indexable_keywords":null,"is_hazmat":false,"is_product_coming_soon":null,"is_product_displayable":true,"is_product_searchable":true,"is_product_shoppable":true,"is_product_sold_out":null,"is_product_temporarily_out_of_stock":null,"is_search_suppressed":null,"key_ingredient":null,"media":{"large":null,"medium":null,"poster":null,"small":null,"videos":[{"position":null,"poster":{"height":null,"src":null,"width":null},"provider":"YouTube","src":null},{"position":null,"poster":{"height":null,"src":null,"width":null},"provider":"YouTube","src":null},{"position":null,"poster":{"height":null,"src":null,"width":null},"provider":"YouTube","src":null}],"xl":null},"meta":{"description":null,"keywords":null},"parent_category":[{"id":"1628","value":"サンプル"}],"product_badge":null,"product_id":"85784","product_title_tag":null,"product_type":"Shaded","product_url":"/product/1628/85784/even-better-set","reviews":{"average_rating":null,"number_of_questions":null,"number_of_reviews":null},"shade_groups":null,"short_description":null,"skin":null,"skin_goal":null,"skus":{"total":1,"items":[{"color_family":null,"coverage_options":null,"cross_sell":null,"display_status":7,"finish":null,"finish_options":null,"fragrances":[{"family":null,"key":null,"value":null}],"iln_listing":null,"iln_version_number":null,"inventory_status":"Active","is_active":true,"is_coming_soon":null,"is_default_sku":false,"is_discountable":true,"is_displayable":null,"is_engravable":null,"is_fragrance":null,"is_giftable":null,"is_giftwrap":false,"is_inactive":null,"is_multi_shaded":null,"is_out_of_stock":null,"is_preorder":false,"is_preorderable":null,"is_promotional":null,"is_replenishable":false,"is_search_suppressed":null,"is_searchable":true,"is_shaded":null,"is_sized":null,"is_sold_out":null,"is_under_weight_hazmat":false,"is_vto_enabled":null,"life_of_product":"Limited life","material_code":"KRYNY00000","media":{"large":[{"alt":"イーブン ベター セット","height":1200,"position":0,"src":"/media/export/cms/products/1200x1500/cl_sku_KRYNY0_1200x1500_0.png","type":"image","width":1500}],"medium":[{"alt":"イーブン ベター セット","height":600,"position":1,"src":"/media/export/cms/products/600x750/cl_sku_KRYNY0_600x750_0.png","type":"image","width":750}],"model":null,"poster":null,"small":[{"alt":"イーブン ベター セット","height":1200,"position":2,"src":"/media/export/cms/products/1200x1500/cl_sku_KRYNY0_1200x1500_0.png","type":"image","width":1500}],"smoosh":null,"xl":null},"out_of_stock_threshold":null,"perlgem":{"SKU_BASE_ID":129410},"preorder_date":null,"prices":[{"currency":"JPY","exclude_tax":{"original_price":500,"original_price_formatted":"¥500","price":500,"price_formatted":"¥500","price_per_unit":null,"price_per_unit_formatted":""},"include_tax":{"original_price":550,"original_price_formatted":"¥550","price":550,"price_formatted":"¥550","price_per_unit":null,"price_per_unit_formatted":""},"is_discounted":false}],"purchase_limit":null,"replenishment":{"message":null},"reviews":{"average_rating":null,"number_of_questions":null,"number_of_reviews":null},"set_components":null,"shade_groups":null,"shades":null,"sizes":[{"key":1,"value":null}],"skin":{"tone":null,"type":null,"type_description":null},"sku_badge":null,"sku_badge_image":null,"sku_display_order":0,"sku_id":"KRYNY0","sku_promo_messaging":null,"sku_type":"SE","sku_url":null,"tags":{"total":1,"items":[{"id":"1628","key":"サンプル","value":"サンプル"}]},"texture":null,"undertone":null,"unit_of_measure":null,"unit_size":null,"unit_size_formatted":null,"upc":"192333052082","vto":{"is_color_experience":null,"is_foundation_experience":null}}]},"sub_display_name":"イーブン ベター セット","sub_header":null,"tags":{"total":1,"items":[{"id":"1628","key":"サンプル","parent_tag_id":null,"product_display_order":0,"value":"サンプル"}]},"usage":[{"content":null,"label":"PRODUCT USAGE","type":"product_usage"},{"content":null,"label":"HOW DOES IT WORK","type":"how_does_it_work"},{"content":null,"label":"WHO IT IS FOR","type":"who_it_is_for"},{"content":null,"label":"GREAT TO KNOW","type":"great_to_know"},{"content":null,"label":"WHAT_IT_DOES","type":"what_it_does"},{"content":null,"label":"WHAT_IT_IS","type":"what_it_is"}],"objectID":"85784"},{"benefit":{"statement":null,"benefits":null},"brand":null,"collection":null,"coverage":null,"cross_sell":null,"default_category":{"id":"16422","key":"セットギフト"},"description":"揺るぎない明るさと透明感*1。<br>“均一美肌”*2を叶える「ブライトニング美容液 セット」登場。<br><br>UP302*3（ブライトニング成分）配合で明るさと透明感*1に満ちた<br>“均一美肌”へと導く「ブライトニング 美容液」に、<br>人気の「クレンジング バーム」、「保湿ジェルクリーム」、<br>百貨店売上No.1*4「マスカラ」のギフトサイズがポーチにセットイン。<br><br>1月22日(金)〜オンライン先行数量限定発売<br>1月29日(金)〜全国数量限定発売<br><br>イーブン ベター ラディカル ブライト セラム セット<br>30mLセット 10,450円(本体9,500円)  / 50mLセット 15,950円(本体14,500円)<br><br>【セット内容】<br>◎イーブン ベター ラディカル ブライト セラム (美容液/現品) 30mL または 50mL<br>◯テイク ザ デイ オフ クレンジング バーム(クレンジング バーム) 15mL<br>◯モイスチャー サージ 72 ハイドレーター(保湿ジェルクリーム) 15mL<br>◯ラッシュ パワー マスカラ ロング ウェアリング フォーミュラ (マスカラ) #01 ブラック オニキス<br>※オリジナル ポーチ付き（横19cm X 高さ 9cm Xマチ 5cm）<br>◯はギフトサイズ<br><br><small>※数に限りがありますので、お早めに。＊1 潤いによる *2 キメの整った美しい肌 *3 ジメトキシトリルプロピルレゾルシノール：整肌成分 *4 2020年1月に報告された「日本における四半期毎の売上レポート 2019年第4四半期版 (Copyright © 2020 Beauté Research SARL)」 による、国内百貨店市場における2019年1月～12月までのマスカラ売上金額に基づく。クリニーク調べ。</small>","display_mode":null,"display_name":"イーブンベター セット (2021.01)","display_status":7,"finish":null,"form":null,"formula_type":null,"fragrance_family":null,"indexable_keywords":null,"is_hazmat":false,"is_product_coming_soon":null,"is_product_displayable":true,"is_product_searchable":true,"is_product_shoppable":true,"is_product_sold_out":null,"is_product_temporarily_out_of_stock":null,"is_search_suppressed":null,"key_ingredient":null,"media":{"large":null,"medium":null,"poster":null,"small":null,"videos":[{"position":null,"poster":{"height":null,"src":null,"width":null},"provider":"YouTube","src":null},{"position":null,"poster":{"height":null,"src":null,"width":null},"provider":"YouTube","src":null},{"position":null,"poster":{"height":null,"src":null,"width":null},"provider":"YouTube","src":null}],"xl":null},"meta":{"description":null,"keywords":null},"parent_category":[{"id":"16422","value":"セット＆ギフト"},{"id":"1585","value":"Gift Center"}],"product_badge":null,"product_id":"86060","product_title_tag":null,"product_type":"Sized","product_url":"/product/16422/86060/gift-center/-202101/even-better-set202101","reviews":{"average_rating":null,"number_of_questions":null,"number_of_reviews":null},"shade_groups":null,"short_description":"揺るぎない明るさと透明感*1。<br>“均一美肌”*2を叶える「ブライトニング美容液 セット」登場。<br><br>UP302*3（ブライトニング成分）配合で明るさと透明感*1に満ちた<br>“均一美肌”へと導く「ブライトニング 美容液」に、<br>人気の「クレンジング バーム」、「保湿ジェルクリーム」、<br>百貨店売上No.1*4「マスカラ」のギフトサイズがポーチにセットイン。<br><br>1月22日(金)〜オンライン先行数量限定発売<br>1月29日(金)〜全国数量限定発売<br><br>イーブン ベター ラディカル ブライト セラム セット<br>30mLセット 10,450円(本体9,500円)  / 50mLセット 15,950円(本体14,500円)<br><br>【セット内容】<br>◎イーブン ベター ラディカル ブライト セラム (美容液/現品) 30mL または 50mL<br>◯テイク ザ デイ オフ クレンジング バーム(クレンジング バーム) 15mL<br>◯モイスチャー サージ 72 ハイドレーター(保湿ジェルクリーム) 15mL<br>◯ラッシュ パワー マスカラ ロング ウェアリング フォーミュラ (マスカラ) #01 ブラック オニキス<br>※オリジナル ポーチ付き（横19cm X 高さ 9cm Xマチ 5cm）<br>◯はギフトサイズ<br><br><small>※数に限りがありますので、お早めに。＊1 潤いによる *2 キメの整った美しい肌 *3 ジメトキシトリルプロピルレゾルシノール：整肌成分 *4 2020年1月に報告された「日本における四半期毎の売上レポート 2019年第4四半期版 (Copyright © 2020 Beauté Research SARL)」 による、国内百貨店市場における2019年1月～12月までのマスカラ売上金額に基づく。クリニーク調べ。</small>","skin":null,"skin_goal":null,"skus":{"total":2,"items":[{"color_family":null,"coverage_options":null,"cross_sell":null,"display_status":7,"finish":null,"finish_options":null,"fragrances":[{"family":null,"key":null,"value":null}],"iln_listing":null,"iln_version_number":null,"inventory_status":"Active","is_active":true,"is_coming_soon":null,"is_default_sku":false,"is_discountable":true,"is_displayable":null,"is_engravable":null,"is_fragrance":null,"is_giftable":null,"is_giftwrap":false,"is_inactive":null,"is_multi_shaded":null,"is_out_of_stock":null,"is_preorder":false,"is_preorderable":null,"is_promotional":null,"is_replenishable":false,"is_search_suppressed":null,"is_searchable":true,"is_shaded":null,"is_sized":null,"is_sold_out":null,"is_under_weight_hazmat":false,"is_vto_enabled":null,"life_of_product":"Limited life","material_code":"CLJJ710000","media":{"large":[{"alt":"イーブンベター セット (2021.01)","height":1200,"position":0,"src":"/media/export/cms/products/1200x1500/cl_sku_CLJJ71_1200x1500_0.png","type":"image","width":1500}],"medium":[{"alt":"イーブンベター セット (2021.01)","height":600,"position":1,"src":"/media/export/cms/products/600x750/cl_sku_CLJJ71_600x750_0.png","type":"image","width":750}],"model":null,"poster":null,"small":[{"alt":"イーブンベター セット (2021.01)","height":1200,"position":2,"src":"/media/export/cms/products/1200x1500/cl_sku_CLJJ71_1200x1500_0.png","type":"image","width":1500}],"smoosh":null,"xl":null},"out_of_stock_threshold":null,"perlgem":{"SKU_BASE_ID":129784},"preorder_date":null,"prices":[{"currency":"JPY","exclude_tax":{"original_price":14500,"original_price_formatted":"¥14,500","price":14500,"price_formatted":"¥14,500","price_per_unit":null,"price_per_unit_formatted":null},"include_tax":{"original_price":15950,"original_price_formatted":"¥15,950","price":15950,"price_formatted":"¥15,950","price_per_unit":null,"price_per_unit_formatted":null},"is_discounted":false}],"purchase_limit":null,"replenishment":{"message":null},"reviews":{"average_rating":null,"number_of_questions":null,"number_of_reviews":null},"set_components":[{"product":{"display_name":"イーブン ベター ラディカル ブライト セラム - 50mL"},"quantity":1,"sku":{"shades":null,"sizes":[{"key":0,"value":"50mL"}],"sku_id":"KN0Y01"}},{"product":{"display_name":"イーブン ベター セット - "},"quantity":1,"sku":{"shades":null,"sizes":[{"key":0,"value":null}],"sku_id":"KRYNY0"}}],"shade_groups":null,"shades":null,"sizes":[{"key":1,"value":null}],"skin":{"tone":null,"type":null,"type_description":null},"sku_badge":null,"sku_badge_image":null,"sku_display_order":1,"sku_id":"CLJJ71","sku_promo_messaging":null,"sku_type":"SE","sku_url":null,"tags":{"total":2,"items":[{"id":"1685","key":"セットギフト","value":"セット＆ギフト"},{"id":"16422","key":"セットギフト","value":"セット＆ギフト"}]},"texture":null,"undertone":null,"unit_of_measure":null,"unit_size":null,"unit_size_formatted":null,"upc":"020714937571","vto":{"is_color_experience":null,"is_foundation_experience":null}},{"color_family":null,"coverage_options":null,"cross_sell":null,"display_status":7,"finish":null,"finish_options":null,"fragrances":[{"family":null,"key":null,"value":null}],"iln_listing":null,"iln_version_number":null,"inventory_status":"Active","is_active":true,"is_coming_soon":null,"is_default_sku":false,"is_discountable":true,"is_displayable":null,"is_engravable":null,"is_fragrance":null,"is_giftable":null,"is_giftwrap":false,"is_inactive":null,"is_multi_shaded":null,"is_out_of_stock":null,"is_preorder":false,"is_preorderable":null,"is_promotional":null,"is_replenishable":false,"is_search_suppressed":null,"is_searchable":true,"is_shaded":null,"is_sized":null,"is_sold_out":null,"is_under_weight_hazmat":false,"is_vto_enabled":null,"life_of_product":"Limited life","material_code":"CLJJ700000","media":{"large":[{"alt":"イーブンベター セット (2021.01)","height":1200,"position":0,"src":"/media/export/cms/products/1200x1500/cl_sku_CLJJ70_1200x1500_0.png","type":"image","width":1500}],"medium":[{"alt":"イーブンベター セット (2021.01)","height":600,"position":1,"src":"/media/export/cms/products/600x750/cl_sku_CLJJ70_600x750_0.png","type":"image","width":750}],"model":null,"poster":null,"small":[{"alt":"イーブンベター セット (2021.01)","height":1200,"position":2,"src":"/media/export/cms/products/1200x1500/cl_sku_CLJJ70_1200x1500_0.png","type":"image","width":1500}],"smoosh":null,"xl":null},"out_of_stock_threshold":null,"perlgem":{"SKU_BASE_ID":129783},"preorder_date":null,"prices":[{"currency":"JPY","exclude_tax":{"original_price":9500,"original_price_formatted":"¥9,500","price":9500,"price_formatted":"¥9,500","price_per_unit":null,"price_per_unit_formatted":null},"include_tax":{"original_price":10450,"original_price_formatted":"¥10,450","price":10450,"price_formatted":"¥10,450","price_per_unit":null,"price_per_unit_formatted":null},"is_discounted":false}],"purchase_limit":null,"replenishment":{"message":null},"reviews":{"average_rating":null,"number_of_questions":null,"number_of_reviews":null},"set_components":[{"product":{"display_name":"イーブン ベター ラディカル ブライト セラム - 30mL"},"quantity":1,"sku":{"shades":null,"sizes":[{"key":0,"value":"30mL"}],"sku_id":"KN0X01"}},{"product":{"display_name":"イーブン ベター セット - "},"quantity":1,"sku":{"shades":null,"sizes":[{"key":0,"value":null}],"sku_id":"KRYNY0"}}],"shade_groups":null,"shades":null,"sizes":[{"key":1,"value":null}],"skin":{"tone":null,"type":null,"type_description":null},"sku_badge":null,"sku_badge_image":null,"sku_display_order":1,"sku_id":"CLJJ70","sku_promo_messaging":null,"sku_type":"SE","sku_url":null,"tags":{"total":2,"items":[{"id":"1685","key":"セットギフト","value":"セット＆ギフト"},{"id":"16422","key":"セットギフト","value":"セット＆ギフト"}]},"texture":null,"undertone":null,"unit_of_measure":null,"unit_size":null,"unit_size_formatted":null,"upc":"020714937570","vto":{"is_color_experience":null,"is_foundation_experience":null}}]},"sub_display_name":"イーブンベター セット (2021.01)","sub_header":null,"tags":{"total":2,"items":[{"id":"1685","key":"セットギフト","parent_tag_id":"1684","product_display_order":6,"value":"セット＆ギフト"},{"id":"16422","key":"セットギフト","parent_tag_id":"1585","product_display_order":23,"value":"セット＆ギフト"}]},"usage":[{"content":null,"label":"PRODUCT USAGE","type":"product_usage"},{"content":null,"label":"HOW DOES IT WORK","type":"how_does_it_work"},{"content":null,"label":"WHO IT IS FOR","type":"who_it_is_for"},{"content":null,"label":"GREAT TO KNOW","type":"great_to_know"},{"content":null,"label":"WHAT_IT_DOES","type":"what_it_does"},{"content":null,"label":"WHAT_IT_IS","type":"what_it_is"}],"objectID":"86060"},{"benefit":{"statement":null,"benefits":null},"brand":null,"collection":null,"coverage":null,"cross_sell":null,"default_category":{"id":"16422","key":"セットギフト"},"description":"＼オンライン限定 Special Offer・集中ブライトニング セット／<br>Bloom Your Skin Clarity.<br>透明感、肌に咲かせて。<br><br>クリニーク自信のブライトニング 美容液。<br>50mLご購入で30mLも。数量限定セット。<br>紫外線が強まる季節は、<br>先進のブライトニング成分「UP302＊１」配合の「ブライトニング美容液」を。<br>「攻め」と「守り」2つのアプローチで、明るさと透明感に満ちた“均一美肌”*2へ。<br>50mLご購入で、同製品の30mLも。数量限定のセット。<br><br>3月12日(金)〜公式オンライン、一部百貨店オンラインにて数量限定発売<br>イーブン ベター ラディカル ブライト セラム Duo セット<br>15,400円(本体14,000円) <br><br>【セット内容】<br>◎イーブン ベター ラディカル ブライト セラム（美容液/現品）50mL /30mL<br><br><small>※潤いにより明るさと透明感を与えます。＊1 ジメトキシトリルプロピルレゾルシノール：整肌成分 ＊2 キメの整った美しい肌※表示価格は希望小売価格です。＊数に限りがありますので、なくなり次第終了とさせていただきます。</small>","display_mode":null,"display_name":"イーブン ベター ラディカル ブライト セラム Duo セット(2021.03)","display_status":7,"finish":null,"form":null,"formula_type":null,"fragrance_family":null,"indexable_keywords":null,"is_hazmat":false,"is_product_coming_soon":null,"is_product_displayable":true,"is_product_searchable":true,"is_product_shoppable":true,"is_product_sold_out":null,"is_product_temporarily_out_of_stock":null,"is_search_suppressed":null,"key_ingredient":null,"media":{"large":null,"medium":null,"poster":null,"small":null,"videos":[{"position":null,"poster":{"height":null,"src":null,"width":null},"provider":"YouTube","src":null},{"position":null,"poster":{"height":null,"src":null,"width":null},"provider":"YouTube","src":null},{"position":null,"poster":{"height":null,"src":null,"width":null},"provider":"YouTube","src":null}],"xl":null},"meta":{"description":null,"keywords":null},"parent_category":[{"id":"16422","value":"セット＆ギフト"},{"id":"1585","value":"Gift Center"}],"product_badge":null,"product_id":"87366","product_title_tag":null,"product_type":"Other","product_url":"/product/16422/87366/gift-center/--duo-202103/ebci-duo-set-202103","reviews":{"average_rating":null,"number_of_questions":null,"number_of_reviews":null},"shade_groups":null,"short_description":"＼オンライン限定 Special Offer・集中ブライトニング セット／<br>Bloom Your Skin Clarity.<br>透明感、肌に咲かせて。<br><br>クリニーク自信のブライトニング 美容液。<br>50mLご購入で30mLも。数量限定セット。<br>紫外線が強まる季節は、<br>先進のブライトニング成分「UP302＊１」配合の「ブライトニング美容液」を。<br>「攻め」と「守り」2つのアプローチで、明るさと透明感に満ちた“均一美肌”*2へ。<br>50mLご購入で、同製品の30mLも。数量限定のセット。<br><br>3月12日(金)〜公式オンライン、一部百貨店オンラインにて数量限定発売<br>イーブン ベター ラディカル ブライト セラム Duo セット<br>15,400円(本体14,000円) <br><br>【セット内容】<br>◎イーブン ベター ラディカル ブライト セラム（美容液/現品）50mL /30mL<br><br><small>※潤いにより明るさと透明感を与えます。＊1 ジメトキシトリルプロピルレゾルシノール：整肌成分 ＊2 キメの整った美しい肌※表示価格は希望小売価格です。＊数に限りがありますので、なくなり次第終了とさせていただきます。</small>","skin":null,"skin_goal":null,"skus":{"total":1,"items":[{"color_family":null,"coverage_options":null,"cross_sell":null,"display_status":7,"finish":null,"finish_options":null,"fragrances":[{"family":null,"key":null,"value":null}],"iln_listing":null,"iln_version_number":null,"inventory_status":"Active","is_active":true,"is_coming_soon":null,"is_default_sku":false,"is_discountable":false,"is_displayable":null,"is_engravable":null,"is_fragrance":null,"is_giftable":null,"is_giftwrap":false,"is_inactive":null,"is_multi_shaded":null,"is_out_of_stock":null,"is_preorder":false,"is_preorderable":null,"is_promotional":null,"is_replenishable":false,"is_search_suppressed":null,"is_searchable":true,"is_shaded":null,"is_sized":null,"is_sold_out":null,"is_under_weight_hazmat":false,"is_vto_enabled":null,"life_of_product":"Limited life","material_code":"CLJJ970000","media":{"large":[{"alt":"イーブン ベター ラディカル ブライト セラム Duo セット(2021.03)","height":1200,"position":0,"src":"/media/export/cms/products/1200x1500/cl_sku_CLJJ97_1200x1500_0.png","type":"image","width":1500}],"medium":[{"alt":"イーブン ベター ラディカル ブライト セラム Duo セット(2021.03)","height":600,"position":1,"src":"/media/export/cms/products/600x750/cl_sku_CLJJ97_600x750_0.png","type":"image","width":750}],"model":null,"poster":null,"small":[{"alt":"イーブン ベター ラディカル ブライト セラム Duo セット(2021.03)","height":1200,"position":2,"src":"/media/export/cms/products/1200x1500/cl_sku_CLJJ97_1200x1500_0.png","type":"image","width":1500}],"smoosh":null,"xl":null},"out_of_stock_threshold":null,"perlgem":{"SKU_BASE_ID":131756},"preorder_date":null,"prices":[{"currency":"JPY","exclude_tax":{"original_price":14000,"original_price_formatted":"¥14,000","price":14000,"price_formatted":"¥14,000","price_per_unit":null,"price_per_unit_formatted":null},"include_tax":{"original_price":15400,"original_price_formatted":"¥15,400","price":15400,"price_formatted":"¥15,400","price_per_unit":null,"price_per_unit_formatted":null},"is_discounted":false}],"purchase_limit":null,"replenishment":{"message":null},"reviews":{"average_rating":null,"number_of_questions":null,"number_of_reviews":null},"set_components":[{"product":{"display_name":"イーブン ベター ラディカル ブライト セラム - 50mL"},"quantity":1,"sku":{"shades":null,"sizes":[{"key":0,"value":"50mL"}],"sku_id":"KN0Y01"}},{"product":{"display_name":"EBCI 30mL Free Gift - "},"quantity":1,"sku":{"shades":null,"sizes":[{"key":0,"value":null}],"sku_id":"CLJJ77"}}],"shade_groups":null,"shades":null,"sizes":[{"key":1,"value":null}],"skin":{"tone":null,"type":null,"type_description":null},"sku_badge":null,"sku_badge_image":null,"sku_display_order":0,"sku_id":"CLJJ97","sku_promo_messaging":null,"sku_type":"SE","sku_url":null,"tags":{"total":2,"items":[{"id":"26882","key":"flash-sale-fy20-june","value":"Flash Sale FY20 June"},{"id":"16422","key":"セットギフト","value":"セット＆ギフト"}]},"texture":null,"undertone":null,"unit_of_measure":null,"unit_size":null,"unit_size_formatted":null,"upc":"020714937597","vto":{"is_color_experience":null,"is_foundation_experience":null}}]},"sub_display_name":"イーブン ベター ラディカル ブライト セラム Duo セット(2021.03)","sub_header":null,"tags":{"total":2,"items":[{"id":"26882","key":"flash-sale-fy20-june","parent_tag_id":"1590","product_display_order":0,"value":"Flash Sale FY20 June"},{"id":"16422","key":"セットギフト","parent_tag_id":"1585","product_display_order":2,"value":"セット＆ギフト"}]},"usage":[{"content":null,"label":"PRODUCT USAGE","type":"product_usage"},{"content":null,"label":"HOW DOES IT WORK","type":"how_does_it_work"},{"content":null,"label":"WHO IT IS FOR","type":"who_it_is_for"},{"content":null,"label":"GREAT TO KNOW","type":"great_to_know"},{"content":null,"label":"WHAT_IT_DOES","type":"what_it_does"},{"content":null,"label":"WHAT_IT_IS","type":"what_it_is"}],"objectID":"87366"},{"benefit":{"statement":null,"benefits":null},"brand":null,"collection":null,"coverage":null,"cross_sell":null,"default_category":{"id":"16422","key":"セットギフト"},"description":"＼いち早く、潤い満ちる体験を！／<br>クリニーク独自の「アロエ発酵テクノロジー」を搭載した<br>新・保湿ジェルクリームを発売に先駆けて試せる<br>潤いのスペシャリスト セット。<br><br>より深く＊１、みずみずしく潤いつづく、発売前の「新・保湿ジェルクリーム」と、<br>乳酸菌＊2のチカラで肌に潤いを与える「保湿化粧水」がセットに。<br>まるでピンクのオアシスに肌も心も満たされるように。<br>ダブル使いで、みずみずしくきれいが満ちる肌へ。<br><br>3 月5 日(金)～公式オンライン限定発売<br>クリニーク モイスチャー スキン サンプル セット 550 円(本体500 円)<br><br>【セット内容】<br>○モイスチャー サージ ジェルクリーム 100H (保湿ジェルクリーム) 5mL<br>○モイスチャー サージ ハイドレーティング ローション (保湿化粧水) 7mL<br><small>＊１浸透は角質層まで ＊2 乳酸桿菌発酵液<small><br><small>※数に限りがありますので、お早めに。 ※表示価格は希望小売価格です<small>","display_mode":null,"display_name":"Clinique Moisture Skin Sample Set(local set)","display_status":3,"finish":null,"form":null,"formula_type":null,"fragrance_family":null,"indexable_keywords":null,"is_hazmat":false,"is_product_coming_soon":null,"is_product_displayable":true,"is_product_searchable":true,"is_product_shoppable":true,"is_product_sold_out":null,"is_product_temporarily_out_of_stock":null,"is_search_suppressed":null,"key_ingredient":null,"media":{"large":null,"medium":null,"poster":null,"small":null,"videos":[{"position":null,"poster":{"height":null,"src":null,"width":null},"provider":"YouTube","src":null},{"position":null,"poster":{"height":null,"src":null,"width":null},"provider":"YouTube","src":null},{"position":null,"poster":{"height":null,"src":null,"width":null},"provider":"YouTube","src":null}],"xl":null},"meta":{"description":null,"keywords":null},"parent_category":[{"id":"16422","value":"セット＆ギフト"},{"id":"1585","value":"Gift Center"}],"product_badge":null,"product_id":"87904","product_title_tag":null,"product_type":"Other","product_url":"/product/16422/87904/gift-center/clinique-moisture-skin-sample-setlocal-set","reviews":{"average_rating":null,"number_of_questions":null,"number_of_reviews":null},"shade_groups":null,"short_description":"＼いち早く、潤い満ちる体験を！／<br>クリニーク独自の「アロエ発酵テクノロジー」を搭載した<br>新・保湿ジェルクリームを発売に先駆けて試せる<br>潤いのスペシャリスト セット。<br><br>より深く＊１、みずみずしく潤いつづく、発売前の「新・保湿ジェルクリーム」と、<br>乳酸菌＊2のチカラで肌に潤いを与える「保湿化粧水」がセットに。<br>まるでピンクのオアシスに肌も心も満たされるように。<br>ダブル使いで、みずみずしくきれいが満ちる肌へ。<br><br>3 月5 日(金)～公式オンライン限定発売<br>クリニーク モイスチャー スキン サンプル セット 550 円(本体500 円)<br><br>【セット内容】<br>○モイスチャー サージ ジェルクリーム 100H (保湿ジェルクリーム) 5mL<br>○モイスチャー サージ ハイドレーティング ローション (保湿化粧水) 7mL<br><small>＊１浸透は角質層まで ＊2 乳酸桿菌発酵液<small><br><small>※数に限りがありますので、お早めに。 ※表示価格は希望小売価格です<small>","skin":null,"skin_goal":null,"skus":{"total":1,"items":[{"color_family":null,"coverage_options":null,"cross_sell":null,"display_status":3,"finish":null,"finish_options":null,"fragrances":[{"family":null,"key":null,"value":null}],"iln_listing":null,"iln_version_number":null,"inventory_status":"Active","is_active":true,"is_coming_soon":null,"is_default_sku":false,"is_discountable":true,"is_displayable":null,"is_engravable":null,"is_fragrance":null,"is_giftable":null,"is_giftwrap":false,"is_inactive":null,"is_multi_shaded":null,"is_out_of_stock":null,"is_preorder":false,"is_preorderable":null,"is_promotional":null,"is_replenishable":false,"is_search_suppressed":null,"is_searchable":true,"is_shaded":null,"is_sized":null,"is_sold_out":null,"is_under_weight_hazmat":false,"is_vto_enabled":null,"life_of_product":"Limited life","material_code":"V4TH017000","media":{"large":[{"alt":"Clinique Moisture Skin Sample Set(local set)","height":1200,"position":0,"src":"/media/export/cms/products/1200x1500/cl_sku_V4TH01_1200x1500_0.png","type":"image","width":1500}],"medium":[{"alt":"Clinique Moisture Skin Sample Set(local set)","height":600,"position":1,"src":"/media/export/cms/products/600x750/cl_sku_V4TH01_600x750_0.png","type":"image","width":750}],"model":null,"poster":null,"small":[{"alt":"Clinique Moisture Skin Sample Set(local set)","height":1200,"position":2,"src":"/media/export/cms/products/1200x1500/cl_sku_V4TH01_1200x1500_0.png","type":"image","width":1500}],"smoosh":null,"xl":null},"out_of_stock_threshold":null,"perlgem":{"SKU_BASE_ID":132607},"preorder_date":null,"prices":[{"currency":"JPY","exclude_tax":{"original_price":500,"original_price_formatted":"¥500","price":500,"price_formatted":"¥500","price_per_unit":null,"price_per_unit_formatted":""},"include_tax":{"original_price":550,"original_price_formatted":"¥550","price":550,"price_formatted":"¥550","price_per_unit":null,"price_per_unit_formatted":""},"is_discounted":false}],"purchase_limit":null,"replenishment":{"message":null},"reviews":{"average_rating":null,"number_of_questions":null,"number_of_reviews":null},"set_components":null,"shade_groups":null,"shades":null,"sizes":[{"key":1,"value":"5mL"}],"skin":{"tone":null,"type":null,"type_description":null},"sku_badge":null,"sku_badge_image":null,"sku_display_order":0,"sku_id":"V4TH01","sku_promo_messaging":null,"sku_type":"SE","sku_url":null,"tags":{"total":2,"items":[{"id":"16422","key":"セットギフト","value":"セット＆ギフト"},{"id":"1667","key":"スキンケア","value":"スキンケア"}]},"texture":null,"undertone":null,"unit_of_measure":null,"unit_size":null,"unit_size_formatted":null,"upc":"192333130353","vto":{"is_color_experience":null,"is_foundation_experience":null}}]},"sub_display_name":"クリニーク モイスチャー スキン サンプル セット","sub_header":null,"tags":{"total":2,"items":[{"id":"16422","key":"セットギフト","parent_tag_id":"1585","product_display_order":4,"value":"セット＆ギフト"},{"id":"1667","key":"スキンケア","parent_tag_id":null,"product_display_order":0,"value":"スキンケア"}]},"usage":[{"content":null,"label":"PRODUCT USAGE","type":"product_usage"},{"content":null,"label":"HOW DOES IT WORK","type":"how_does_it_work"},{"content":null,"label":"WHO IT IS FOR","type":"who_it_is_for"},{"content":null,"label":"GREAT TO KNOW","type":"great_to_know"},{"content":null,"label":"WHAT_IT_DOES","type":"what_it_does"},{"content":null,"label":"WHAT_IT_IS","type":"what_it_is"}],"objectID":"87904"},{"benefit":{"statement":null,"benefits":null},"brand":null,"collection":null,"coverage":null,"cross_sell":[{"sku_id":"6LKH01","sort_key":1},{"sku_id":"6KAK01","sort_key":2},{"sku_id":"7AY301","sort_key":3},{"sku_id":"7AY401","sort_key":4},{"sku_id":"7F1C01","sort_key":5},{"sku_id":"71PN01","sort_key":6}],"default_category":{"id":"1683","key":"アイ-リップ-ケア"},"description":"クールな感触で目もとをすっきりとリフレッシュするロールオン タイプの目もと用美容液。独自設計の優しいマッサージ ローラーで、乾燥しがちな目元をすっきり心地よく潤します。アイ クリームの重ね付けや、メークの上からもご使用いただけます。<BR>オール スキンタイプ","display_mode":null,"display_name":"オール アバウト アイ セラム","display_status":7,"finish":null,"form":null,"formula_type":null,"fragrance_family":null,"indexable_keywords":[{"value":"トリートメント"},{"value":"スキンケア"},{"value":"skincare"},{"value":"skin care"},{"value":"潤いケア"},{"value":"モイスチャライザー"},{"value":"保湿"},{"value":"保湿ケア"},{"value":"アイケア"},{"value":"アイクリーム"},{"value":"アイ"},{"value":"乾燥"},{"value":"むくみ"},{"value":"うるおいケア"},{"value":"オールアバウトアイセラム"},{"value":"アイセラム"},{"value":"ｵｰﾙｱﾊﾞｳﾄ"}],"is_hazmat":false,"is_product_coming_soon":null,"is_product_displayable":true,"is_product_searchable":true,"is_product_shoppable":true,"is_product_sold_out":null,"is_product_temporarily_out_of_stock":null,"is_search_suppressed":null,"key_ingredient":null,"media":{"large":null,"medium":null,"poster":null,"small":null,"videos":[{"position":null,"poster":{"height":null,"src":null,"width":null},"provider":null,"src":null},{"position":null,"poster":{"height":null,"src":null,"width":null},"provider":null,"src":null},{"position":null,"poster":{"height":null,"src":null,"width":null},"provider":null,"src":null}],"xl":null},"meta":{"description":null,"keywords":null},"parent_category":[{"id":"1683","value":"アイ & リップ ケア"},{"id":"1667","value":"スキンケア"}],"product_badge":null,"product_id":"9423","product_title_tag":null,"product_type":"Sized","product_url":"/product/1683/9423/-/-/all-about-eyes-serum","reviews":{"average_rating":null,"number_of_questions":null,"number_of_reviews":null},"shade_groups":null,"short_description":"クールな感触で目もとをすっきりとリフレッシュするロールオン タイプの目もと用美容液。独自設計の優しいマッサージ ローラーで、乾燥しがちな目元をすっきり心地よく潤します。アイ クリームの重ね付けや、メークの上からもご使用いただけます。<BR>オール スキンタイプ","skin":null,"skin_goal":null,"skus":{"total":1,"items":[{"color_family":null,"coverage_options":null,"cross_sell":null,"display_status":7,"finish":null,"finish_options":null,"fragrances":[{"family":null,"key":null,"value":null}],"iln_listing":"水・ＢＧ・グリセリン・酵母エキス・ビオサッカリドガム－１・パンテノール・カフェイン・キサンタンガム・カプリリルグリコール・ポリアクリルアミド・（Ｃ１３，１４）イソパラフィン・ＥＤＴＡ－２Ｎａ・ヘキシレングリコール・ラウレス－７・ヒアルロン酸Ｎａ・バクガ液汁・酸化チタン・マイカ・イタドリ根エキス・リノール酸・ブドウ種子エキス・ローズマリー葉エキス・イワヒバエキス・グリシン・ホップエキス・カルボマー・ノルジヒドログアイアレチン酸・ザクロ果汁エキス・マンダリンオレンジ果皮エキス・シクロデキストリン・ヒドロキシプロリン・プロリン・アクリレーツコポリマー・シメチコン・リノレン酸・エチルビスイミノメチルグアヤコールマンガンクロリド・フェノキシエタノール<JILN4984>","iln_version_number":"JILN4984","inventory_status":"Active","is_active":true,"is_coming_soon":null,"is_default_sku":false,"is_discountable":true,"is_displayable":null,"is_engravable":null,"is_fragrance":null,"is_giftable":null,"is_giftwrap":false,"is_inactive":null,"is_multi_shaded":null,"is_out_of_stock":null,"is_preorder":false,"is_preorderable":null,"is_promotional":null,"is_replenishable":false,"is_search_suppressed":null,"is_searchable":true,"is_shaded":null,"is_sized":null,"is_sold_out":null,"is_under_weight_hazmat":false,"is_vto_enabled":null,"life_of_product":"Basic Reorder","material_code":"71JL010000","media":{"large":[{"alt":"オール アバウト アイ セラム","height":1200,"position":0,"src":"/media/export/cms/products/1200x1500/cl_sku_71JL01_1200x1500_0.png","type":"image","width":1500}],"medium":[{"alt":"オール アバウト アイ セラム","height":600,"position":1,"src":"/media/export/cms/products/600x750/cl_sku_71JL01_600x750_0.png","type":"image","width":750}],"model":null,"poster":null,"small":[{"alt":"オール アバウト アイ セラム","height":1200,"position":2,"src":"/media/export/cms/products/1200x1500/cl_sku_71JL01_1200x1500_0.png","type":"image","width":1500}],"smoosh":null,"xl":null},"out_of_stock_threshold":null,"perlgem":{"SKU_BASE_ID":20317},"preorder_date":null,"prices":[{"currency":"JPY","exclude_tax":{"original_price":4200,"original_price_formatted":"¥4,200","price":4200,"price_formatted":"¥4,200","price_per_unit":null,"price_per_unit_formatted":""},"include_tax":{"original_price":4620,"original_price_formatted":"¥4,620","price":4620,"price_formatted":"¥4,620","price_per_unit":null,"price_per_unit_formatted":""},"is_discounted":false}],"purchase_limit":null,"replenishment":{"message":"Never run low on your favourites. Sign up for Auto-Ship. Learn more >"},"reviews":{"average_rating":null,"number_of_questions":null,"number_of_reviews":null},"set_components":null,"shade_groups":null,"shades":null,"sizes":[{"key":1,"value":"15mL"}],"skin":{"tone":null,"type":null,"type_description":null},"sku_badge":null,"sku_badge_image":null,"sku_display_order":0,"sku_id":"71JL01","sku_promo_messaging":null,"sku_type":"SE","sku_url":null,"tags":{"total":5,"items":[{"id":"14706","key":"スペシャルケア","value":"スペシャルケア"},{"id":"13051","key":"スキンケア-ベストセラー","value":"スキンケア ベストセラー"},{"id":"13659","key":"トライアルサイズ","value":"トライアルサイズ"},{"id":"1683","key":"アイ-リップ-ケア","value":"アイ & リップ ケア"},{"id":"13304","key":"スペシャルケア","value":"スペシャルケア"}]},"texture":null,"undertone":null,"unit_of_measure":null,"unit_size":null,"unit_size_formatted":null,"upc":"020714426774","vto":{"is_color_experience":null,"is_foundation_experience":null}}]},"sub_display_name":"オール アバウト アイ セラム","sub_header":null,"tags":{"total":5,"items":[{"id":"14706","key":"スペシャルケア","parent_tag_id":"1667","product_display_order":26,"value":"スペシャルケア"},{"id":"13051","key":"スキンケア-ベストセラー","parent_tag_id":"1667","product_display_order":35,"value":"スキンケア ベストセラー"},{"id":"13659","key":"トライアルサイズ","parent_tag_id":"1667","product_display_order":13,"value":"トライアルサイズ"},{"id":"1683","key":"アイ-リップ-ケア","parent_tag_id":"1667","product_display_order":19,"value":"アイ & リップ ケア"},{"id":"13304","key":"スペシャルケア","parent_tag_id":"1667","product_display_order":47,"value":"スペシャルケア"}]},"usage":[{"content":"朝夜のスキンケア時、および日中必要なときいつでもご使用いただけます。目の下の内側から外側に向かって2回ほど、優しくローラーを転がして美容液を適量塗布し、指で軽くなじませてください。ご使用後は、ローラーについた余分な美容液を拭き取り、キャップをしっかり閉めてください。","label":"PRODUCT USAGE","type":"product_usage"},{"content":null,"label":"HOW DOES IT WORK","type":"how_does_it_work"},{"content":null,"label":"WHO IT IS FOR","type":"who_it_is_for"},{"content":null,"label":"GREAT TO KNOW","type":"great_to_know"},{"content":null,"label":"WHAT_IT_DOES","type":"what_it_does"},{"content":null,"label":"WHAT_IT_IS","type":"what_it_is"}],"objectID":"9423"}]