[{"benefit":{"statement":null,"benefits":null},"brand":null,"collection":null,"coverage":null,"cross_sell":[{"sku_id":"62A401","sort_key":1},{"sku_id":"749K01","sort_key":2},{"sku_id":"68A001","sort_key":3},{"sku_id":"791P01","sort_key":4},{"sku_id":"6F0K01","sort_key":5},{"sku_id":"6F3701","sort_key":6}],"default_category":{"id":"1597","key":"eyeliner"},"description":"<P>İncecik göz kalemi çekip çarpıcı bakışlara sahip olmak için artık usta olmanıza gerek yok. Likit eyeliner etkisini tek bir dokunuşta yaratabilirsiniz.Yumuşak ipeksi formülü göz kapağında kayarcasına kolay bir kullanım sağlar. Tüm gün kalıcıdır. Ucunu kalemtıraş ile açmanıza gerek yoktur. Kalemin diğer ucundaki sünger başlığı ile dumanlı gözler yaratabilirsiniz.<BR><BR>Hijyenik sebeplerden dolayı ucunu açtıktan sonra asansör geriye doğru çevirilememektedir.</P>","display_mode":null,"display_name":"Quickliner For Eyes Intense Göz Kalemi","display_status":7,"finish":null,"form":null,"formula_type":null,"fragrance_family":null,"indexable_keywords":[{"value":"eyeliner"},{"value":" göz"},{"value":" intense quickliner"},{"value":" yeni eyeliner"}],"is_hazmat":false,"is_product_coming_soon":null,"is_product_displayable":true,"is_product_searchable":true,"is_product_shoppable":true,"is_product_sold_out":null,"is_product_temporarily_out_of_stock":null,"is_search_suppressed":null,"key_ingredient":null,"media":{"large":null,"medium":null,"poster":null,"small":null,"videos":[{"position":null,"poster":{"height":null,"src":null,"width":null},"provider":null,"src":null},{"position":null,"poster":{"height":null,"src":null,"width":null},"provider":null,"src":null},{"position":null,"poster":{"height":null,"src":null,"width":null},"provider":null,"src":null}],"xl":null},"meta":{"description":null,"keywords":"Eyeliner,Eye,Intense Quickliner,New Eyeliner"},"parent_category":[{"id":"1597","value":"EYELINER "},{"id":"1592","value":"MAKYAJ"}],"product_badge":null,"product_id":"12313","product_title_tag":null,"product_type":"Shaded","product_url":"/product/1597/12313/makyaj/eyeliner/quickliner-for-eyes-intense-goz-kalemi","reviews":{"average_rating":3.5,"number_of_questions":null,"number_of_reviews":16},"shade_groups":null,"short_description":"Likit eye liner etkisini tek bir dokunuşta yaratın.","skin":null,"skin_goal":null,"skus":{"total":1,"items":[{"color_family":null,"coverage_options":null,"cross_sell":null,"display_status":7,"finish":null,"finish_options":null,"fragrances":[{"family":null,"key":null,"value":null}],"iln_listing":null,"iln_version_number":null,"inventory_status":"Active","is_active":true,"is_coming_soon":null,"is_default_sku":false,"is_discountable":true,"is_displayable":null,"is_engravable":null,"is_fragrance":null,"is_giftable":null,"is_giftwrap":false,"is_inactive":null,"is_multi_shaded":null,"is_out_of_stock":null,"is_preorder":false,"is_preorderable":null,"is_promotional":null,"is_replenishable":false,"is_search_suppressed":null,"is_searchable":true,"is_shaded":null,"is_sized":null,"is_sold_out":null,"is_under_weight_hazmat":false,"is_vto_enabled":null,"life_of_product":"Basic Reorder","material_code":"75X3030001","media":{"large":[{"alt":"Quickliner For Eyes Intense Göz Kalemi","height":1200,"position":1,"src":"/media/export/cms/products/1200x1500/cl_sku_75X303_1200x1500_0.png","type":"image","width":1500}],"medium":[{"alt":"Quickliner For Eyes Intense Göz Kalemi","height":600,"position":2,"src":"/media/export/cms/products/600x750/cl_sku_75X303_600x750_0.png","type":"image","width":750}],"model":null,"poster":null,"small":[{"alt":"Quickliner For Eyes Intense Göz Kalemi","height":1200,"position":3,"src":"/media/export/cms/products/1200x1500/cl_sku_75X303_1200x1500_0.png","type":"image","width":1500}],"smoosh":[{"alt":"Quickliner For Eyes Intense Göz Kalemi","height":1200,"position":0,"src":"/media/export/cms/products/1200x1500/swatches_v3/53_ns_ng.png","type":"image","width":1500}],"xl":null},"out_of_stock_threshold":null,"perlgem":{"SKU_BASE_ID":25009},"preorder_date":null,"prices":[{"currency":"TRY","exclude_tax":{"original_price":199,"original_price_formatted":"199.00 TL","price":199,"price_formatted":"199.00 TL","price_per_unit":7107.14,"price_per_unit_formatted":"7107.14 TL / 10g"},"include_tax":{"original_price":199,"original_price_formatted":"199.00 TL","price":199,"price_formatted":"199.00 TL","price_per_unit":7107.14,"price_per_unit_formatted":"7107.14 TL / 10g"},"is_discounted":false}],"purchase_limit":null,"replenishment":{"message":"Never run low on your favourites. Sign up for Auto-Ship. Learn more >"},"reviews":{"average_rating":null,"number_of_questions":null,"number_of_reviews":null},"set_components":null,"shade_groups":null,"shades":[{"description":"","hex_val":"#412727","image":{"height":null,"src":"","width":null},"name":"Intense Chocolate","smoosh_design":{"group_id":null,"name":"53::none::none"}}],"sizes":[{"key":1,"value":null}],"skin":{"tone":null,"type":null,"type_description":null},"sku_badge":null,"sku_badge_image":null,"sku_display_order":0,"sku_id":"75X303","sku_promo_messaging":null,"sku_type":"SE","sku_url":null,"tags":{"total":14,"items":[{"id":"9427","key":"whatsnew","value":"what'snew"},{"id":"12537","key":"çok-satan-makyaj-ürünleri̇","value":"ÇOK SATAN MAKYAJ ÜRÜNLERİ"},{"id":"25565","key":"justarrivednew","value":"justarrivednew"},{"id":"9424","key":"discovery-box","value":"Discovery Box"},{"id":"27174","key":"day7flashsale","value":"Day7FlashSale"},{"id":"1575","key":"en-çok-satanlar","value":"En Çok Satanlar"},{"id":"1597","key":"eyeliner","value":"EYELINER "},{"id":"27171","key":"day4flashsale","value":"Day4FlashSale"},{"id":"27172","key":"day5flashsale","value":"Day5FlashSale"},{"id":"10589","key":"offers-lp","value":"Offers LP"},{"id":"1592","key":"makyaj","value":"MAKYAJ"},{"id":"13562","key":"yeni̇-yil-makyaj","value":"YENİ YIL MAKYAJ"},{"id":"13770","key":"recommended-clinique-favourites","value":"Recommended Clinique Favourites"},{"id":"4323","key":"yeni̇-ürünler","value":"YENİ ÜRÜNLER"}]},"texture":null,"undertone":null,"unit_of_measure":"g","unit_size":10,"unit_size_formatted":"10g","upc":"020714456504","vto":{"is_color_experience":null,"is_foundation_experience":null}}]},"sub_display_name":null,"sub_header":null,"tags":{"total":15,"items":[{"id":"9427","key":"whatsnew","parent_tag_id":"9420","product_display_order":0,"value":"what'snew"},{"id":"12537","key":"çok-satan-makyaj-ürünleri̇","parent_tag_id":"1592","product_display_order":10,"value":"ÇOK SATAN MAKYAJ ÜRÜNLERİ"},{"id":"25565","key":"justarrivednew","parent_tag_id":null,"product_display_order":5,"value":"justarrivednew"},{"id":"9424","key":"discovery-box","parent_tag_id":"9420","product_display_order":1,"value":"Discovery Box"},{"id":"27174","key":"day7flashsale","parent_tag_id":"1590","product_display_order":0,"value":"Day7FlashSale"},{"id":"1575","key":"en-çok-satanlar","parent_tag_id":null,"product_display_order":100,"value":"En Çok Satanlar"},{"id":"1597","key":"eyeliner","parent_tag_id":"1592","product_display_order":0,"value":"EYELINER "},{"id":"27171","key":"day4flashsale","parent_tag_id":"1590","product_display_order":10,"value":"Day4FlashSale"},{"id":"27172","key":"day5flashsale","parent_tag_id":"1590","product_display_order":0,"value":"Day5FlashSale"},{"id":"10589","key":"offers-lp","parent_tag_id":null,"product_display_order":1,"value":"Offers LP"},{"id":"1592","key":"makyaj","parent_tag_id":null,"product_display_order":97,"value":"MAKYAJ"},{"id":"1602","key":"hedi̇yeler-setler","parent_tag_id":"1600","product_display_order":64,"value":"HEDİYELER & SETLER"},{"id":"13562","key":"yeni̇-yil-makyaj","parent_tag_id":"13561","product_display_order":18,"value":"YENİ YIL MAKYAJ"},{"id":"13770","key":"recommended-clinique-favourites","parent_tag_id":null,"product_display_order":17,"value":"Recommended Clinique Favourites"},{"id":"4323","key":"yeni̇-ürünler","parent_tag_id":null,"product_display_order":345,"value":"YENİ ÜRÜNLER"}]},"usage":[{"content":"<ul><li>Ucunu hafifçe çıkartıp, çizgi çekiniz. <br></li><li>Diğer ucundaki sünger başlığı ile buğulu etkiyi yaratabilirsiniz. <br></li><li>Rengin oturması için, sürdükten sonra 60 saniye bekleyiniz. <br></li><li>Yumuşak formülünü koruması için kapağını kapatınız. <br></li><li>Tek başına veya göz farının üzerine uygulayınız. <br></li><li>Favori Clinique <a href=\"/product/1673/5380/Skincare/Cleansers_Makeup_Removers/Take-The-Day-Off-Gz-ve-Dudak-Makyaj-Temizleyicisi/index.tmpl\">makyaj temizleyicisi</a> ile temizleyin.</li></ul>","label":"PRODUCT USAGE","type":"product_usage"},{"content":null,"label":"HOW DOES IT WORK","type":"how_does_it_work"},{"content":null,"label":"WHO IT IS FOR","type":"who_it_is_for"},{"content":null,"label":"GREAT TO KNOW","type":"great_to_know"},{"content":null,"label":"WHAT_IT_DOES","type":"what_it_does"},{"content":"<P>İncecik göz kalemi çekip çarpıcı bakışlara sahip olmak için artık usta olmanıza gerek yok. Likit eyeliner etkisini tek bir dokunuşta yaratabilirsiniz.Yumuşak ipeksi formülü göz kapağında kayarcasına kolay bir kullanım sağlar. Tüm gün kalıcıdır. Ucunu kalemtıraş ile açmanıza gerek yoktur. Kalemin diğer ucundaki sünger başlığı ile dumanlı gözler yaratabilirsiniz.<BR><BR>Hijyenik sebeplerden dolayı ucunu açtıktan sonra asansör geriye doğru çevirilememektedir.</P>","label":"WHAT_IT_IS","type":"what_it_is"}],"objectID":"12313"},{"benefit":{"statement":null,"benefits":null},"brand":null,"collection":null,"coverage":null,"cross_sell":[{"sku_id":"6F3701","sort_key":1},{"sku_id":"68LE01","sort_key":2},{"sku_id":null,"sort_key":3},{"sku_id":"76WY01","sort_key":4},{"sku_id":"6EM601","sort_key":5},{"sku_id":"7AY301","sort_key":6}],"default_category":{"id":"23297","key":"toni̇k-losyon"},"description":"Dermatologlar tarafından geliştirilen formülüyle yağ fazlalığının yok edilmesine yardımcı olur. Cilt kirliliği ve yağı nedeniyle oluşabilecek sivilcelerin önlenmesine katkıda bulunur.<BR>Gözenek görünümünün azalmasına katkıda bulunur.","display_mode":null,"display_name":"Clarifying Lotion Kuru Cilt İçin Arındırıcı Losyon Tonik 1","display_status":7,"finish":null,"form":null,"formula_type":null,"fragrance_family":null,"indexable_keywords":null,"is_hazmat":true,"is_product_coming_soon":null,"is_product_displayable":true,"is_product_searchable":true,"is_product_shoppable":true,"is_product_sold_out":null,"is_product_temporarily_out_of_stock":null,"is_search_suppressed":null,"key_ingredient":null,"media":{"large":[{"alt":"Clarifying Lotion Kuru Cilt İçin Arındırıcı Losyon Tonik 1","height":1200,"position":0,"src":"/media/export/cms/products/1200x1500/cl_prod_15501_1200x1500_0.png","type":"image","width":1500},{"alt":"Clarifying Lotion Kuru Cilt İçin Arındırıcı Losyon Tonik 1","height":1200,"position":1,"src":"/media/export/cms/products/1200x1500/cl_prod_15501_1200x1500_1.png","type":"image","width":1500}],"medium":null,"poster":null,"small":[{"alt":"Clarifying Lotion Kuru Cilt İçin Arındırıcı Losyon Tonik 1","height":1200,"position":2,"src":"/media/export/cms/products/1200x1500/cl_prod_15501_1200x1500_0.png","type":"image","width":1500},{"alt":"Clarifying Lotion Kuru Cilt İçin Arındırıcı Losyon Tonik 1","height":1200,"position":3,"src":"/media/export/cms/products/1200x1500/cl_prod_15501_1200x1500_1.png","type":"image","width":1500}],"videos":[{"position":null,"poster":{"height":null,"src":null,"width":null},"provider":null,"src":null},{"position":null,"poster":{"height":null,"src":null,"width":null},"provider":null,"src":null},{"position":null,"poster":{"height":null,"src":null,"width":null},"provider":null,"src":null}],"xl":null},"meta":{"description":null,"keywords":"toner"},"parent_category":[{"id":"23297","value":"TONİK LOSYON"},{"id":"1667","value":"CİLT BAKIMI"}],"product_badge":null,"product_id":"15501","product_title_tag":null,"product_type":"Sized","product_url":"/product/23297/15501/cilt-bakimi/tonik-losyon/clarifying-lotion-kuru-cilt-icin-arndrc-losyon-tonik-1","reviews":{"average_rating":4,"number_of_questions":null,"number_of_reviews":29},"shade_groups":null,"short_description":"Dermatologlar tarafından geliştirilen rındırıcı yüz temizleme losyon tonik, cildi daha pürüzsüz ve ışıltılı yapmak için arındırır","skin":null,"skin_goal":null,"skus":{"total":2,"items":[{"color_family":null,"coverage_options":null,"cross_sell":null,"display_status":7,"finish":null,"finish_options":null,"fragrances":[{"family":null,"key":null,"value":null}],"iln_listing":null,"iln_version_number":null,"inventory_status":"Active","is_active":true,"is_coming_soon":null,"is_default_sku":false,"is_discountable":true,"is_displayable":null,"is_engravable":null,"is_fragrance":null,"is_giftable":null,"is_giftwrap":false,"is_inactive":null,"is_multi_shaded":null,"is_out_of_stock":null,"is_preorder":false,"is_preorderable":null,"is_promotional":null,"is_replenishable":false,"is_search_suppressed":null,"is_searchable":true,"is_shaded":null,"is_sized":null,"is_sold_out":null,"is_under_weight_hazmat":null,"is_vto_enabled":null,"life_of_product":"Basic Reorder","material_code":"76X2010000","media":{"large":[{"alt":"Clarifying Lotion Kuru Cilt İçin Arındırıcı Losyon Tonik 1","height":1200,"position":0,"src":"/media/export/cms/products/1200x1500/cl_sku_76X201_1200x1500_0.png","type":"image","width":1500}],"medium":[{"alt":"Clarifying Lotion Kuru Cilt İçin Arındırıcı Losyon Tonik 1","height":600,"position":1,"src":"/media/export/cms/products/600x750/cl_sku_76X201_600x750_0.png","type":"image","width":750}],"model":null,"poster":null,"small":[{"alt":"Clarifying Lotion Kuru Cilt İçin Arındırıcı Losyon Tonik 1","height":1200,"position":2,"src":"/media/export/cms/products/1200x1500/cl_sku_76X201_1200x1500_0.png","type":"image","width":1500}],"smoosh":null,"xl":null},"out_of_stock_threshold":null,"perlgem":{"SKU_BASE_ID":31720},"preorder_date":null,"prices":[{"currency":"TRY","exclude_tax":{"original_price":195,"original_price_formatted":"195.00 TL","price":195,"price_formatted":"195.00 TL","price_per_unit":null,"price_per_unit_formatted":""},"include_tax":{"original_price":195,"original_price_formatted":"195.00 TL","price":195,"price_formatted":"195.00 TL","price_per_unit":null,"price_per_unit_formatted":""},"is_discounted":false}],"purchase_limit":null,"replenishment":{"message":"Recommended Auto-Ship cycle: 6 weeks  Learn more >"},"reviews":{"average_rating":null,"number_of_questions":null,"number_of_reviews":null},"set_components":null,"shade_groups":null,"shades":null,"sizes":[{"key":1,"value":"200 ml"}],"skin":{"tone":null,"type":[{"key":"very-dry-skintype","value":"very_dry_skintype"},{"key":"dry-skintype","value":"dry_skintype"}],"type_description":null},"sku_badge":null,"sku_badge_image":null,"sku_display_order":1,"sku_id":"76X201","sku_promo_messaging":null,"sku_type":"SE","sku_url":null,"tags":{"total":13,"items":[{"id":"27174","key":"day7flashsale","value":"Day7FlashSale"},{"id":"10589","key":"offers-lp","value":"Offers LP"},{"id":"13563","key":"yeni̇-yil-ci̇lt-bakimi","value":"YENİ YIL CİLT BAKIMI"},{"id":"12517","key":"yağsiz-ci̇lt-bakim-ürünleri̇","value":"YAĞSIZ CİLT BAKIM ÜRÜNLERİ"},{"id":"25565","key":"justarrivednew","value":"justarrivednew"},{"id":"1573","key":"arindirma","value":"ARINDIRMA"},{"id":"23297","key":"toni̇k-losyon","value":"TONİK LOSYON"},{"id":"12792","key":"ci̇lt-ti̇pi̇-1-çok-kuru","value":"CİLT TİPİ 1 - ÇOK KURU"},{"id":"24180","key":"tamamlayici-ürünler","value":"TAMAMLAYICI ÜRÜNLER"},{"id":"27173","key":"day6flashsale","value":"Day6FlashSale"},{"id":"1667","key":"ci̇lt-bakimi","value":"CİLT BAKIMI"},{"id":"27172","key":"day5flashsale","value":"Day5FlashSale"},{"id":"1575","key":"en-çok-satanlar","value":"En Çok Satanlar"}]},"texture":null,"undertone":null,"unit_of_measure":null,"unit_size":0,"unit_size_formatted":null,"upc":"020714462758","vto":{"is_color_experience":null,"is_foundation_experience":null}},{"color_family":null,"coverage_options":null,"cross_sell":null,"display_status":7,"finish":null,"finish_options":null,"fragrances":[{"family":null,"key":null,"value":null}],"iln_listing":null,"iln_version_number":null,"inventory_status":"Active","is_active":true,"is_coming_soon":null,"is_default_sku":true,"is_discountable":true,"is_displayable":null,"is_engravable":null,"is_fragrance":null,"is_giftable":null,"is_giftwrap":false,"is_inactive":null,"is_multi_shaded":null,"is_out_of_stock":null,"is_preorder":false,"is_preorderable":null,"is_promotional":null,"is_replenishable":false,"is_search_suppressed":null,"is_searchable":true,"is_shaded":null,"is_sized":null,"is_sold_out":null,"is_under_weight_hazmat":null,"is_vto_enabled":null,"life_of_product":"Basic Reorder","material_code":"76WX010000","media":{"large":[{"alt":"Clarifying Lotion Kuru Cilt İçin Arındırıcı Losyon Tonik 1","height":1200,"position":0,"src":"/media/export/cms/products/1200x1500/cl_sku_76WX01_1200x1500_0.png","type":"image","width":1500}],"medium":[{"alt":"Clarifying Lotion Kuru Cilt İçin Arındırıcı Losyon Tonik 1","height":600,"position":1,"src":"/media/export/cms/products/600x750/cl_sku_76WX01_600x750_0.png","type":"image","width":750},{"alt":"Clarifying Lotion Kuru Cilt İçin Arındırıcı Losyon Tonik 1","height":600,"position":2,"src":"/media/export/cms/products/600x750/cl_sku_76WX01_600x750_1.png","type":"image","width":750}],"model":null,"poster":null,"small":[{"alt":"Clarifying Lotion Kuru Cilt İçin Arındırıcı Losyon Tonik 1","height":1200,"position":3,"src":"/media/export/cms/products/1200x1500/cl_sku_76WX01_1200x1500_0.png","type":"image","width":1500}],"smoosh":null,"xl":null},"out_of_stock_threshold":null,"perlgem":{"SKU_BASE_ID":31725},"preorder_date":null,"prices":[{"currency":"TRY","exclude_tax":{"original_price":320,"original_price_formatted":"320.00 TL","price":320,"price_formatted":"320.00 TL","price_per_unit":80,"price_per_unit_formatted":"80.00 TL / 100ml"},"include_tax":{"original_price":320,"original_price_formatted":"320.00 TL","price":320,"price_formatted":"320.00 TL","price_per_unit":80,"price_per_unit_formatted":"80.00 TL / 100ml"},"is_discounted":false}],"purchase_limit":null,"replenishment":{"message":"Recommended Auto-Ship cycle: 12 weeks  Learn more >"},"reviews":{"average_rating":null,"number_of_questions":null,"number_of_reviews":null},"set_components":null,"shade_groups":null,"shades":null,"sizes":[{"key":1,"value":"400 ml"}],"skin":{"tone":null,"type":[{"key":"very-dry-skintype","value":"very_dry_skintype"},{"key":"dry-skintype","value":"dry_skintype"}],"type_description":null},"sku_badge":null,"sku_badge_image":null,"sku_display_order":1,"sku_id":"76WX01","sku_promo_messaging":null,"sku_type":"SE","sku_url":null,"tags":{"total":16,"items":[{"id":"10589","key":"offers-lp","value":"Offers LP"},{"id":"13563","key":"yeni̇-yil-ci̇lt-bakimi","value":"YENİ YIL CİLT BAKIMI"},{"id":"1682","key":"peeling-ürünleri̇","value":"PEELING ÜRÜNLERİ"},{"id":"12517","key":"yağsiz-ci̇lt-bakim-ürünleri̇","value":"YAĞSIZ CİLT BAKIM ÜRÜNLERİ"},{"id":"1573","key":"arindirma","value":"ARINDIRMA"},{"id":"12602","key":"jumbo-boylar","value":"JUMBO BOYLAR"},{"id":"23297","key":"toni̇k-losyon","value":"TONİK LOSYON"},{"id":"1628","key":"-evde-bakim","value":"# EVDE BAKIM"},{"id":"12792","key":"ci̇lt-ti̇pi̇-1-çok-kuru","value":"CİLT TİPİ 1 - ÇOK KURU"},{"id":"24180","key":"tamamlayici-ürünler","value":"TAMAMLAYICI ÜRÜNLER"},{"id":"27173","key":"day6flashsale","value":"Day6FlashSale"},{"id":"2669","key":"hedi̇yeler-setler","value":"HEDİYELER & SETLER"},{"id":"1667","key":"ci̇lt-bakimi","value":"CİLT BAKIMI"},{"id":"27172","key":"day5flashsale","value":"Day5FlashSale"},{"id":"24002","key":"jumbo-boy","value":"JUMBO BOY"},{"id":"1575","key":"en-çok-satanlar","value":"En Çok Satanlar"}]},"texture":null,"undertone":null,"unit_of_measure":"ml","unit_size":100,"unit_size_formatted":"100ml","upc":"020714462710","vto":{"is_color_experience":null,"is_foundation_experience":null}}]},"sub_display_name":null,"sub_header":null,"tags":{"total":18,"items":[{"id":"27174","key":"day7flashsale","parent_tag_id":"1590","product_display_order":0,"value":"Day7FlashSale"},{"id":"10589","key":"offers-lp","parent_tag_id":null,"product_display_order":1,"value":"Offers LP"},{"id":"13563","key":"yeni̇-yil-ci̇lt-bakimi","parent_tag_id":"13561","product_display_order":36,"value":"YENİ YIL CİLT BAKIMI"},{"id":"1682","key":"peeling-ürünleri̇","parent_tag_id":"1667","product_display_order":8,"value":"PEELING ÜRÜNLERİ"},{"id":"12517","key":"yağsiz-ci̇lt-bakim-ürünleri̇","parent_tag_id":"1667","product_display_order":2,"value":"YAĞSIZ CİLT BAKIM ÜRÜNLERİ"},{"id":"25565","key":"justarrivednew","parent_tag_id":null,"product_display_order":0,"value":"justarrivednew"},{"id":"1573","key":"arindirma","parent_tag_id":"1570","product_display_order":1,"value":"ARINDIRMA"},{"id":"12602","key":"jumbo-boylar","parent_tag_id":"1570","product_display_order":0,"value":"JUMBO BOYLAR"},{"id":"23297","key":"toni̇k-losyon","parent_tag_id":"1667","product_display_order":1,"value":"TONİK LOSYON"},{"id":"1628","key":"-evde-bakim","parent_tag_id":null,"product_display_order":7,"value":"# EVDE BAKIM"},{"id":"12792","key":"ci̇lt-ti̇pi̇-1-çok-kuru","parent_tag_id":"1570","product_display_order":5,"value":"CİLT TİPİ 1 - ÇOK KURU"},{"id":"24180","key":"tamamlayici-ürünler","parent_tag_id":"1667","product_display_order":0,"value":"TAMAMLAYICI ÜRÜNLER"},{"id":"27173","key":"day6flashsale","parent_tag_id":"1590","product_display_order":0,"value":"Day6FlashSale"},{"id":"2669","key":"hedi̇yeler-setler","parent_tag_id":"1570","product_display_order":0,"value":"HEDİYELER & SETLER"},{"id":"1667","key":"ci̇lt-bakimi","parent_tag_id":null,"product_display_order":14,"value":"CİLT BAKIMI"},{"id":"27172","key":"day5flashsale","parent_tag_id":"1590","product_display_order":22,"value":"Day5FlashSale"},{"id":"24002","key":"jumbo-boy","parent_tag_id":"1667","product_display_order":0,"value":"JUMBO BOY"},{"id":"1575","key":"en-çok-satanlar","parent_tag_id":null,"product_display_order":92,"value":"En Çok Satanlar"}]},"usage":[{"content":"<ul><li>Sabah ve akşam olmak üzere günde 2 kere uygulayın.</li><li>Bir pamuk yardımıyla tüm yüz, boyun bölgesi dahil bir kere üzerinden geçin.</li><li>Sadece harici kullanım içindir.Göz çevresi ve dudaklara uygulanmamalıdır.</li><li> 3 Adımlı Cilt Bakım Sistemi ile devam edin.:<a href=\"/product/1574/26651/3_step/Step_3_Moisturize/NEW-Dramatically-Different-Moisturizing-Lotion/The-dermatologists-daily-moisturizer/index.tmpl\">Dramatically Different Nemlendirici Losyon+</a> veya <a href=\"/product/1574/5047/3_step/Step_3_Moisturize/Dramatically-Different-Nemlendirici Jel kullanın./Yağlı ciltler bile neme ihtiyaç duyar./index.tmpl\">Gel.</a></li></ul>","label":"PRODUCT USAGE","type":"product_usage"},{"content":null,"label":"HOW DOES IT WORK","type":"how_does_it_work"},{"content":"Çok Kuru/Kuru Cilt (Type 1)","label":"WHO IT IS FOR","type":"who_it_is_for"},{"content":"5 farklı cilt tipine uygun formül geliştirilmiştir.<li> Hassas ciltler için: Clarifyin Lotion 1.0</li><li>Çok Kuru Ciltler için: Clarifying Lotion</li><li>Kuru karma ciltler için: Clarifying Lotion 2</li><li>Karma Yağlı Ciltler için: Clarifying Lotion 3</li><li>Çok Yağlı Ciltler için Clarifying Lotion 4</li><br>The secret’s in the system.<br>3 adımlı cilt bakım sistemimiz dermatologlar tarafından geliştirilmiştir.<br> Basit, etkili ve güvenlidir. 3 dakika içinde, günde iki kere: Yüz yıkama jeli/sabunu ile cildinizi temizleyin, losyon ile cildinizi arındırın, DDML+ , yağ içermeyen jel veya jelly formülü ile nemlendirin.<br>Clinique cilt bakım sistemimizden size uygun olan rutini seçiniz.","label":"GREAT TO KNOW","type":"great_to_know"},{"content":"<ul><li>Hassas ve arındırıcı formülü ile cildinizde fark yaratır. Hava kirliliği, yağ ve kiri cildinizden nazikçe arındırır.</li><li>Cildi nemlendiriciye hazırlar- arındırılmış cilt nemlendirici ve serumları daha etkili şekilde hapseder.</li><li>Yağlı ciltler, cildindeki yağ üretimini azaltmak ve gözenek temizliğini sağlamak için 2 kere uygulamalıdır.</li><li>Kuru ciltler, nemlendirici emiliminin artmasına destek olması ve nemsizlikten oluşan ince çizgileri engellemek için günde 2 kere uygulamalıdır.</li><br><br><b>Nasıl Kullanılır?</b><br><ul><li>Sabah ve akşam olmak üzere günde 2 kere uygulayın.</li><li>Cildinize tampon hareketlerle pamuk ile uygulayın.</li><li>Harici kullanım içindir. Göz ve dudak çevresinden uzak tutunuz.</li><li>3. Adım olan nemlendirici adımı ile devam ediniz. Cildinize uygun olan Dramatically Different Losyon, Jel ya da Jelly'i seçiniz.</li></ul>","label":"WHAT_IT_DOES","type":"what_it_does"},{"content":"3 Adımlı Cilt Bakım Sistemimizin 2.Adımı.<br> Dermatologlar tarafından geliştirilen rındırıcı yüz temizleme losyon tonik, cildi daha pürüzsüz ve ışıltılı yapmak için arındırır","label":"WHAT_IT_IS","type":"what_it_is"}],"objectID":"15501"},{"benefit":{"statement":null,"benefits":null},"brand":null,"collection":null,"coverage":null,"cross_sell":[{"sku_id":"6F3701","sort_key":1},{"sku_id":"68LE01","sort_key":2},{"sku_id":"6EM601","sort_key":3},{"sku_id":null,"sort_key":4},{"sku_id":null,"sort_key":5},{"sku_id":"667H01","sort_key":6}],"default_category":{"id":"23297","key":"toni̇k-losyon"},"description":"Dermatologlar tarafından geliştirilen formülüyle taze cildin ortaya çıkmasına yardımcı olur.Cildi ölü deri hücrelerinden arındırarak nemlendiricinin daha iyi emilmesini sağlar.<br><br>İnce  çizgilerin görünümünü yok etmeye yardımcı olur.","display_mode":null,"display_name":"Clarifying Lotion Kuru/Karma Cilt İçin Arındırıcı Losyon Tonik 2","display_status":7,"finish":null,"form":null,"formula_type":null,"fragrance_family":null,"indexable_keywords":null,"is_hazmat":true,"is_product_coming_soon":null,"is_product_displayable":true,"is_product_searchable":true,"is_product_shoppable":true,"is_product_sold_out":null,"is_product_temporarily_out_of_stock":null,"is_search_suppressed":null,"key_ingredient":null,"media":{"large":[{"alt":"Clarifying Lotion Kuru/Karma Cilt İçin Arındırıcı Losyon Tonik 2","height":1200,"position":0,"src":"/media/export/cms/products/1200x1500/cl_prod_15502_1200x1500_0.png","type":"image","width":1500},{"alt":"Clarifying Lotion Kuru/Karma Cilt İçin Arındırıcı Losyon Tonik 2","height":1200,"position":1,"src":"/media/export/cms/products/1200x1500/cl_prod_15502_1200x1500_1.png","type":"image","width":1500}],"medium":null,"poster":null,"small":[{"alt":"Clarifying Lotion Kuru/Karma Cilt İçin Arındırıcı Losyon Tonik 2","height":1200,"position":2,"src":"/media/export/cms/products/1200x1500/cl_prod_15502_1200x1500_0.png","type":"image","width":1500},{"alt":"Clarifying Lotion Kuru/Karma Cilt İçin Arındırıcı Losyon Tonik 2","height":1200,"position":3,"src":"/media/export/cms/products/1200x1500/cl_prod_15502_1200x1500_1.png","type":"image","width":1500}],"videos":[{"position":null,"poster":{"height":null,"src":null,"width":null},"provider":null,"src":null},{"position":null,"poster":{"height":null,"src":null,"width":null},"provider":null,"src":null},{"position":null,"poster":{"height":null,"src":null,"width":null},"provider":null,"src":null}],"xl":null},"meta":{"description":null,"keywords":"toner"},"parent_category":[{"id":"23297","value":"TONİK LOSYON"},{"id":"1667","value":"CİLT BAKIMI"}],"product_badge":null,"product_id":"15502","product_title_tag":null,"product_type":"Sized","product_url":"/product/23297/15502/cilt-bakimi/tonik-losyon/clarifying-lotion-kurukarma-cilt-icin-arndrc-losyon-tonik-2","reviews":{"average_rating":4,"number_of_questions":null,"number_of_reviews":29},"shade_groups":null,"short_description":"Dermatologlar tarafından geliştirilen yüz temizleme jeli, yüzü nazikçe ve derinlemesine temizler.","skin":null,"skin_goal":null,"skus":{"total":1,"items":[{"color_family":null,"coverage_options":null,"cross_sell":null,"display_status":7,"finish":null,"finish_options":null,"fragrances":[{"family":null,"key":null,"value":null}],"iln_listing":null,"iln_version_number":null,"inventory_status":"Active","is_active":true,"is_coming_soon":null,"is_default_sku":true,"is_discountable":true,"is_displayable":null,"is_engravable":null,"is_fragrance":null,"is_giftable":null,"is_giftwrap":false,"is_inactive":null,"is_multi_shaded":null,"is_out_of_stock":null,"is_preorder":false,"is_preorderable":null,"is_promotional":null,"is_replenishable":true,"is_search_suppressed":null,"is_searchable":true,"is_shaded":null,"is_sized":null,"is_sold_out":null,"is_under_weight_hazmat":null,"is_vto_enabled":null,"life_of_product":"Basic Reorder","material_code":"76WY010000","media":{"large":[{"alt":"Clarifying Lotion Kuru/Karma Cilt İçin Arındırıcı Losyon Tonik 2","height":1200,"position":0,"src":"/media/export/cms/products/1200x1500/cl_sku_76WY01_1200x1500_0.png","type":"image","width":1500}],"medium":[{"alt":"Clarifying Lotion Kuru/Karma Cilt İçin Arındırıcı Losyon Tonik 2","height":600,"position":1,"src":"/media/export/cms/products/600x750/cl_sku_76WY01_600x750_0.png","type":"image","width":750},{"alt":"Clarifying Lotion Kuru/Karma Cilt İçin Arındırıcı Losyon Tonik 2","height":600,"position":2,"src":"/media/export/cms/products/600x750/cl_sku_76WY01_600x750_1.png","type":"image","width":750}],"model":null,"poster":null,"small":[{"alt":"Clarifying Lotion Kuru/Karma Cilt İçin Arındırıcı Losyon Tonik 2","height":1200,"position":3,"src":"/media/export/cms/products/1200x1500/cl_sku_76WY01_1200x1500_0.png","type":"image","width":1500}],"smoosh":null,"xl":null},"out_of_stock_threshold":null,"perlgem":{"SKU_BASE_ID":31726},"preorder_date":null,"prices":[{"currency":"TRY","exclude_tax":{"original_price":320,"original_price_formatted":"320.00 TL","price":320,"price_formatted":"320.00 TL","price_per_unit":null,"price_per_unit_formatted":""},"include_tax":{"original_price":320,"original_price_formatted":"320.00 TL","price":320,"price_formatted":"320.00 TL","price_per_unit":null,"price_per_unit_formatted":""},"is_discounted":false}],"purchase_limit":null,"replenishment":{"message":"Recommended Auto-Ship cycle: 12 weeks  Learn more >"},"reviews":{"average_rating":null,"number_of_questions":null,"number_of_reviews":null},"set_components":null,"shade_groups":null,"shades":null,"sizes":[{"key":1,"value":"400 ml"}],"skin":{"tone":null,"type":[{"key":"dry-skintype","value":"dry_skintype"},{"key":"combination-skintype","value":"combination_skintype"}],"type_description":null},"sku_badge":null,"sku_badge_image":null,"sku_display_order":1,"sku_id":"76WY01","sku_promo_messaging":null,"sku_type":"SE","sku_url":null,"tags":{"total":26,"items":[{"id":"13770","key":"recommended-clinique-favourites","value":"Recommended Clinique Favourites"},{"id":"17859","key":"çok-satanlar","value":"ÇOK SATANLAR"},{"id":"27172","key":"day5flashsale","value":"Day5FlashSale"},{"id":"1575","key":"en-çok-satanlar","value":"En Çok Satanlar"},{"id":"1682","key":"peeling-ürünleri̇","value":"PEELING ÜRÜNLERİ"},{"id":"25016","key":"top-sellers","value":"Top Sellers"},{"id":"13562","key":"yeni̇-yil-makyaj","value":"YENİ YIL MAKYAJ"},{"id":"1628","key":"-evde-bakim","value":"# EVDE BAKIM"},{"id":"1571","key":"3-adimli-ci̇lt-bakim-si̇stemi̇-setleri̇","value":"3 ADIMLI CİLT BAKIM SİSTEMİ SETLERİ"},{"id":"9426","key":"top-rated-skin-care","value":"top rated skin care"},{"id":"9428","key":"top10","value":"top10"},{"id":"1667","key":"ci̇lt-bakimi","value":"CİLT BAKIMI"},{"id":"1573","key":"arindirma","value":"ARINDIRMA"},{"id":"12517","key":"yağsiz-ci̇lt-bakim-ürünleri̇","value":"YAĞSIZ CİLT BAKIM ÜRÜNLERİ"},{"id":"12602","key":"jumbo-boylar","value":"JUMBO BOYLAR"},{"id":"1570","key":"3-adimli-ci̇lt-bakim-si̇stemi̇","value":"3 ADIMLI CİLT BAKIM SİSTEMİ"},{"id":"23297","key":"toni̇k-losyon","value":"TONİK LOSYON"},{"id":"2669","key":"hedi̇yeler-setler","value":"HEDİYELER & SETLER"},{"id":"24180","key":"tamamlayici-ürünler","value":"TAMAMLAYICI ÜRÜNLER"},{"id":"27173","key":"day6flashsale","value":"Day6FlashSale"},{"id":"10589","key":"offers-lp","value":"Offers LP"},{"id":"8194","key":"en-çok-satan-10","value":"En Çok Satan 10 "},{"id":"12793","key":"ci̇lt-ti̇pi̇-2-kuru-karma","value":"CİLT TİPİ 2 - KURU & KARMA "},{"id":"13563","key":"yeni̇-yil-ci̇lt-bakimi","value":"YENİ YIL CİLT BAKIMI"},{"id":"13051","key":"skin-care-best-sellers","value":"Skin Care Best Sellers"},{"id":"25565","key":"justarrivednew","value":"justarrivednew"}]},"texture":null,"undertone":null,"unit_of_measure":null,"unit_size":0,"unit_size_formatted":null,"upc":"020714462727","vto":{"is_color_experience":null,"is_foundation_experience":null}}]},"sub_display_name":null,"sub_header":null,"tags":{"total":29,"items":[{"id":"13770","key":"recommended-clinique-favourites","parent_tag_id":null,"product_display_order":0,"value":"Recommended Clinique Favourites"},{"id":"2752","key":"çok-satan-ci̇lt-bakim-ürünleri̇","parent_tag_id":"1667","product_display_order":0,"value":"ÇOK SATAN CİLT BAKIM ÜRÜNLERİ"},{"id":"17859","key":"çok-satanlar","parent_tag_id":null,"product_display_order":66,"value":"ÇOK SATANLAR"},{"id":"27172","key":"day5flashsale","parent_tag_id":"1590","product_display_order":23,"value":"Day5FlashSale"},{"id":"1575","key":"en-çok-satanlar","parent_tag_id":null,"product_display_order":91,"value":"En Çok Satanlar"},{"id":"1682","key":"peeling-ürünleri̇","parent_tag_id":"1667","product_display_order":9,"value":"PEELING ÜRÜNLERİ"},{"id":"25016","key":"top-sellers","parent_tag_id":"4323","product_display_order":0,"value":"Top Sellers"},{"id":"13562","key":"yeni̇-yil-makyaj","parent_tag_id":"13561","product_display_order":0,"value":"YENİ YIL MAKYAJ"},{"id":"1628","key":"-evde-bakim","parent_tag_id":null,"product_display_order":93,"value":"# EVDE BAKIM"},{"id":"1571","key":"3-adimli-ci̇lt-bakim-si̇stemi̇-setleri̇","parent_tag_id":"1570","product_display_order":0,"value":"3 ADIMLI CİLT BAKIM SİSTEMİ SETLERİ"},{"id":"9426","key":"top-rated-skin-care","parent_tag_id":"9420","product_display_order":0,"value":"top rated skin care"},{"id":"9428","key":"top10","parent_tag_id":"9420","product_display_order":0,"value":"top10"},{"id":"1667","key":"ci̇lt-bakimi","parent_tag_id":null,"product_display_order":202,"value":"CİLT BAKIMI"},{"id":"1573","key":"arindirma","parent_tag_id":"1570","product_display_order":2,"value":"ARINDIRMA"},{"id":"12517","key":"yağsiz-ci̇lt-bakim-ürünleri̇","parent_tag_id":"1667","product_display_order":3,"value":"YAĞSIZ CİLT BAKIM ÜRÜNLERİ"},{"id":"27174","key":"day7flashsale","parent_tag_id":"1590","product_display_order":0,"value":"Day7FlashSale"},{"id":"12602","key":"jumbo-boylar","parent_tag_id":"1570","product_display_order":2,"value":"JUMBO BOYLAR"},{"id":"1570","key":"3-adimli-ci̇lt-bakim-si̇stemi̇","parent_tag_id":null,"product_display_order":0,"value":"3 ADIMLI CİLT BAKIM SİSTEMİ"},{"id":"23297","key":"toni̇k-losyon","parent_tag_id":"1667","product_display_order":1,"value":"TONİK LOSYON"},{"id":"12537","key":"çok-satan-makyaj-ürünleri̇","parent_tag_id":"1592","product_display_order":0,"value":"ÇOK SATAN MAKYAJ ÜRÜNLERİ"},{"id":"2669","key":"hedi̇yeler-setler","parent_tag_id":"1570","product_display_order":14,"value":"HEDİYELER & SETLER"},{"id":"24180","key":"tamamlayici-ürünler","parent_tag_id":"1667","product_display_order":0,"value":"TAMAMLAYICI ÜRÜNLER"},{"id":"27173","key":"day6flashsale","parent_tag_id":"1590","product_display_order":0,"value":"Day6FlashSale"},{"id":"10589","key":"offers-lp","parent_tag_id":null,"product_display_order":1,"value":"Offers LP"},{"id":"8194","key":"en-çok-satan-10","parent_tag_id":null,"product_display_order":1,"value":"En Çok Satan 10 "},{"id":"12793","key":"ci̇lt-ti̇pi̇-2-kuru-karma","parent_tag_id":"1570","product_display_order":2,"value":"CİLT TİPİ 2 - KURU & KARMA "},{"id":"13563","key":"yeni̇-yil-ci̇lt-bakimi","parent_tag_id":"13561","product_display_order":52,"value":"YENİ YIL CİLT BAKIMI"},{"id":"13051","key":"skin-care-best-sellers","parent_tag_id":"1667","product_display_order":11,"value":"Skin Care Best Sellers"},{"id":"25565","key":"justarrivednew","parent_tag_id":null,"product_display_order":0,"value":"justarrivednew"}]},"usage":[{"content":"<ul><li>Sabah ve akşam olmak üzere günde 2 kere uygulayın.</li><li>Bir pamuk yardımıyla tüm yüz, boyun bölgesi dahil bir kere üzerinden geçin.</li><li>Sadece harici kullanım içindir.Göz çevresi ve dudaklara uygulanmamalıdır.</li><li> 3 Adımlı Cilt Bakım Sistemi ile devam edin.:<a href=\"/product/1574/26651/3_step/Step_3_Moisturize/NEW-Dramatically-Different-Moisturizing-Lotion/The-dermatologists-daily-moisturizer/index.tmpl\">Dramatically Different Nemlendirici Losyon+</a> veya <a href=\"/product/1574/5047/3_step/Step_3_Moisturize/Dramatically-Different-Nemlendirici Jel kullanın./Yağlı ciltler bile neme ihtiyaç duyar./index.tmpl\">Gel.</a></li></ul>","label":"PRODUCT USAGE","type":"product_usage"},{"content":null,"label":"HOW DOES IT WORK","type":"how_does_it_work"},{"content":"Kuru karma ciltler (type 2)","label":"WHO IT IS FOR","type":"who_it_is_for"},{"content":"5 farklı cilt tipine uygun formül geliştirilmiştir.<li> Hassas ciltler için: Clarifyin Lotion 1.0</li><li>Çok Kuru Ciltler için: Clarifying Lotion</li><li>Kuru karma ciltler için: Clarifying Lotion 2</li><li>Karma Yağlı Ciltler için: Clarifying Lotion 3</li><li>Çok Yağlı Ciltler için Clarifying Lotion 4</li><br>The secret’s in the system.<br>3 adımlı cilt bakım sistemimiz dermatologlar tarafından geliştirilmiştir.<br> Basit, etkili ve güvenlidir. 3 dakika içinde, günde iki kere: Yüz yıkama jeli/sabunu ile cildinizi temizleyin, losyon ile cildinizi arındırın, DDML+ , yağ içermeyen jel veya jelly formülü ile nemlendirin.<br>Clinique cilt bakım sistemimizden size uygun olan rutini seçiniz.","label":"GREAT TO KNOW","type":"great_to_know"},{"content":"<ul><li>Hassas ve arındırıcı formülü ile cildinizde fark yaratır. Hava kirliliği, yağ ve kiri cildinizden nazikçe arındırır.</li><li>Cildi nemlendiriciye hazırlar- arındırılmış cilt nemlendirici ve serumları daha etkili şekilde hapseder.</li><li>Yağlı ciltler, cildindeki yağ üretimini azaltmak ve gözenek temizliğini sağlamak için 2 kere uygulamalıdır.</li><li>Kuru ciltler, nemlendirici emiliminin artmasına destek olması ve nemsizlikten oluşan ince çizgileri engellemek için günde 2 kere uygulamalıdır.</li><br><br><b>Nasıl Kullanılır?</b><br><ul><li>Sabah ve akşam olmak üzere günde 2 kere uygulayın.</li><li>Cildinize tampon hareketlerle pamuk ile uygulayın.</li><li>Harici kullanım içindir. Göz ve dudak çevresinden uzak tutunuz.</li><li>3. Adım olan nemlendirici adımı ile devam ediniz. Cildinize uygun olan Dramatically Different Losyon, Jel ya da Jelly'i seçiniz.</li></ul>","label":"WHAT_IT_DOES","type":"what_it_does"},{"content":"3 Adımlı Cilt Bakım Sistemimizin 2.Adımı.<br> Dermatologlar tarafından geliştirilen rındırıcı yüz temizleme losyon tonik, cildi daha pürüzsüz ve ışıltılı yapmak için arındırır","label":"WHAT_IT_IS","type":"what_it_is"}],"objectID":"15502"},{"benefit":{"statement":null,"benefits":null},"brand":null,"collection":null,"coverage":null,"cross_sell":[{"sku_id":"6F3701","sort_key":1},{"sku_id":"6EM601","sort_key":2},{"sku_id":"68LE01","sort_key":3},{"sku_id":"68CG01","sort_key":4},{"sku_id":"76WY01","sort_key":5},{"sku_id":null,"sort_key":6}],"default_category":{"id":"23297","key":"toni̇k-losyon"},"description":"Dermatologlar tarafından geliştirilen formülüyle sivilce  oluşumuna sebep olan ölü deriyi ve yağ fazlalığını yok eder. Cildi nemlendirmeye  hazırlar.<br><br>Cilde daha temiz ve belirgin bir görünüm kazandırır.","display_mode":null,"display_name":"Clarifying Lotion Karma/Yağlı Cilt İçin Arındırıcı Losyon Tonik 3","display_status":7,"finish":null,"form":null,"formula_type":null,"fragrance_family":null,"indexable_keywords":null,"is_hazmat":true,"is_product_coming_soon":null,"is_product_displayable":true,"is_product_searchable":true,"is_product_shoppable":true,"is_product_sold_out":null,"is_product_temporarily_out_of_stock":null,"is_search_suppressed":null,"key_ingredient":null,"media":{"large":[{"alt":"Clarifying Lotion Karma/Yağlı Cilt İçin Arındırıcı Losyon Tonik 3","height":1200,"position":0,"src":"/media/export/cms/products/1200x1500/cl_prod_15503_1200x1500_0.png","type":"image","width":1500},{"alt":"Clarifying Lotion Karma/Yağlı Cilt İçin Arındırıcı Losyon Tonik 3","height":1200,"position":1,"src":"/media/export/cms/products/1200x1500/cl_prod_15503_1200x1500_1.png","type":"image","width":1500}],"medium":null,"poster":null,"small":[{"alt":"Clarifying Lotion Karma/Yağlı Cilt İçin Arındırıcı Losyon Tonik 3","height":1200,"position":2,"src":"/media/export/cms/products/1200x1500/cl_prod_15503_1200x1500_0.png","type":"image","width":1500},{"alt":"Clarifying Lotion Karma/Yağlı Cilt İçin Arındırıcı Losyon Tonik 3","height":1200,"position":3,"src":"/media/export/cms/products/1200x1500/cl_prod_15503_1200x1500_1.png","type":"image","width":1500}],"videos":[{"position":null,"poster":{"height":null,"src":null,"width":null},"provider":null,"src":null},{"position":null,"poster":{"height":null,"src":null,"width":null},"provider":null,"src":null},{"position":null,"poster":{"height":null,"src":null,"width":null},"provider":null,"src":null}],"xl":null},"meta":{"description":null,"keywords":"toner"},"parent_category":[{"id":"23297","value":"TONİK LOSYON"},{"id":"1667","value":"CİLT BAKIMI"}],"product_badge":null,"product_id":"15503","product_title_tag":null,"product_type":"Sized","product_url":"/product/23297/15503/cilt-bakimi/tonik-losyon/clarifying-lotion-karmayagl-cilt-icin-arndrc-losyon-tonik-3","reviews":{"average_rating":4,"number_of_questions":null,"number_of_reviews":29},"shade_groups":null,"short_description":"Dermatologlar tarafından geliştirilen rındırıcı yüz temizleme losyon tonik, cildi daha pürüzsüz ve ışıltılı yapmak için arındırır","skin":null,"skin_goal":null,"skus":{"total":2,"items":[{"color_family":null,"coverage_options":null,"cross_sell":null,"display_status":7,"finish":null,"finish_options":null,"fragrances":[{"family":null,"key":null,"value":null}],"iln_listing":null,"iln_version_number":null,"inventory_status":"Active","is_active":true,"is_coming_soon":null,"is_default_sku":true,"is_discountable":true,"is_displayable":null,"is_engravable":null,"is_fragrance":null,"is_giftable":null,"is_giftwrap":false,"is_inactive":null,"is_multi_shaded":null,"is_out_of_stock":null,"is_preorder":false,"is_preorderable":null,"is_promotional":null,"is_replenishable":true,"is_search_suppressed":null,"is_searchable":true,"is_shaded":null,"is_sized":null,"is_sold_out":null,"is_under_weight_hazmat":null,"is_vto_enabled":null,"life_of_product":"Basic Reorder","material_code":"76X0010000","media":{"large":[{"alt":"Clarifying Lotion Karma/Yağlı Cilt İçin Arındırıcı Losyon Tonik 3","height":1200,"position":0,"src":"/media/export/cms/products/1200x1500/cl_sku_76X001_1200x1500_0.png","type":"image","width":1500}],"medium":[{"alt":"Clarifying Lotion Karma/Yağlı Cilt İçin Arındırıcı Losyon Tonik 3","height":600,"position":1,"src":"/media/export/cms/products/600x750/cl_sku_76X001_600x750_0.png","type":"image","width":750},{"alt":"Clarifying Lotion Karma/Yağlı Cilt İçin Arındırıcı Losyon Tonik 3","height":600,"position":2,"src":"/media/export/cms/products/600x750/cl_sku_76X001_600x750_1.png","type":"image","width":750}],"model":null,"poster":null,"small":[{"alt":"Clarifying Lotion Karma/Yağlı Cilt İçin Arındırıcı Losyon Tonik 3","height":1200,"position":3,"src":"/media/export/cms/products/1200x1500/cl_sku_76X001_1200x1500_0.png","type":"image","width":1500}],"smoosh":null,"xl":null},"out_of_stock_threshold":null,"perlgem":{"SKU_BASE_ID":31727},"preorder_date":null,"prices":[{"currency":"TRY","exclude_tax":{"original_price":320,"original_price_formatted":"320.00 TL","price":320,"price_formatted":"320.00 TL","price_per_unit":null,"price_per_unit_formatted":""},"include_tax":{"original_price":320,"original_price_formatted":"320.00 TL","price":320,"price_formatted":"320.00 TL","price_per_unit":null,"price_per_unit_formatted":""},"is_discounted":false}],"purchase_limit":null,"replenishment":{"message":"Recommended Auto-Ship cycle: 12 weeks  Learn more >"},"reviews":{"average_rating":null,"number_of_questions":null,"number_of_reviews":null},"set_components":null,"shade_groups":null,"shades":null,"sizes":[{"key":1,"value":"400 ml"}],"skin":{"tone":null,"type":[{"key":"combination-skintype","value":"combination_skintype"},{"key":"oily-skintype","value":"oily_skintype"}],"type_description":null},"sku_badge":null,"sku_badge_image":null,"sku_display_order":1,"sku_id":"76X001","sku_promo_messaging":null,"sku_type":"SE","sku_url":null,"tags":{"total":20,"items":[{"id":"1667","key":"ci̇lt-bakimi","value":"CİLT BAKIMI"},{"id":"25016","key":"top-sellers","value":"Top Sellers"},{"id":"13051","key":"skin-care-best-sellers","value":"Skin Care Best Sellers"},{"id":"1570","key":"3-adimli-ci̇lt-bakim-si̇stemi̇","value":"3 ADIMLI CİLT BAKIM SİSTEMİ"},{"id":"1573","key":"arindirma","value":"ARINDIRMA"},{"id":"12794","key":"ci̇lt-ti̇pi̇-3-karma-yağli","value":"CİLT TİPİ 3 - KARMA & YAĞLI"},{"id":"1575","key":"en-çok-satanlar","value":"En Çok Satanlar"},{"id":"17859","key":"çok-satanlar","value":"ÇOK SATANLAR"},{"id":"1628","key":"-evde-bakim","value":"# EVDE BAKIM"},{"id":"12796","key":"yağlanma-karşiti-ürünler","value":"YAĞLANMA KARŞITI ÜRÜNLER"},{"id":"12602","key":"jumbo-boylar","value":"JUMBO BOYLAR"},{"id":"27172","key":"day5flashsale","value":"Day5FlashSale"},{"id":"23297","key":"toni̇k-losyon","value":"TONİK LOSYON"},{"id":"10589","key":"offers-lp","value":"Offers LP"},{"id":"27173","key":"day6flashsale","value":"Day6FlashSale"},{"id":"13563","key":"yeni̇-yil-ci̇lt-bakimi","value":"YENİ YIL CİLT BAKIMI"},{"id":"25565","key":"justarrivednew","value":"justarrivednew"},{"id":"2669","key":"hedi̇yeler-setler","value":"HEDİYELER & SETLER"},{"id":"24180","key":"tamamlayici-ürünler","value":"TAMAMLAYICI ÜRÜNLER"},{"id":"12517","key":"yağsiz-ci̇lt-bakim-ürünleri̇","value":"YAĞSIZ CİLT BAKIM ÜRÜNLERİ"}]},"texture":null,"undertone":null,"unit_of_measure":null,"unit_size":0,"unit_size_formatted":null,"upc":"020714462734","vto":{"is_color_experience":null,"is_foundation_experience":null}},{"color_family":null,"coverage_options":null,"cross_sell":null,"display_status":7,"finish":null,"finish_options":null,"fragrances":[{"family":null,"key":null,"value":null}],"iln_listing":null,"iln_version_number":null,"inventory_status":"Active","is_active":true,"is_coming_soon":null,"is_default_sku":false,"is_discountable":true,"is_displayable":null,"is_engravable":null,"is_fragrance":null,"is_giftable":null,"is_giftwrap":false,"is_inactive":null,"is_multi_shaded":null,"is_out_of_stock":null,"is_preorder":false,"is_preorderable":null,"is_promotional":null,"is_replenishable":false,"is_search_suppressed":null,"is_searchable":true,"is_shaded":null,"is_sized":null,"is_sold_out":null,"is_under_weight_hazmat":null,"is_vto_enabled":null,"life_of_product":"Basic Reorder","material_code":"76X5010000","media":{"large":[{"alt":"Clarifying Lotion Karma/Yağlı Cilt İçin Arındırıcı Losyon Tonik 3","height":1200,"position":0,"src":"/media/export/cms/products/1200x1500/cl_sku_76X501_1200x1500_0.png","type":"image","width":1500}],"medium":[{"alt":"Clarifying Lotion Karma/Yağlı Cilt İçin Arındırıcı Losyon Tonik 3","height":600,"position":1,"src":"/media/export/cms/products/600x750/cl_sku_76X501_600x750_0.png","type":"image","width":750}],"model":null,"poster":null,"small":[{"alt":"Clarifying Lotion Karma/Yağlı Cilt İçin Arındırıcı Losyon Tonik 3","height":1200,"position":2,"src":"/media/export/cms/products/1200x1500/cl_sku_76X501_1200x1500_0.png","type":"image","width":1500}],"smoosh":null,"xl":null},"out_of_stock_threshold":null,"perlgem":{"SKU_BASE_ID":31722},"preorder_date":null,"prices":[{"currency":"TRY","exclude_tax":{"original_price":195,"original_price_formatted":"195.00 TL","price":195,"price_formatted":"195.00 TL","price_per_unit":97.5,"price_per_unit_formatted":"97.50 TL / 100ml"},"include_tax":{"original_price":195,"original_price_formatted":"195.00 TL","price":195,"price_formatted":"195.00 TL","price_per_unit":97.5,"price_per_unit_formatted":"97.50 TL / 100ml"},"is_discounted":false}],"purchase_limit":null,"replenishment":{"message":"Recommended Auto-Ship cycle: 6 weeks  Learn more >"},"reviews":{"average_rating":null,"number_of_questions":null,"number_of_reviews":null},"set_components":null,"shade_groups":null,"shades":null,"sizes":[{"key":1,"value":"200 ml"}],"skin":{"tone":null,"type":[{"key":"combination-skintype","value":"combination_skintype"},{"key":"oily-skintype","value":"oily_skintype"}],"type_description":null},"sku_badge":null,"sku_badge_image":null,"sku_display_order":1,"sku_id":"76X501","sku_promo_messaging":null,"sku_type":"SE","sku_url":null,"tags":{"total":22,"items":[{"id":"1667","key":"ci̇lt-bakimi","value":"CİLT BAKIMI"},{"id":"25016","key":"top-sellers","value":"Top Sellers"},{"id":"13051","key":"skin-care-best-sellers","value":"Skin Care Best Sellers"},{"id":"27174","key":"day7flashsale","value":"Day7FlashSale"},{"id":"1570","key":"3-adimli-ci̇lt-bakim-si̇stemi̇","value":"3 ADIMLI CİLT BAKIM SİSTEMİ"},{"id":"1573","key":"arindirma","value":"ARINDIRMA"},{"id":"12794","key":"ci̇lt-ti̇pi̇-3-karma-yağli","value":"CİLT TİPİ 3 - KARMA & YAĞLI"},{"id":"1575","key":"en-çok-satanlar","value":"En Çok Satanlar"},{"id":"17859","key":"çok-satanlar","value":"ÇOK SATANLAR"},{"id":"1628","key":"-evde-bakim","value":"# EVDE BAKIM"},{"id":"12796","key":"yağlanma-karşiti-ürünler","value":"YAĞLANMA KARŞITI ÜRÜNLER"},{"id":"12602","key":"jumbo-boylar","value":"JUMBO BOYLAR"},{"id":"27172","key":"day5flashsale","value":"Day5FlashSale"},{"id":"23297","key":"toni̇k-losyon","value":"TONİK LOSYON"},{"id":"10589","key":"offers-lp","value":"Offers LP"},{"id":"1571","key":"3-adimli-ci̇lt-bakim-si̇stemi̇-setleri̇","value":"3 ADIMLI CİLT BAKIM SİSTEMİ SETLERİ"},{"id":"27173","key":"day6flashsale","value":"Day6FlashSale"},{"id":"13563","key":"yeni̇-yil-ci̇lt-bakimi","value":"YENİ YIL CİLT BAKIMI"},{"id":"25565","key":"justarrivednew","value":"justarrivednew"},{"id":"2669","key":"hedi̇yeler-setler","value":"HEDİYELER & SETLER"},{"id":"24180","key":"tamamlayici-ürünler","value":"TAMAMLAYICI ÜRÜNLER"},{"id":"12517","key":"yağsiz-ci̇lt-bakim-ürünleri̇","value":"YAĞSIZ CİLT BAKIM ÜRÜNLERİ"}]},"texture":null,"undertone":null,"unit_of_measure":"ml","unit_size":100,"unit_size_formatted":"100ml","upc":"020714462772","vto":{"is_color_experience":null,"is_foundation_experience":null}}]},"sub_display_name":null,"sub_header":null,"tags":{"total":22,"items":[{"id":"1667","key":"ci̇lt-bakimi","parent_tag_id":null,"product_display_order":69,"value":"CİLT BAKIMI"},{"id":"25016","key":"top-sellers","parent_tag_id":"4323","product_display_order":0,"value":"Top Sellers"},{"id":"13051","key":"skin-care-best-sellers","parent_tag_id":"1667","product_display_order":0,"value":"Skin Care Best Sellers"},{"id":"27174","key":"day7flashsale","parent_tag_id":"1590","product_display_order":0,"value":"Day7FlashSale"},{"id":"1570","key":"3-adimli-ci̇lt-bakim-si̇stemi̇","parent_tag_id":null,"product_display_order":0,"value":"3 ADIMLI CİLT BAKIM SİSTEMİ"},{"id":"1573","key":"arindirma","parent_tag_id":"1570","product_display_order":3,"value":"ARINDIRMA"},{"id":"12794","key":"ci̇lt-ti̇pi̇-3-karma-yağli","parent_tag_id":"1570","product_display_order":5,"value":"CİLT TİPİ 3 - KARMA & YAĞLI"},{"id":"1575","key":"en-çok-satanlar","parent_tag_id":null,"product_display_order":97,"value":"En Çok Satanlar"},{"id":"17859","key":"çok-satanlar","parent_tag_id":null,"product_display_order":67,"value":"ÇOK SATANLAR"},{"id":"1628","key":"-evde-bakim","parent_tag_id":null,"product_display_order":8,"value":"# EVDE BAKIM"},{"id":"12796","key":"yağlanma-karşiti-ürünler","parent_tag_id":"1667","product_display_order":3,"value":"YAĞLANMA KARŞITI ÜRÜNLER"},{"id":"12602","key":"jumbo-boylar","parent_tag_id":"1570","product_display_order":5,"value":"JUMBO BOYLAR"},{"id":"27172","key":"day5flashsale","parent_tag_id":"1590","product_display_order":24,"value":"Day5FlashSale"},{"id":"23297","key":"toni̇k-losyon","parent_tag_id":"1667","product_display_order":1,"value":"TONİK LOSYON"},{"id":"10589","key":"offers-lp","parent_tag_id":null,"product_display_order":1,"value":"Offers LP"},{"id":"1571","key":"3-adimli-ci̇lt-bakim-si̇stemi̇-setleri̇","parent_tag_id":"1570","product_display_order":0,"value":"3 ADIMLI CİLT BAKIM SİSTEMİ SETLERİ"},{"id":"27173","key":"day6flashsale","parent_tag_id":"1590","product_display_order":0,"value":"Day6FlashSale"},{"id":"13563","key":"yeni̇-yil-ci̇lt-bakimi","parent_tag_id":"13561","product_display_order":29,"value":"YENİ YIL CİLT BAKIMI"},{"id":"25565","key":"justarrivednew","parent_tag_id":null,"product_display_order":1,"value":"justarrivednew"},{"id":"2669","key":"hedi̇yeler-setler","parent_tag_id":"1570","product_display_order":0,"value":"HEDİYELER & SETLER"},{"id":"24180","key":"tamamlayici-ürünler","parent_tag_id":"1667","product_display_order":0,"value":"TAMAMLAYICI ÜRÜNLER"},{"id":"12517","key":"yağsiz-ci̇lt-bakim-ürünleri̇","parent_tag_id":"1667","product_display_order":4,"value":"YAĞSIZ CİLT BAKIM ÜRÜNLERİ"}]},"usage":[{"content":"<ul><li>Sabah ve akşam olmak üzere günde 2 kere uygulayın.</li><li>Bir pamuk yardımıyla tüm yüz, boyun bölgesi dahil bir kere üzerinden geçin.</li><li>Sadece harici kullanım içindir.Göz çevresi ve dudaklara uygulanmamalıdır.</li><li> 3 Adımlı Cilt Bakım Sistemi ile devam edin.:<a href=\"/product/1574/26651/3_step/Step_3_Moisturize/NEW-Dramatically-Different-Moisturizing-Lotion/The-dermatologists-daily-moisturizer/index.tmpl\">Dramatically Different Nemlendirici Losyon+</a> veya <a href=\"/product/1574/5047/3_step/Step_3_Moisturize/Dramatically-Different-Nemlendirici Jel kullanın./Yağlı ciltler bile neme ihtiyaç duyar./index.tmpl\">Gel.</a></li></ul>","label":"PRODUCT USAGE","type":"product_usage"},{"content":null,"label":"HOW DOES IT WORK","type":"how_does_it_work"},{"content":"Karma Yağlı Ciltler (type 3)","label":"WHO IT IS FOR","type":"who_it_is_for"},{"content":"5 farklı cilt tipine uygun formül geliştirilmiştir.<li> Hassas ciltler için: Clarifyin Lotion 1.0</li><li>Çok Kuru Ciltler için: Clarifying Lotion</li><li>Kuru karma ciltler için: Clarifying Lotion 2</li><li>Karma Yağlı Ciltler için: Clarifying Lotion 3</li><li>Çok Yağlı Ciltler için Clarifying Lotion 4</li><br>The secret’s in the system.<br>3 adımlı cilt bakım sistemimiz dermatologlar tarafından geliştirilmiştir.<br> Basit, etkili ve güvenlidir. 3 dakika içinde, günde iki kere: Yüz yıkama jeli/sabunu ile cildinizi temizleyin, losyon ile cildinizi arındırın, DDML+ , yağ içermeyen jel veya jelly formülü ile nemlendirin.<br>Clinique cilt bakım sistemimizden size uygun olan rutini seçiniz.","label":"GREAT TO KNOW","type":"great_to_know"},{"content":"<ul><li>Hassas ve arındırıcı formülü ile cildinizde fark yaratır. Hava kirliliği, yağ ve kiri cildinizden nazikçe arındırır.</li><li>Cildi nemlendiriciye hazırlar- arındırılmış cilt nemlendirici ve serumları daha etkili şekilde hapseder.</li><li>Yağlı ciltler, cildindeki yağ üretimini azaltmak ve gözenek temizliğini sağlamak için 2 kere uygulamalıdır.</li><li>Kuru ciltler, nemlendirici emiliminin artmasına destek olması ve nemsizlikten oluşan ince çizgileri engellemek için günde 2 kere uygulamalıdır.</li><br><br><b>Nasıl Kullanılır?</b><br><ul><li>Sabah ve akşam olmak üzere günde 2 kere uygulayın.</li><li>Cildinize tampon hareketlerle pamuk ile uygulayın.</li><li>Harici kullanım içindir. Göz ve dudak çevresinden uzak tutunuz.</li><li>3. Adım olan nemlendirici adımı ile devam ediniz. Cildinize uygun olan Dramatically Different Losyon, Jel ya da Jelly'i seçiniz.</li></ul>","label":"WHAT_IT_DOES","type":"what_it_does"},{"content":"3 Adımlı Cilt Bakım Sistemimizin 2.Adımı.<br> Dermatologlar tarafından geliştirilen rındırıcı yüz temizleme losyon tonik, cildi daha pürüzsüz ve ışıltılı yapmak için arındırır","label":"WHAT_IT_IS","type":"what_it_is"}],"objectID":"15503"},{"benefit":{"statement":null,"benefits":null},"brand":null,"collection":null,"coverage":null,"cross_sell":[{"sku_id":"6F3701","sort_key":1},{"sku_id":"6EM601","sort_key":2},{"sku_id":"68CG01","sort_key":3},{"sku_id":"68LE01","sort_key":4},{"sku_id":"7KXC01","sort_key":5},{"sku_id":"645J01","sort_key":6}],"default_category":{"id":"23297","key":"toni̇k-losyon"},"description":"Dermatologlar tarafından geliştirilen formülüyle yağ fazlalığını yok eder. Sivilce oluşumunu engellemeye yardımcı olur.<br><br>Gözenekleri arındırır.","display_mode":null,"display_name":"Clarifying Lotion Yağlı Cilt İçin Arındırıcı Losyon Tonik 4","display_status":7,"finish":null,"form":null,"formula_type":null,"fragrance_family":null,"indexable_keywords":null,"is_hazmat":true,"is_product_coming_soon":null,"is_product_displayable":true,"is_product_searchable":true,"is_product_shoppable":true,"is_product_sold_out":null,"is_product_temporarily_out_of_stock":null,"is_search_suppressed":null,"key_ingredient":null,"media":{"large":[{"alt":"Clarifying Lotion Yağlı Cilt İçin Arındırıcı Losyon Tonik 4","height":1200,"position":0,"src":"/media/export/cms/products/1200x1500/cl_prod_15504_1200x1500_0.png","type":"image","width":1500},{"alt":"Clarifying Lotion Yağlı Cilt İçin Arındırıcı Losyon Tonik 4","height":1200,"position":1,"src":"/media/export/cms/products/1200x1500/cl_prod_15504_1200x1500_1.png","type":"image","width":1500}],"medium":null,"poster":null,"small":[{"alt":"Clarifying Lotion Yağlı Cilt İçin Arındırıcı Losyon Tonik 4","height":1200,"position":2,"src":"/media/export/cms/products/1200x1500/cl_prod_15504_1200x1500_0.png","type":"image","width":1500},{"alt":"Clarifying Lotion Yağlı Cilt İçin Arındırıcı Losyon Tonik 4","height":1200,"position":3,"src":"/media/export/cms/products/1200x1500/cl_prod_15504_1200x1500_1.png","type":"image","width":1500}],"videos":[{"position":null,"poster":{"height":null,"src":null,"width":null},"provider":null,"src":null},{"position":null,"poster":{"height":null,"src":null,"width":null},"provider":null,"src":null},{"position":null,"poster":{"height":null,"src":null,"width":null},"provider":null,"src":null}],"xl":null},"meta":{"description":null,"keywords":"toner"},"parent_category":[{"id":"23297","value":"TONİK LOSYON"},{"id":"1667","value":"CİLT BAKIMI"}],"product_badge":null,"product_id":"15504","product_title_tag":null,"product_type":"Sized","product_url":"/product/23297/15504/cilt-bakimi/tonik-losyon/clarifying-lotion-yagl-cilt-icin-arndrc-losyon-tonik-4","reviews":{"average_rating":4,"number_of_questions":null,"number_of_reviews":29},"shade_groups":null,"short_description":"Dermatologlar tarafından geliştirilen rındırıcı yüz temizleme losyon tonik, cildi daha pürüzsüz ve ışıltılı yapmak için arındırır","skin":null,"skin_goal":null,"skus":{"total":2,"items":[{"color_family":null,"coverage_options":null,"cross_sell":null,"display_status":7,"finish":null,"finish_options":null,"fragrances":[{"family":null,"key":null,"value":null}],"iln_listing":null,"iln_version_number":null,"inventory_status":"Active","is_active":true,"is_coming_soon":null,"is_default_sku":true,"is_discountable":true,"is_displayable":null,"is_engravable":null,"is_fragrance":null,"is_giftable":null,"is_giftwrap":false,"is_inactive":null,"is_multi_shaded":null,"is_out_of_stock":null,"is_preorder":false,"is_preorderable":null,"is_promotional":null,"is_replenishable":false,"is_search_suppressed":null,"is_searchable":true,"is_shaded":null,"is_sized":null,"is_sold_out":null,"is_under_weight_hazmat":null,"is_vto_enabled":null,"life_of_product":"Basic Reorder","material_code":"76X6010000","media":{"large":[{"alt":"Clarifying Lotion Yağlı Cilt İçin Arındırıcı Losyon Tonik 4","height":1200,"position":0,"src":"/media/export/cms/products/1200x1500/cl_sku_76X601_1200x1500_0.png","type":"image","width":1500}],"medium":[{"alt":"Clarifying Lotion Yağlı Cilt İçin Arındırıcı Losyon Tonik 4","height":600,"position":1,"src":"/media/export/cms/products/600x750/cl_sku_76X601_600x750_0.png","type":"image","width":750},{"alt":"Clarifying Lotion Yağlı Cilt İçin Arındırıcı Losyon Tonik 4","height":600,"position":2,"src":"/media/export/cms/products/600x750/cl_sku_76X601_600x750_1.png","type":"image","width":750}],"model":null,"poster":null,"small":[{"alt":"Clarifying Lotion Yağlı Cilt İçin Arındırıcı Losyon Tonik 4","height":1200,"position":3,"src":"/media/export/cms/products/1200x1500/cl_sku_76X601_1200x1500_0.png","type":"image","width":1500}],"smoosh":null,"xl":null},"out_of_stock_threshold":null,"perlgem":{"SKU_BASE_ID":31723},"preorder_date":null,"prices":[{"currency":"TRY","exclude_tax":{"original_price":195,"original_price_formatted":"195.00 TL","price":195,"price_formatted":"195.00 TL","price_per_unit":null,"price_per_unit_formatted":""},"include_tax":{"original_price":195,"original_price_formatted":"195.00 TL","price":195,"price_formatted":"195.00 TL","price_per_unit":null,"price_per_unit_formatted":""},"is_discounted":false}],"purchase_limit":null,"replenishment":{"message":"Recommended Auto-Ship cycle: 6 weeks  Learn more >"},"reviews":{"average_rating":null,"number_of_questions":null,"number_of_reviews":null},"set_components":null,"shade_groups":null,"shades":null,"sizes":[{"key":1,"value":"200 ml"}],"skin":{"tone":null,"type":[{"key":"oily-skintype","value":"oily_skintype"}],"type_description":null},"sku_badge":null,"sku_badge_image":null,"sku_display_order":1,"sku_id":"76X601","sku_promo_messaging":null,"sku_type":"SE","sku_url":null,"tags":{"total":15,"items":[{"id":"13563","key":"yeni̇-yil-ci̇lt-bakimi","value":"YENİ YIL CİLT BAKIMI"},{"id":"23297","key":"toni̇k-losyon","value":"TONİK LOSYON"},{"id":"1682","key":"peeling-ürünleri̇","value":"PEELING ÜRÜNLERİ"},{"id":"27172","key":"day5flashsale","value":"Day5FlashSale"},{"id":"27174","key":"day7flashsale","value":"Day7FlashSale"},{"id":"27173","key":"day6flashsale","value":"Day6FlashSale"},{"id":"10589","key":"offers-lp","value":"Offers LP"},{"id":"12517","key":"yağsiz-ci̇lt-bakim-ürünleri̇","value":"YAĞSIZ CİLT BAKIM ÜRÜNLERİ"},{"id":"1573","key":"arindirma","value":"ARINDIRMA"},{"id":"12796","key":"yağlanma-karşiti-ürünler","value":"YAĞLANMA KARŞITI ÜRÜNLER"},{"id":"12795","key":"ci̇lt-ti̇pi̇-4-yağli","value":"CİLT TİPİ 4 - YAĞLI"},{"id":"1575","key":"en-çok-satanlar","value":"En Çok Satanlar"},{"id":"1628","key":"-evde-bakim","value":"# EVDE BAKIM"},{"id":"24180","key":"tamamlayici-ürünler","value":"TAMAMLAYICI ÜRÜNLER"},{"id":"25565","key":"justarrivednew","value":"justarrivednew"}]},"texture":null,"undertone":null,"unit_of_measure":null,"unit_size":0,"unit_size_formatted":null,"upc":"020714462789","vto":{"is_color_experience":null,"is_foundation_experience":null}},{"color_family":null,"coverage_options":null,"cross_sell":null,"display_status":7,"finish":null,"finish_options":null,"fragrances":[{"family":null,"key":null,"value":null}],"iln_listing":null,"iln_version_number":null,"inventory_status":"Active","is_active":true,"is_coming_soon":null,"is_default_sku":false,"is_discountable":true,"is_displayable":null,"is_engravable":null,"is_fragrance":null,"is_giftable":null,"is_giftwrap":false,"is_inactive":null,"is_multi_shaded":null,"is_out_of_stock":null,"is_preorder":false,"is_preorderable":null,"is_promotional":null,"is_replenishable":false,"is_search_suppressed":null,"is_searchable":true,"is_shaded":null,"is_sized":null,"is_sold_out":null,"is_under_weight_hazmat":null,"is_vto_enabled":null,"life_of_product":"Basic Reorder","material_code":"76X1010000","media":{"large":[{"alt":"Clarifying Lotion Yağlı Cilt İçin Arındırıcı Losyon Tonik 4","height":1200,"position":0,"src":"/media/export/cms/products/1200x1500/cl_sku_76X101_1200x1500_0.png","type":"image","width":1500}],"medium":[{"alt":"Clarifying Lotion Yağlı Cilt İçin Arındırıcı Losyon Tonik 4","height":600,"position":1,"src":"/media/export/cms/products/600x750/cl_sku_76X101_600x750_0.png","type":"image","width":750}],"model":null,"poster":null,"small":[{"alt":"Clarifying Lotion Yağlı Cilt İçin Arındırıcı Losyon Tonik 4","height":1200,"position":2,"src":"/media/export/cms/products/1200x1500/cl_sku_76X101_1200x1500_0.png","type":"image","width":1500}],"smoosh":null,"xl":null},"out_of_stock_threshold":null,"perlgem":{"SKU_BASE_ID":31728},"preorder_date":null,"prices":[{"currency":"TRY","exclude_tax":{"original_price":320,"original_price_formatted":"320.00 TL","price":320,"price_formatted":"320.00 TL","price_per_unit":null,"price_per_unit_formatted":""},"include_tax":{"original_price":320,"original_price_formatted":"320.00 TL","price":320,"price_formatted":"320.00 TL","price_per_unit":null,"price_per_unit_formatted":""},"is_discounted":false}],"purchase_limit":null,"replenishment":{"message":"Recommended Auto-Ship cycle: 12 weeks  Learn more >"},"reviews":{"average_rating":null,"number_of_questions":null,"number_of_reviews":null},"set_components":null,"shade_groups":null,"shades":null,"sizes":[{"key":1,"value":"400 ml"}],"skin":{"tone":null,"type":[{"key":"oily-skintype","value":"oily_skintype"}],"type_description":null},"sku_badge":null,"sku_badge_image":null,"sku_display_order":1,"sku_id":"76X101","sku_promo_messaging":null,"sku_type":"SE","sku_url":null,"tags":{"total":17,"items":[{"id":"13563","key":"yeni̇-yil-ci̇lt-bakimi","value":"YENİ YIL CİLT BAKIMI"},{"id":"24002","key":"jumbo-boy","value":"JUMBO BOY"},{"id":"23297","key":"toni̇k-losyon","value":"TONİK LOSYON"},{"id":"1682","key":"peeling-ürünleri̇","value":"PEELING ÜRÜNLERİ"},{"id":"27172","key":"day5flashsale","value":"Day5FlashSale"},{"id":"27174","key":"day7flashsale","value":"Day7FlashSale"},{"id":"27173","key":"day6flashsale","value":"Day6FlashSale"},{"id":"10589","key":"offers-lp","value":"Offers LP"},{"id":"12517","key":"yağsiz-ci̇lt-bakim-ürünleri̇","value":"YAĞSIZ CİLT BAKIM ÜRÜNLERİ"},{"id":"1573","key":"arindirma","value":"ARINDIRMA"},{"id":"12796","key":"yağlanma-karşiti-ürünler","value":"YAĞLANMA KARŞITI ÜRÜNLER"},{"id":"12795","key":"ci̇lt-ti̇pi̇-4-yağli","value":"CİLT TİPİ 4 - YAĞLI"},{"id":"1575","key":"en-çok-satanlar","value":"En Çok Satanlar"},{"id":"2669","key":"hedi̇yeler-setler","value":"HEDİYELER & SETLER"},{"id":"1628","key":"-evde-bakim","value":"# EVDE BAKIM"},{"id":"24180","key":"tamamlayici-ürünler","value":"TAMAMLAYICI ÜRÜNLER"},{"id":"12602","key":"jumbo-boylar","value":"JUMBO BOYLAR"}]},"texture":null,"undertone":null,"unit_of_measure":null,"unit_size":0,"unit_size_formatted":null,"upc":"020714462741","vto":{"is_color_experience":null,"is_foundation_experience":null}}]},"sub_display_name":null,"sub_header":null,"tags":{"total":18,"items":[{"id":"13563","key":"yeni̇-yil-ci̇lt-bakimi","parent_tag_id":"13561","product_display_order":65,"value":"YENİ YIL CİLT BAKIMI"},{"id":"24002","key":"jumbo-boy","parent_tag_id":"1667","product_display_order":0,"value":"JUMBO BOY"},{"id":"23297","key":"toni̇k-losyon","parent_tag_id":"1667","product_display_order":1,"value":"TONİK LOSYON"},{"id":"1682","key":"peeling-ürünleri̇","parent_tag_id":"1667","product_display_order":11,"value":"PEELING ÜRÜNLERİ"},{"id":"27172","key":"day5flashsale","parent_tag_id":"1590","product_display_order":25,"value":"Day5FlashSale"},{"id":"27174","key":"day7flashsale","parent_tag_id":"1590","product_display_order":0,"value":"Day7FlashSale"},{"id":"27173","key":"day6flashsale","parent_tag_id":"1590","product_display_order":0,"value":"Day6FlashSale"},{"id":"10589","key":"offers-lp","parent_tag_id":null,"product_display_order":1,"value":"Offers LP"},{"id":"12517","key":"yağsiz-ci̇lt-bakim-ürünleri̇","parent_tag_id":"1667","product_display_order":5,"value":"YAĞSIZ CİLT BAKIM ÜRÜNLERİ"},{"id":"1573","key":"arindirma","parent_tag_id":"1570","product_display_order":4,"value":"ARINDIRMA"},{"id":"12796","key":"yağlanma-karşiti-ürünler","parent_tag_id":"1667","product_display_order":4,"value":"YAĞLANMA KARŞITI ÜRÜNLER"},{"id":"12795","key":"ci̇lt-ti̇pi̇-4-yağli","parent_tag_id":"1570","product_display_order":5,"value":"CİLT TİPİ 4 - YAĞLI"},{"id":"1575","key":"en-çok-satanlar","parent_tag_id":null,"product_display_order":108,"value":"En Çok Satanlar"},{"id":"2669","key":"hedi̇yeler-setler","parent_tag_id":"1570","product_display_order":0,"value":"HEDİYELER & SETLER"},{"id":"1628","key":"-evde-bakim","parent_tag_id":null,"product_display_order":94,"value":"# EVDE BAKIM"},{"id":"24180","key":"tamamlayici-ürünler","parent_tag_id":"1667","product_display_order":0,"value":"TAMAMLAYICI ÜRÜNLER"},{"id":"12602","key":"jumbo-boylar","parent_tag_id":"1570","product_display_order":0,"value":"JUMBO BOYLAR"},{"id":"25565","key":"justarrivednew","parent_tag_id":null,"product_display_order":2,"value":"justarrivednew"}]},"usage":[{"content":"<ul><li>Sabah ve akşam olmak üzere günde 2 kere uygulayın.</li><li>Bir pamuk yardımıyla tüm yüz, boyun bölgesi dahil bir kere üzerinden geçin.</li><li>Sadece harici kullanım içindir.Göz çevresi ve dudaklara uygulanmamalıdır.</li><li> 3 Adımlı Cilt Bakım Sistemi ile devam edin.:<a href=\"/product/1574/26651/3_step/Step_3_Moisturize/NEW-Dramatically-Different-Moisturizing-Lotion/The-dermatologists-daily-moisturizer/index.tmpl\">Dramatically Different Nemlendirici Losyon+</a> veya <a href=\"/product/1574/5047/3_step/Step_3_Moisturize/Dramatically-Different-Nemlendirici Jel kullanın./Yağlı ciltler bile neme ihtiyaç duyar./index.tmpl\">Gel.</a></li></ul>","label":"PRODUCT USAGE","type":"product_usage"},{"content":null,"label":"HOW DOES IT WORK","type":"how_does_it_work"},{"content":"Yağlı Ciltler (type 4)","label":"WHO IT IS FOR","type":"who_it_is_for"},{"content":"5 farklı cilt tipine uygun formül geliştirilmiştir.<li> Hassas ciltler için: Clarifyin Lotion 1.0</li><li>Çok Kuru Ciltler için: Clarifying Lotion</li><li>Kuru karma ciltler için: Clarifying Lotion 2</li><li>Karma Yağlı Ciltler için: Clarifying Lotion 3</li><li>Çok Yağlı Ciltler için Clarifying Lotion 4</li><br>The secret’s in the system.<br>3 adımlı cilt bakım sistemimiz dermatologlar tarafından geliştirilmiştir.<br> Basit, etkili ve güvenlidir. 3 dakika içinde, günde iki kere: Yüz yıkama jeli/sabunu ile cildinizi temizleyin, losyon ile cildinizi arındırın, DDML+ , yağ içermeyen jel veya jelly formülü ile nemlendirin.<br>Clinique cilt bakım sistemimizden size uygun olan rutini seçiniz.","label":"GREAT TO KNOW","type":"great_to_know"},{"content":"<ul><li>Hassas ve arındırıcı formülü ile cildinizde fark yaratır. Hava kirliliği, yağ ve kiri cildinizden nazikçe arındırır.</li><li>Cildi nemlendiriciye hazırlar- arındırılmış cilt nemlendirici ve serumları daha etkili şekilde hapseder.</li><li>Yağlı ciltler, cildindeki yağ üretimini azaltmak ve gözenek temizliğini sağlamak için 2 kere uygulamalıdır.</li><li>Kuru ciltler, nemlendirici emiliminin artmasına destek olması ve nemsizlikten oluşan ince çizgileri engellemek için günde 2 kere uygulamalıdır.</li><br><br><b>Nasıl Kullanılır?</b><br><ul><li>Sabah ve akşam olmak üzere günde 2 kere uygulayın.</li><li>Cildinize tampon hareketlerle pamuk ile uygulayın.</li><li>Harici kullanım içindir. Göz ve dudak çevresinden uzak tutunuz.</li><li>3. Adım olan nemlendirici adımı ile devam ediniz. Cildinize uygun olan Dramatically Different Losyon, Jel ya da Jelly'i seçiniz.</li></ul>","label":"WHAT_IT_DOES","type":"what_it_does"},{"content":"3 Adımlı Cilt Bakım Sistemimizin 2.Adımı.<br> Dermatologlar tarafından geliştirilen rındırıcı yüz temizleme losyon tonik, cildi daha pürüzsüz ve ışıltılı yapmak için arındırır","label":"WHAT_IT_IS","type":"what_it_is"}],"objectID":"15504"},{"benefit":{"statement":null,"benefits":null},"brand":null,"collection":null,"coverage":null,"cross_sell":[{"sku_id":null,"sort_key":1},{"sku_id":"62A401","sort_key":2},{"sku_id":"75X301","sort_key":3},{"sku_id":"68A001","sort_key":4},{"sku_id":"645J01","sort_key":5},{"sku_id":"6F3701","sort_key":6}],"default_category":{"id":"1603","key":"dudak-parlatici-dolgunlaştirici"},"description":"Boyama kalemi şeklinde eğlenceli bir görünüme sahip olan Chubby Stick, kremsi formülüyle kalıcı renk ve mükemmel kapatıcılık sağlar. Alt tarafı çevirin ve kullandıktan sonra geri çevirerek kapağını kapatın. Kullanımı çok kolay!. Mango ve shea yağlarından oluşan ekstra nemlendirici içeriğe sahiptir. Kuru dudakların tek ihtiyacı olan nemi sağlayarak dudakların rahat ve yumuşak hissedilmesini sağlar.&nbsp; Pratik tasarımı sayesinde dudaklara kolayca uygulanır.","display_mode":null,"display_name":"Chubby Stick Nemlendirici Dudak Parlatıcısı","display_status":7,"finish":null,"form":null,"formula_type":null,"fragrance_family":null,"indexable_keywords":null,"is_hazmat":false,"is_product_coming_soon":null,"is_product_displayable":true,"is_product_searchable":true,"is_product_shoppable":true,"is_product_sold_out":null,"is_product_temporarily_out_of_stock":null,"is_search_suppressed":null,"key_ingredient":null,"media":{"large":[{"alt":"Chubby Stick Nemlendirici Dudak Parlatıcısı","height":1200,"position":0,"src":"/media/export/cms/products/1200x1500/cl_prod_15520_1200x1500_0.png","type":"image","width":1500},{"alt":"Chubby Stick Nemlendirici Dudak Parlatıcısı","height":1200,"position":1,"src":"/media/export/cms/products/1200x1500/cl_prod_15520_1200x1500_1.png","type":"image","width":1500}],"medium":null,"poster":null,"small":[{"alt":"Chubby Stick Nemlendirici Dudak Parlatıcısı","height":1200,"position":2,"src":"/media/export/cms/products/1200x1500/cl_prod_15520_1200x1500_0.png","type":"image","width":1500},{"alt":"Chubby Stick Nemlendirici Dudak Parlatıcısı","height":1200,"position":3,"src":"/media/export/cms/products/1200x1500/cl_prod_15520_1200x1500_1.png","type":"image","width":1500}],"videos":[{"position":null,"poster":{"height":null,"src":null,"width":null},"provider":null,"src":null},{"position":null,"poster":{"height":null,"src":null,"width":null},"provider":null,"src":null},{"position":null,"poster":{"height":null,"src":null,"width":null},"provider":null,"src":null}],"xl":null},"meta":{"description":null,"keywords":"sheer lip, lip balm"},"parent_category":[{"id":"1603","value":"DUDAK PARLATICI & DOLGUNLAŞTIRICI"},{"id":"1592","value":"MAKYAJ"}],"product_badge":null,"product_id":"15520","product_title_tag":null,"product_type":"Shaded","product_url":"/product/1603/15520/makyaj/dudak-parlatici-dolgunlastirici/chubby-stick-nemlendirici-dudak-parlatcs","reviews":{"average_rating":4.3,"number_of_questions":null,"number_of_reviews":33},"shade_groups":null,"short_description":"Aynaya ihtiyacınız yok. Zengin renklerini karıştırırarak istediğiniz tonu elde edebilirsiniz","skin":null,"skin_goal":null,"skus":{"total":7,"items":[{"color_family":[{"key":"pink-color","value":"pink_color"}],"coverage_options":null,"cross_sell":null,"display_status":7,"finish":[{"key":"satin-finish","value":"satin_finish"}],"finish_options":[{"key":"satin-finish","value":"satin_finish"}],"fragrances":[{"family":null,"key":null,"value":null}],"iln_listing":null,"iln_version_number":null,"inventory_status":"Active","is_active":true,"is_coming_soon":null,"is_default_sku":false,"is_discountable":true,"is_displayable":null,"is_engravable":null,"is_fragrance":null,"is_giftable":null,"is_giftwrap":false,"is_inactive":null,"is_multi_shaded":null,"is_out_of_stock":null,"is_preorder":false,"is_preorderable":null,"is_promotional":null,"is_replenishable":false,"is_search_suppressed":null,"is_searchable":true,"is_shaded":null,"is_sized":null,"is_sold_out":null,"is_under_weight_hazmat":false,"is_vto_enabled":null,"life_of_product":"Basic Reorder","material_code":"749K050000","media":{"large":[{"alt":"Chubby Stick Nemlendirici Dudak Parlatıcısı","height":1200,"position":1,"src":"/media/export/cms/products/1200x1500/cl_sku_749K05_1200x1500_0.png","type":"image","width":1500}],"medium":[{"alt":"Chubby Stick Nemlendirici Dudak Parlatıcısı","height":600,"position":2,"src":"/media/export/cms/products/600x750/cl_sku_749K05_600x750_0.png","type":"image","width":750}],"model":null,"poster":null,"small":[{"alt":"Chubby Stick Nemlendirici Dudak Parlatıcısı","height":1200,"position":3,"src":"/media/export/cms/products/1200x1500/cl_sku_749K05_1200x1500_0.png","type":"image","width":1500}],"smoosh":[{"alt":"Chubby Stick Nemlendirici Dudak Parlatıcısı","height":1200,"position":0,"src":"/media/export/cms/products/1200x1500/swatches_v3/24_ns_ng.png","type":"image","width":1500}],"xl":null},"out_of_stock_threshold":null,"perlgem":{"SKU_BASE_ID":31768},"preorder_date":null,"prices":[{"currency":"TRY","exclude_tax":{"original_price":149,"original_price_formatted":"149.00 TL","price":149,"price_formatted":"149.00 TL","price_per_unit":null,"price_per_unit_formatted":""},"include_tax":{"original_price":149,"original_price_formatted":"149.00 TL","price":149,"price_formatted":"149.00 TL","price_per_unit":null,"price_per_unit_formatted":""},"is_discounted":false}],"purchase_limit":null,"replenishment":{"message":"Never run low on your favourites. Sign up for Auto-Ship. Learn more >"},"reviews":{"average_rating":null,"number_of_questions":null,"number_of_reviews":null},"set_components":null,"shade_groups":null,"shades":[{"description":"","hex_val":"#c04156","image":{"height":null,"src":"","width":null},"name":"Chunky Cherry","smoosh_design":{"group_id":null,"name":"24::none::none"}}],"sizes":[{"key":1,"value":"3 g"}],"skin":{"tone":null,"type":null,"type_description":null},"sku_badge":null,"sku_badge_image":null,"sku_display_order":0,"sku_id":"749K05","sku_promo_messaging":null,"sku_type":"SE","sku_url":null,"tags":{"total":18,"items":[{"id":"25016","key":"top-sellers","value":"Top Sellers"},{"id":"9427","key":"whatsnew","value":"what'snew"},{"id":"1605","key":"ruj","value":"RUJ"},{"id":"4323","key":"yeni̇-ürünler","value":"YENİ ÜRÜNLER"},{"id":"1604","key":"dudak-kalemi̇","value":"DUDAK KALEMİ"},{"id":"13562","key":"yeni̇-yil-makyaj","value":"YENİ YIL MAKYAJ"},{"id":"9423","key":"seasonal1","value":"seasonal1"},{"id":"12537","key":"çok-satan-makyaj-ürünleri̇","value":"ÇOK SATAN MAKYAJ ÜRÜNLERİ"},{"id":"10589","key":"offers-lp","value":"Offers LP"},{"id":"9428","key":"top10","value":"top10"},{"id":"1592","key":"makyaj","value":"MAKYAJ"},{"id":"15513","key":"recommended-for-students","value":"Recommended for Students"},{"id":"16422","key":"gifts","value":"Gifts"},{"id":"13770","key":"recommended-clinique-favourites","value":"Recommended Clinique Favourites"},{"id":"9424","key":"discovery-box","value":"Discovery Box"},{"id":"1603","key":"dudak-parlatici-dolgunlaştirici","value":"DUDAK PARLATICI & DOLGUNLAŞTIRICI"},{"id":"13561","key":"yeni̇-yil-buti̇ği̇","value":"YENİ YIL BUTİĞİ"},{"id":"9422","key":"socialmediafavs","value":"socialmediafavs"}]},"texture":null,"undertone":null,"unit_of_measure":null,"unit_size":0,"unit_size_formatted":null,"upc":"020714445348","vto":{"is_color_experience":null,"is_foundation_experience":null}},{"color_family":[{"key":"nude-color","value":"nude_color"}],"coverage_options":null,"cross_sell":null,"display_status":7,"finish":[{"key":"satin-finish","value":"satin_finish"}],"finish_options":[{"key":"satin-finish","value":"satin_finish"}],"fragrances":[{"family":null,"key":null,"value":null}],"iln_listing":null,"iln_version_number":null,"inventory_status":"Active","is_active":true,"is_coming_soon":null,"is_default_sku":false,"is_discountable":true,"is_displayable":null,"is_engravable":null,"is_fragrance":null,"is_giftable":null,"is_giftwrap":false,"is_inactive":null,"is_multi_shaded":null,"is_out_of_stock":null,"is_preorder":false,"is_preorderable":null,"is_promotional":null,"is_replenishable":false,"is_search_suppressed":null,"is_searchable":true,"is_shaded":null,"is_sized":null,"is_sold_out":null,"is_under_weight_hazmat":false,"is_vto_enabled":null,"life_of_product":"Basic Reorder","material_code":"749K020000","media":{"large":[{"alt":"Chubby Stick Nemlendirici Dudak Parlatıcısı","height":1200,"position":1,"src":"/media/export/cms/products/1200x1500/cl_sku_749K02_1200x1500_0.png","type":"image","width":1500}],"medium":[{"alt":"Chubby Stick Nemlendirici Dudak Parlatıcısı","height":600,"position":2,"src":"/media/export/cms/products/600x750/cl_sku_749K02_600x750_0.png","type":"image","width":750}],"model":null,"poster":null,"small":[{"alt":"Chubby Stick Nemlendirici Dudak Parlatıcısı","height":1200,"position":3,"src":"/media/export/cms/products/1200x1500/cl_sku_749K02_1200x1500_0.png","type":"image","width":1500}],"smoosh":[{"alt":"Chubby Stick Nemlendirici Dudak Parlatıcısı","height":1200,"position":0,"src":"/media/export/cms/products/1200x1500/swatches_v3/24_ns_ng.png","type":"image","width":1500}],"xl":null},"out_of_stock_threshold":null,"perlgem":{"SKU_BASE_ID":31743},"preorder_date":null,"prices":[{"currency":"TRY","exclude_tax":{"original_price":149,"original_price_formatted":"149.00 TL","price":149,"price_formatted":"149.00 TL","price_per_unit":49.67,"price_per_unit_formatted":"49.67 TL / 1g"},"include_tax":{"original_price":149,"original_price_formatted":"149.00 TL","price":149,"price_formatted":"149.00 TL","price_per_unit":49.67,"price_per_unit_formatted":"49.67 TL / 1g"},"is_discounted":false}],"purchase_limit":null,"replenishment":{"message":"Never run low on your favourites. Sign up for Auto-Ship. Learn more >"},"reviews":{"average_rating":null,"number_of_questions":null,"number_of_reviews":null},"set_components":null,"shade_groups":null,"shades":[{"description":"","hex_val":"#af6262","image":{"height":null,"src":"","width":null},"name":"Whole Lotta Honey","smoosh_design":{"group_id":null,"name":"24::none::none"}}],"sizes":[{"key":1,"value":"3 g"}],"skin":{"tone":null,"type":null,"type_description":null},"sku_badge":null,"sku_badge_image":null,"sku_display_order":0,"sku_id":"749K02","sku_promo_messaging":null,"sku_type":"SE","sku_url":null,"tags":{"total":16,"items":[{"id":"25016","key":"top-sellers","value":"Top Sellers"},{"id":"9427","key":"whatsnew","value":"what'snew"},{"id":"1605","key":"ruj","value":"RUJ"},{"id":"4323","key":"yeni̇-ürünler","value":"YENİ ÜRÜNLER"},{"id":"1604","key":"dudak-kalemi̇","value":"DUDAK KALEMİ"},{"id":"13562","key":"yeni̇-yil-makyaj","value":"YENİ YIL MAKYAJ"},{"id":"12537","key":"çok-satan-makyaj-ürünleri̇","value":"ÇOK SATAN MAKYAJ ÜRÜNLERİ"},{"id":"10589","key":"offers-lp","value":"Offers LP"},{"id":"9428","key":"top10","value":"top10"},{"id":"1592","key":"makyaj","value":"MAKYAJ"},{"id":"15513","key":"recommended-for-students","value":"Recommended for Students"},{"id":"16422","key":"gifts","value":"Gifts"},{"id":"13770","key":"recommended-clinique-favourites","value":"Recommended Clinique Favourites"},{"id":"9424","key":"discovery-box","value":"Discovery Box"},{"id":"1603","key":"dudak-parlatici-dolgunlaştirici","value":"DUDAK PARLATICI & DOLGUNLAŞTIRICI"},{"id":"9422","key":"socialmediafavs","value":"socialmediafavs"}]},"texture":null,"undertone":null,"unit_of_measure":"g","unit_size":1,"unit_size_formatted":"1g","upc":"020714445317","vto":{"is_color_experience":null,"is_foundation_experience":null}},{"color_family":[{"key":"violet-color","value":"violet_color"}],"coverage_options":null,"cross_sell":null,"display_status":7,"finish":[{"key":"satin-finish","value":"satin_finish"}],"finish_options":[{"key":"satin-finish","value":"satin_finish"}],"fragrances":[{"family":null,"key":null,"value":null}],"iln_listing":null,"iln_version_number":null,"inventory_status":"Active","is_active":true,"is_coming_soon":null,"is_default_sku":false,"is_discountable":true,"is_displayable":null,"is_engravable":null,"is_fragrance":null,"is_giftable":null,"is_giftwrap":false,"is_inactive":null,"is_multi_shaded":null,"is_out_of_stock":null,"is_preorder":false,"is_preorderable":null,"is_promotional":null,"is_replenishable":false,"is_search_suppressed":null,"is_searchable":true,"is_shaded":null,"is_sized":null,"is_sold_out":null,"is_under_weight_hazmat":false,"is_vto_enabled":null,"life_of_product":"Basic Reorder","material_code":"749K080000","media":{"large":[{"alt":"Chubby Stick Nemlendirici Dudak Parlatıcısı","height":1200,"position":1,"src":"/media/export/cms/products/1200x1500/cl_sku_749K08_1200x1500_0.png","type":"image","width":1500}],"medium":[{"alt":"Chubby Stick Nemlendirici Dudak Parlatıcısı","height":600,"position":2,"src":"/media/export/cms/products/600x750/cl_sku_749K08_600x750_0.png","type":"image","width":750}],"model":null,"poster":null,"small":[{"alt":"Chubby Stick Nemlendirici Dudak Parlatıcısı","height":1200,"position":3,"src":"/media/export/cms/products/1200x1500/cl_sku_749K08_1200x1500_0.png","type":"image","width":1500}],"smoosh":[{"alt":"Chubby Stick Nemlendirici Dudak Parlatıcısı","height":1200,"position":0,"src":"/media/export/cms/products/1200x1500/swatches_v3/24_ns_ng.png","type":"image","width":1500}],"xl":null},"out_of_stock_threshold":null,"perlgem":{"SKU_BASE_ID":31774},"preorder_date":null,"prices":[{"currency":"TRY","exclude_tax":{"original_price":149,"original_price_formatted":"149.00 TL","price":149,"price_formatted":"149.00 TL","price_per_unit":null,"price_per_unit_formatted":""},"include_tax":{"original_price":149,"original_price_formatted":"149.00 TL","price":149,"price_formatted":"149.00 TL","price_per_unit":null,"price_per_unit_formatted":""},"is_discounted":false}],"purchase_limit":null,"replenishment":{"message":"Never run low on your favourites. Sign up for Auto-Ship. Learn more >"},"reviews":{"average_rating":null,"number_of_questions":null,"number_of_reviews":null},"set_components":null,"shade_groups":null,"shades":[{"description":"","hex_val":"#954b57","image":{"height":null,"src":"","width":null},"name":"Graped-Up","smoosh_design":{"group_id":null,"name":"24::none::none"}}],"sizes":[{"key":1,"value":"3g"}],"skin":{"tone":null,"type":null,"type_description":null},"sku_badge":null,"sku_badge_image":null,"sku_display_order":0,"sku_id":"749K08","sku_promo_messaging":null,"sku_type":"SE","sku_url":null,"tags":{"total":19,"items":[{"id":"25016","key":"top-sellers","value":"Top Sellers"},{"id":"9427","key":"whatsnew","value":"what'snew"},{"id":"1605","key":"ruj","value":"RUJ"},{"id":"4323","key":"yeni̇-ürünler","value":"YENİ ÜRÜNLER"},{"id":"8194","key":"en-çok-satan-10","value":"En Çok Satan 10 "},{"id":"1604","key":"dudak-kalemi̇","value":"DUDAK KALEMİ"},{"id":"13562","key":"yeni̇-yil-makyaj","value":"YENİ YIL MAKYAJ"},{"id":"12537","key":"çok-satan-makyaj-ürünleri̇","value":"ÇOK SATAN MAKYAJ ÜRÜNLERİ"},{"id":"10589","key":"offers-lp","value":"Offers LP"},{"id":"9428","key":"top10","value":"top10"},{"id":"1575","key":"en-çok-satanlar","value":"En Çok Satanlar"},{"id":"15513","key":"recommended-for-students","value":"Recommended for Students"},{"id":"16422","key":"gifts","value":"Gifts"},{"id":"13770","key":"recommended-clinique-favourites","value":"Recommended Clinique Favourites"},{"id":"1602","key":"hedi̇yeler-setler","value":"HEDİYELER & SETLER"},{"id":"9424","key":"discovery-box","value":"Discovery Box"},{"id":"1603","key":"dudak-parlatici-dolgunlaştirici","value":"DUDAK PARLATICI & DOLGUNLAŞTIRICI"},{"id":"13561","key":"yeni̇-yil-buti̇ği̇","value":"YENİ YIL BUTİĞİ"},{"id":"9422","key":"socialmediafavs","value":"socialmediafavs"}]},"texture":null,"undertone":null,"unit_of_measure":null,"unit_size":0,"unit_size_formatted":null,"upc":"020714463724","vto":{"is_color_experience":null,"is_foundation_experience":null}},{"color_family":[{"key":"red-color","value":"red_color"}],"coverage_options":null,"cross_sell":null,"display_status":7,"finish":[{"key":"satin-finish","value":"satin_finish"}],"finish_options":[{"key":"satin-finish","value":"satin_finish"}],"fragrances":[{"family":null,"key":null,"value":null}],"iln_listing":null,"iln_version_number":null,"inventory_status":"Active","is_active":true,"is_coming_soon":null,"is_default_sku":true,"is_discountable":true,"is_displayable":null,"is_engravable":null,"is_fragrance":null,"is_giftable":null,"is_giftwrap":false,"is_inactive":null,"is_multi_shaded":null,"is_out_of_stock":null,"is_preorder":false,"is_preorderable":null,"is_promotional":null,"is_replenishable":false,"is_search_suppressed":null,"is_searchable":true,"is_shaded":null,"is_sized":null,"is_sold_out":null,"is_under_weight_hazmat":false,"is_vto_enabled":null,"life_of_product":"Basic Reorder","material_code":"749K040000","media":{"large":[{"alt":"Chubby Stick Nemlendirici Dudak Parlatıcısı","height":1200,"position":1,"src":"/media/export/cms/products/1200x1500/cl_sku_749K04_1200x1500_0.png","type":"image","width":1500}],"medium":[{"alt":"Chubby Stick Nemlendirici Dudak Parlatıcısı","height":600,"position":2,"src":"/media/export/cms/products/600x750/cl_sku_749K04_600x750_0.png","type":"image","width":750},{"alt":"Chubby Stick Nemlendirici Dudak Parlatıcısı","height":600,"position":3,"src":"/media/export/cms/products/600x750/cl_sku_749K04_600x750_1.png","type":"image","width":750}],"model":null,"poster":null,"small":[{"alt":"Chubby Stick Nemlendirici Dudak Parlatıcısı","height":1200,"position":4,"src":"/media/export/cms/products/1200x1500/cl_sku_749K04_1200x1500_0.png","type":"image","width":1500}],"smoosh":[{"alt":"Chubby Stick Nemlendirici Dudak Parlatıcısı","height":1200,"position":0,"src":"/media/export/cms/products/1200x1500/swatches_v3/24_ns_ng.png","type":"image","width":1500}],"xl":null},"out_of_stock_threshold":null,"perlgem":{"SKU_BASE_ID":31767},"preorder_date":null,"prices":[{"currency":"TRY","exclude_tax":{"original_price":149,"original_price_formatted":"149.00 TL","price":149,"price_formatted":"149.00 TL","price_per_unit":null,"price_per_unit_formatted":""},"include_tax":{"original_price":149,"original_price_formatted":"149.00 TL","price":149,"price_formatted":"149.00 TL","price_per_unit":null,"price_per_unit_formatted":""},"is_discounted":false}],"purchase_limit":null,"replenishment":{"message":"Never run low on your favourites. Sign up for Auto-Ship. Learn more >"},"reviews":{"average_rating":null,"number_of_questions":null,"number_of_reviews":null},"set_components":null,"shade_groups":null,"shades":[{"description":"","hex_val":"#c45a5b","image":{"height":null,"src":"","width":null},"name":"Mega Melon","smoosh_design":{"group_id":null,"name":"24::none::none"}}],"sizes":[{"key":1,"value":"3 g"}],"skin":{"tone":null,"type":null,"type_description":null},"sku_badge":null,"sku_badge_image":null,"sku_display_order":0,"sku_id":"749K04","sku_promo_messaging":null,"sku_type":"SE","sku_url":null,"tags":{"total":3,"items":[{"id":"1605","key":"ruj","value":"RUJ"},{"id":"1603","key":"dudak-parlatici-dolgunlaştirici","value":"DUDAK PARLATICI & DOLGUNLAŞTIRICI"},{"id":"25565","key":"justarrivednew","value":"justarrivednew"}]},"texture":null,"undertone":null,"unit_of_measure":null,"unit_size":0,"unit_size_formatted":null,"upc":"020714445331","vto":{"is_color_experience":null,"is_foundation_experience":null}},{"color_family":[{"key":"violet-color","value":"violet_color"}],"coverage_options":null,"cross_sell":null,"display_status":7,"finish":[{"key":"satin-finish","value":"satin_finish"}],"finish_options":[{"key":"satin-finish","value":"satin_finish"}],"fragrances":[{"family":null,"key":null,"value":null}],"iln_listing":null,"iln_version_number":null,"inventory_status":"Active","is_active":true,"is_coming_soon":null,"is_default_sku":false,"is_discountable":true,"is_displayable":null,"is_engravable":null,"is_fragrance":null,"is_giftable":null,"is_giftwrap":false,"is_inactive":null,"is_multi_shaded":null,"is_out_of_stock":null,"is_preorder":false,"is_preorderable":null,"is_promotional":null,"is_replenishable":false,"is_search_suppressed":null,"is_searchable":true,"is_shaded":null,"is_sized":null,"is_sold_out":null,"is_under_weight_hazmat":false,"is_vto_enabled":null,"life_of_product":"Basic Reorder","material_code":"749K070000","media":{"large":[{"alt":"Chubby Stick Nemlendirici Dudak Parlatıcısı","height":1200,"position":1,"src":"/media/export/cms/products/1200x1500/cl_sku_749K07_1200x1500_0.png","type":"image","width":1500}],"medium":[{"alt":"Chubby Stick Nemlendirici Dudak Parlatıcısı","height":600,"position":2,"src":"/media/export/cms/products/600x750/cl_sku_749K07_600x750_0.png","type":"image","width":750}],"model":null,"poster":null,"small":[{"alt":"Chubby Stick Nemlendirici Dudak Parlatıcısı","height":1200,"position":3,"src":"/media/export/cms/products/1200x1500/cl_sku_749K07_1200x1500_0.png","type":"image","width":1500}],"smoosh":[{"alt":"Chubby Stick Nemlendirici Dudak Parlatıcısı","height":1200,"position":0,"src":"/media/export/cms/products/1200x1500/swatches_v3/24_ns_ng.png","type":"image","width":1500}],"xl":null},"out_of_stock_threshold":null,"perlgem":{"SKU_BASE_ID":31773},"preorder_date":null,"prices":[{"currency":"TRY","exclude_tax":{"original_price":149,"original_price_formatted":"149.00 TL","price":149,"price_formatted":"149.00 TL","price_per_unit":null,"price_per_unit_formatted":""},"include_tax":{"original_price":149,"original_price_formatted":"149.00 TL","price":149,"price_formatted":"149.00 TL","price_per_unit":null,"price_per_unit_formatted":""},"is_discounted":false}],"purchase_limit":null,"replenishment":{"message":"Never run low on your favourites. Sign up for Auto-Ship. Learn more >"},"reviews":{"average_rating":null,"number_of_questions":null,"number_of_reviews":null},"set_components":null,"shade_groups":null,"shades":[{"description":"","hex_val":"#b1515d","image":{"height":null,"src":"","width":null},"name":"Super Strawberry","smoosh_design":{"group_id":null,"name":"24::none::none"}}],"sizes":[{"key":1,"value":"3 g"}],"skin":{"tone":null,"type":null,"type_description":null},"sku_badge":null,"sku_badge_image":null,"sku_display_order":0,"sku_id":"749K07","sku_promo_messaging":null,"sku_type":"SE","sku_url":null,"tags":{"total":16,"items":[{"id":"25016","key":"top-sellers","value":"Top Sellers"},{"id":"9427","key":"whatsnew","value":"what'snew"},{"id":"1605","key":"ruj","value":"RUJ"},{"id":"4323","key":"yeni̇-ürünler","value":"YENİ ÜRÜNLER"},{"id":"1604","key":"dudak-kalemi̇","value":"DUDAK KALEMİ"},{"id":"13562","key":"yeni̇-yil-makyaj","value":"YENİ YIL MAKYAJ"},{"id":"9423","key":"seasonal1","value":"seasonal1"},{"id":"10589","key":"offers-lp","value":"Offers LP"},{"id":"9428","key":"top10","value":"top10"},{"id":"15513","key":"recommended-for-students","value":"Recommended for Students"},{"id":"16422","key":"gifts","value":"Gifts"},{"id":"13770","key":"recommended-clinique-favourites","value":"Recommended Clinique Favourites"},{"id":"9424","key":"discovery-box","value":"Discovery Box"},{"id":"1603","key":"dudak-parlatici-dolgunlaştirici","value":"DUDAK PARLATICI & DOLGUNLAŞTIRICI"},{"id":"13561","key":"yeni̇-yil-buti̇ği̇","value":"YENİ YIL BUTİĞİ"},{"id":"9422","key":"socialmediafavs","value":"socialmediafavs"}]},"texture":null,"undertone":null,"unit_of_measure":null,"unit_size":0,"unit_size_formatted":null,"upc":"020714463717","vto":{"is_color_experience":null,"is_foundation_experience":null}},{"color_family":[{"key":"pink-color","value":"pink_color"}],"coverage_options":null,"cross_sell":null,"display_status":7,"finish":[{"key":"satin-finish","value":"satin_finish"}],"finish_options":[{"key":"satin-finish","value":"satin_finish"}],"fragrances":[{"family":null,"key":null,"value":null}],"iln_listing":null,"iln_version_number":null,"inventory_status":"Active","is_active":true,"is_coming_soon":null,"is_default_sku":false,"is_discountable":true,"is_displayable":null,"is_engravable":null,"is_fragrance":null,"is_giftable":null,"is_giftwrap":false,"is_inactive":null,"is_multi_shaded":null,"is_out_of_stock":null,"is_preorder":false,"is_preorderable":null,"is_promotional":null,"is_replenishable":false,"is_search_suppressed":null,"is_searchable":true,"is_shaded":null,"is_sized":null,"is_sold_out":null,"is_under_weight_hazmat":false,"is_vto_enabled":null,"life_of_product":"Basic Reorder","material_code":"749K130001","media":{"large":[{"alt":"Chubby Stick Nemlendirici Dudak Parlatıcısı","height":1200,"position":1,"src":"/media/export/cms/products/1200x1500/cl_sku_749K13_1200x1500_0.png","type":"image","width":1500}],"medium":[{"alt":"Chubby Stick Nemlendirici Dudak Parlatıcısı","height":600,"position":2,"src":"/media/export/cms/products/600x750/cl_sku_749K13_600x750_0.png","type":"image","width":750}],"model":null,"poster":null,"small":[{"alt":"Chubby Stick Nemlendirici Dudak Parlatıcısı","height":1200,"position":3,"src":"/media/export/cms/products/1200x1500/cl_sku_749K13_1200x1500_0.png","type":"image","width":1500}],"smoosh":[{"alt":"Chubby Stick Nemlendirici Dudak Parlatıcısı","height":1200,"position":0,"src":"/media/export/cms/products/1200x1500/swatches_v3/24_ns_ng.png","type":"image","width":1500}],"xl":null},"out_of_stock_threshold":null,"perlgem":{"SKU_BASE_ID":43060},"preorder_date":null,"prices":[{"currency":"TRY","exclude_tax":{"original_price":149,"original_price_formatted":"149.00 TL","price":149,"price_formatted":"149.00 TL","price_per_unit":null,"price_per_unit_formatted":""},"include_tax":{"original_price":149,"original_price_formatted":"149.00 TL","price":149,"price_formatted":"149.00 TL","price_per_unit":null,"price_per_unit_formatted":""},"is_discounted":false}],"purchase_limit":null,"replenishment":{"message":"Never run low on your favourites. Sign up for Auto-Ship. Learn more >"},"reviews":{"average_rating":null,"number_of_questions":null,"number_of_reviews":null},"set_components":null,"shade_groups":null,"shades":[{"description":"","hex_val":"#e3727c","image":{"height":null,"src":"","width":null},"name":"Mighty Mimosa","smoosh_design":{"group_id":null,"name":"24::none::none"}}],"sizes":[{"key":1,"value":"3 g"}],"skin":{"tone":null,"type":null,"type_description":null},"sku_badge":null,"sku_badge_image":null,"sku_display_order":0,"sku_id":"749K13","sku_promo_messaging":null,"sku_type":"SE","sku_url":null,"tags":{"total":14,"items":[{"id":"25016","key":"top-sellers","value":"Top Sellers"},{"id":"9427","key":"whatsnew","value":"what'snew"},{"id":"1605","key":"ruj","value":"RUJ"},{"id":"4323","key":"yeni̇-ürünler","value":"YENİ ÜRÜNLER"},{"id":"13562","key":"yeni̇-yil-makyaj","value":"YENİ YIL MAKYAJ"},{"id":"10589","key":"offers-lp","value":"Offers LP"},{"id":"9428","key":"top10","value":"top10"},{"id":"15513","key":"recommended-for-students","value":"Recommended for Students"},{"id":"16422","key":"gifts","value":"Gifts"},{"id":"1602","key":"hedi̇yeler-setler","value":"HEDİYELER & SETLER"},{"id":"9424","key":"discovery-box","value":"Discovery Box"},{"id":"1603","key":"dudak-parlatici-dolgunlaştirici","value":"DUDAK PARLATICI & DOLGUNLAŞTIRICI"},{"id":"13561","key":"yeni̇-yil-buti̇ği̇","value":"YENİ YIL BUTİĞİ"},{"id":"9422","key":"socialmediafavs","value":"socialmediafavs"}]},"texture":null,"undertone":null,"unit_of_measure":null,"unit_size":null,"unit_size_formatted":null,"upc":"020714568856","vto":{"is_color_experience":null,"is_foundation_experience":null}},{"color_family":[{"key":"nude-color","value":"nude_color"}],"coverage_options":null,"cross_sell":null,"display_status":7,"finish":[{"key":"satin-finish","value":"satin_finish"}],"finish_options":[{"key":"satin-finish","value":"satin_finish"}],"fragrances":[{"family":null,"key":null,"value":null}],"iln_listing":null,"iln_version_number":null,"inventory_status":"Active","is_active":true,"is_coming_soon":null,"is_default_sku":false,"is_discountable":true,"is_displayable":null,"is_engravable":null,"is_fragrance":null,"is_giftable":null,"is_giftwrap":false,"is_inactive":null,"is_multi_shaded":null,"is_out_of_stock":null,"is_preorder":false,"is_preorderable":null,"is_promotional":null,"is_replenishable":false,"is_search_suppressed":null,"is_searchable":true,"is_shaded":null,"is_sized":null,"is_sold_out":null,"is_under_weight_hazmat":false,"is_vto_enabled":null,"life_of_product":"Basic Reorder","material_code":"749K090001","media":{"large":[{"alt":"Chubby Stick Nemlendirici Dudak Parlatıcısı","height":1200,"position":1,"src":"/media/export/cms/products/1200x1500/cl_sku_749K09_1200x1500_0.png","type":"image","width":1500}],"medium":[{"alt":"Chubby Stick Nemlendirici Dudak Parlatıcısı","height":600,"position":2,"src":"/media/export/cms/products/600x750/cl_sku_749K09_600x750_0.png","type":"image","width":750}],"model":null,"poster":null,"small":[{"alt":"Chubby Stick Nemlendirici Dudak Parlatıcısı","height":1200,"position":3,"src":"/media/export/cms/products/1200x1500/cl_sku_749K09_1200x1500_0.png","type":"image","width":1500}],"smoosh":[{"alt":"Chubby Stick Nemlendirici Dudak Parlatıcısı","height":1200,"position":0,"src":"/media/export/cms/products/1200x1500/swatches_v3/24_ns_ng.png","type":"image","width":1500}],"xl":null},"out_of_stock_threshold":null,"perlgem":{"SKU_BASE_ID":43058},"preorder_date":null,"prices":[{"currency":"TRY","exclude_tax":{"original_price":149,"original_price_formatted":"149.00 TL","price":149,"price_formatted":"149.00 TL","price_per_unit":null,"price_per_unit_formatted":""},"include_tax":{"original_price":149,"original_price_formatted":"149.00 TL","price":149,"price_formatted":"149.00 TL","price_per_unit":null,"price_per_unit_formatted":""},"is_discounted":false}],"purchase_limit":null,"replenishment":{"message":"Never run low on your favourites. Sign up for Auto-Ship. Learn more >"},"reviews":{"average_rating":null,"number_of_questions":null,"number_of_reviews":null},"set_components":null,"shade_groups":null,"shades":[{"description":"","hex_val":"#b76f69","image":{"height":null,"src":"","width":null},"name":"Heaping Hazelnut","smoosh_design":{"group_id":null,"name":"24::none::none"}}],"sizes":[{"key":1,"value":"3g"}],"skin":{"tone":null,"type":null,"type_description":null},"sku_badge":null,"sku_badge_image":null,"sku_display_order":0,"sku_id":"749K09","sku_promo_messaging":null,"sku_type":"SE","sku_url":null,"tags":{"total":18,"items":[{"id":"25016","key":"top-sellers","value":"Top Sellers"},{"id":"9427","key":"whatsnew","value":"what'snew"},{"id":"1605","key":"ruj","value":"RUJ"},{"id":"4323","key":"yeni̇-ürünler","value":"YENİ ÜRÜNLER"},{"id":"8194","key":"en-çok-satan-10","value":"En Çok Satan 10 "},{"id":"13562","key":"yeni̇-yil-makyaj","value":"YENİ YIL MAKYAJ"},{"id":"12537","key":"çok-satan-makyaj-ürünleri̇","value":"ÇOK SATAN MAKYAJ ÜRÜNLERİ"},{"id":"10589","key":"offers-lp","value":"Offers LP"},{"id":"9428","key":"top10","value":"top10"},{"id":"1575","key":"en-çok-satanlar","value":"En Çok Satanlar"},{"id":"15513","key":"recommended-for-students","value":"Recommended for Students"},{"id":"16422","key":"gifts","value":"Gifts"},{"id":"13770","key":"recommended-clinique-favourites","value":"Recommended Clinique Favourites"},{"id":"1602","key":"hedi̇yeler-setler","value":"HEDİYELER & SETLER"},{"id":"9424","key":"discovery-box","value":"Discovery Box"},{"id":"1603","key":"dudak-parlatici-dolgunlaştirici","value":"DUDAK PARLATICI & DOLGUNLAŞTIRICI"},{"id":"13561","key":"yeni̇-yil-buti̇ği̇","value":"YENİ YIL BUTİĞİ"},{"id":"9422","key":"socialmediafavs","value":"socialmediafavs"}]},"texture":null,"undertone":null,"unit_of_measure":null,"unit_size":null,"unit_size_formatted":null,"upc":"020714568818","vto":{"is_color_experience":null,"is_foundation_experience":null}}]},"sub_display_name":null,"sub_header":null,"tags":{"total":23,"items":[{"id":"25016","key":"top-sellers","parent_tag_id":"4323","product_display_order":0,"value":"Top Sellers"},{"id":"9427","key":"whatsnew","parent_tag_id":"9420","product_display_order":0,"value":"what'snew"},{"id":"1605","key":"ruj","parent_tag_id":"1592","product_display_order":9,"value":"RUJ"},{"id":"4323","key":"yeni̇-ürünler","parent_tag_id":null,"product_display_order":334,"value":"YENİ ÜRÜNLER"},{"id":"8194","key":"en-çok-satan-10","parent_tag_id":null,"product_display_order":0,"value":"En Çok Satan 10 "},{"id":"1604","key":"dudak-kalemi̇","parent_tag_id":"1592","product_display_order":1,"value":"DUDAK KALEMİ"},{"id":"13562","key":"yeni̇-yil-makyaj","parent_tag_id":"13561","product_display_order":17,"value":"YENİ YIL MAKYAJ"},{"id":"9423","key":"seasonal1","parent_tag_id":"9420","product_display_order":3,"value":"seasonal1"},{"id":"12537","key":"çok-satan-makyaj-ürünleri̇","parent_tag_id":"1592","product_display_order":0,"value":"ÇOK SATAN MAKYAJ ÜRÜNLERİ"},{"id":"10589","key":"offers-lp","parent_tag_id":null,"product_display_order":1,"value":"Offers LP"},{"id":"1590","key":"i̇ndi̇ri̇mli̇-ürünler","parent_tag_id":null,"product_display_order":40,"value":"İNDİRİMLİ ÜRÜNLER"},{"id":"9428","key":"top10","parent_tag_id":"9420","product_display_order":0,"value":"top10"},{"id":"1575","key":"en-çok-satanlar","parent_tag_id":null,"product_display_order":115,"value":"En Çok Satanlar"},{"id":"1592","key":"makyaj","parent_tag_id":null,"product_display_order":10,"value":"MAKYAJ"},{"id":"15513","key":"recommended-for-students","parent_tag_id":"4323","product_display_order":0,"value":"Recommended for Students"},{"id":"16422","key":"gifts","parent_tag_id":"1585","product_display_order":0,"value":"Gifts"},{"id":"13770","key":"recommended-clinique-favourites","parent_tag_id":null,"product_display_order":13,"value":"Recommended Clinique Favourites"},{"id":"1602","key":"hedi̇yeler-setler","parent_tag_id":"1600","product_display_order":62,"value":"HEDİYELER & SETLER"},{"id":"9424","key":"discovery-box","parent_tag_id":"9420","product_display_order":1,"value":"Discovery Box"},{"id":"1603","key":"dudak-parlatici-dolgunlaştirici","parent_tag_id":"1592","product_display_order":8,"value":"DUDAK PARLATICI & DOLGUNLAŞTIRICI"},{"id":"13561","key":"yeni̇-yil-buti̇ği̇","parent_tag_id":null,"product_display_order":0,"value":"YENİ YIL BUTİĞİ"},{"id":"25565","key":"justarrivednew","parent_tag_id":null,"product_display_order":3,"value":"justarrivednew"},{"id":"9422","key":"socialmediafavs","parent_tag_id":"9420","product_display_order":0,"value":"socialmediafavs"}]},"usage":[{"content":"<UL><LI>Dudaklara uygulayın.</LI><LI>&nbsp;Daha belirgin görünüm için dudak renginize uygun dudak kalemi kullanın.&nbsp;</LI><LI>&nbsp;Arka tarafından çevirerek ucunu çıkartabilirsiniz.</LI></UL><P>&nbsp;</P>","label":"PRODUCT USAGE","type":"product_usage"},{"content":null,"label":"HOW DOES IT WORK","type":"how_does_it_work"},{"content":"Tüm Cilt Tipleri (1,2,3,4)","label":"WHO IT IS FOR","type":"who_it_is_for"},{"content":null,"label":"GREAT TO KNOW","type":"great_to_know"},{"content":"Doğal gözüken, dolgun ve yumuşak dudaklar. Zengin besleyici balm mango ve shea yağı ile formülize edilmiştir.<br><br><b>Nasıl Kullanılır?</b><br><ul><li>Direkt dudaklarınıza uygulayın.</li><li>Dudaklarını önce dudak kalemi ile belirginleştirin ve ardından doğal görünümlü renkle doldurun. </li><li>Daha fazla ürünü ortaya çıkarmak için yukarı doğru döndürün.</li></ul>","label":"WHAT_IT_DOES","type":"what_it_does"},{"content":"Zengin nemlendirici içerikli lip balm","label":"WHAT_IT_IS","type":"what_it_is"}],"objectID":"15520"},{"benefit":{"statement":null,"benefits":null},"brand":null,"collection":null,"coverage":null,"cross_sell":[{"sku_id":"7T6201","sort_key":1},{"sku_id":"7YXJ01","sort_key":2},{"sku_id":"7C2L01","sort_key":3},{"sku_id":"6F3701","sort_key":4},{"sku_id":"76X501","sort_key":5},{"sku_id":"6EM601","sort_key":6}],"default_category":{"id":"17860","key":"makyaj-ci̇lt-bakim-parfüm-setleri̇"},"description":"<P class=description>Geleceğe 3 Adım.</P><P class=description>Cildinizin ihtiyaçlarınıza özel olarak, dermatologlar tarafından tasarlanmış olan 3 Adımlı Cilt Bakım Sistemi cilde gereken temel bakımı sağlar. Hassas ama etkin temizleme sağlar. Ölü hücreleri, pürüzleri, fazla yağı yok ederek cildi arındırır. Yumuşak ve pürüzsüz bir görünüm için cildin nem bariyerini güçlendirir. Her adım, bir sonrakinden en yüksek verimi almanızı sağlayacak şekilde tasarlanmıştır. </P><P class=description>Sonuç: Daha temiz, sağlıklı ve canlı bir cilt.</P><P class=description>Set İçeriği:</P><UL><LI><DIV class=description>Yüz Temizleme Jeli 60 ml</DIV></LI><LI><DIV class=description>Clarifying Lotion Arındırıcı Losyon100 ml</DIV></LI><LI><DIV class=description>Dramatically Different Nemlendirici Jel/Krem 30 ml<BR></DIV></LI></UL><P class=description>#Geleceğe3Adım</P>","display_mode":null,"display_name":"3 Adımlı Cilt Bakım Sistemi Intro Kit Cilt Tipi 3","display_status":7,"finish":null,"form":null,"formula_type":null,"fragrance_family":null,"indexable_keywords":[{"value":"Set"},{"value":" Pflegeset"},{"value":" Pflege"},{"value":" 3 Step"},{"value":" Kennenlernset"},{"value":" Starter Set"},{"value":" 3-Phasen-Systempflege"}],"is_hazmat":false,"is_product_coming_soon":null,"is_product_displayable":true,"is_product_searchable":true,"is_product_shoppable":true,"is_product_sold_out":null,"is_product_temporarily_out_of_stock":null,"is_search_suppressed":null,"key_ingredient":null,"media":{"large":null,"medium":null,"poster":null,"small":null,"videos":[{"position":null,"poster":{"height":null,"src":null,"width":null},"provider":null,"src":null},{"position":null,"poster":{"height":null,"src":null,"width":null},"provider":null,"src":null},{"position":null,"poster":{"height":null,"src":null,"width":null},"provider":null,"src":null}],"xl":null},"meta":{"description":null,"keywords":"Set, 3 Step,  Starter Set, "},"parent_category":[{"id":"17860","value":"MAKYAJ & CİLT BAKIM & PARFÜM SETLERİ"}],"product_badge":null,"product_id":"15560","product_title_tag":null,"product_type":"Other","product_url":"/product/17860/15560/makyaj-cilt-bakim-parfum-setleri/3-adml-cilt-bakm-sistemi-intro-kit-cilt-tipi-3","reviews":{"average_rating":3.3,"number_of_questions":null,"number_of_reviews":3},"shade_groups":null,"short_description":null,"skin":null,"skin_goal":null,"skus":{"total":1,"items":[{"color_family":null,"coverage_options":null,"cross_sell":null,"display_status":7,"finish":null,"finish_options":null,"fragrances":[{"family":null,"key":null,"value":null}],"iln_listing":null,"iln_version_number":null,"inventory_status":"Active","is_active":true,"is_coming_soon":null,"is_default_sku":false,"is_discountable":true,"is_displayable":null,"is_engravable":null,"is_fragrance":null,"is_giftable":null,"is_giftwrap":false,"is_inactive":null,"is_multi_shaded":null,"is_out_of_stock":null,"is_preorder":false,"is_preorderable":null,"is_promotional":null,"is_replenishable":false,"is_search_suppressed":null,"is_searchable":true,"is_shaded":null,"is_sized":null,"is_sold_out":null,"is_under_weight_hazmat":false,"is_vto_enabled":null,"life_of_product":"Basic Reorder","material_code":"775W010000","media":{"large":[{"alt":"3 Adımlı Cilt Bakım Sistemi Intro Kit Cilt Tipi 3","height":1200,"position":0,"src":"/media/export/cms/products/1200x1500/cl_sku_775W01_1200x1500_0.png","type":"image","width":1500}],"medium":[{"alt":"3 Adımlı Cilt Bakım Sistemi Intro Kit Cilt Tipi 3","height":600,"position":1,"src":"/media/export/cms/products/600x750/cl_sku_775W01_600x750_0.png","type":"image","width":750}],"model":null,"poster":null,"small":[{"alt":"3 Adımlı Cilt Bakım Sistemi Intro Kit Cilt Tipi 3","height":1200,"position":2,"src":"/media/export/cms/products/1200x1500/cl_sku_775W01_1200x1500_0.png","type":"image","width":1500}],"smoosh":null,"xl":null},"out_of_stock_threshold":null,"perlgem":{"SKU_BASE_ID":31312},"preorder_date":null,"prices":[{"currency":"TRY","exclude_tax":{"original_price":215,"original_price_formatted":"215.00 TL","price":215,"price_formatted":"215.00 TL","price_per_unit":null,"price_per_unit_formatted":""},"include_tax":{"original_price":215,"original_price_formatted":"215.00 TL","price":215,"price_formatted":"215.00 TL","price_per_unit":null,"price_per_unit_formatted":""},"is_discounted":false}],"purchase_limit":null,"replenishment":{"message":null},"reviews":{"average_rating":null,"number_of_questions":null,"number_of_reviews":null},"set_components":null,"shade_groups":null,"shades":null,"sizes":[{"key":1,"value":null}],"skin":{"tone":null,"type":null,"type_description":null},"sku_badge":null,"sku_badge_image":null,"sku_display_order":0,"sku_id":"775W01","sku_promo_messaging":null,"sku_type":"SE","sku_url":null,"tags":{"total":23,"items":[{"id":"12794","key":"ci̇lt-ti̇pi̇-3-karma-yağli","value":"CİLT TİPİ 3 - KARMA & YAĞLI"},{"id":"1575","key":"en-çok-satanlar","value":"En Çok Satanlar"},{"id":"13566","key":"yeni̇-yil-ci̇lt-bakimmakyajparfüm-setleri̇","value":"YENİ YIL CİLT BAKIM&MAKYAJ&PARFÜM SETLERİ"},{"id":"27172","key":"day5flashsale","value":"Day5FlashSale"},{"id":"13563","key":"yeni̇-yil-ci̇lt-bakimi","value":"YENİ YIL CİLT BAKIMI"},{"id":"16422","key":"gifts","value":"Gifts"},{"id":"13051","key":"skin-care-best-sellers","value":"Skin Care Best Sellers"},{"id":"1685","key":"hedi̇yeler-setler","value":"HEDİYELER & SETLER"},{"id":"17432","key":"minis","value":"Minis"},{"id":"13569","key":"99-tl-ve-alti-ci̇lt-bakimmakyajparfüm-setleri̇","value":"99 TL VE ALTI CİLT BAKIM&MAKYAJ&PARFÜM SETLERİ"},{"id":"1571","key":"3-adimli-ci̇lt-bakim-si̇stemi̇-setleri̇","value":"3 ADIMLI CİLT BAKIM SİSTEMİ SETLERİ"},{"id":"13567","key":"499-tl-ve-alti-ci̇lt-bakimmakyajparfüm-setleri̇","value":"499 TL VE ALTI CİLT BAKIM&MAKYAJ&PARFÜM SETLERİ"},{"id":"12537","key":"çok-satan-makyaj-ürünleri̇","value":"ÇOK SATAN MAKYAJ ÜRÜNLERİ"},{"id":"8194","key":"en-çok-satan-10","value":"En Çok Satan 10 "},{"id":"13568","key":"249-tl-ve-alti-ci̇lt-bakimmakyajparfüm-setleri̇","value":"249 TL VE ALTI CİLT BAKIM&MAKYAJ&PARFÜM SETLERİ"},{"id":"27168","key":"day1flashsale","value":"Day1FlashSale"},{"id":"2669","key":"hedi̇yeler-setler","value":"HEDİYELER & SETLER"},{"id":"17859","key":"çok-satanlar","value":"ÇOK SATANLAR"},{"id":"27173","key":"day6flashsale","value":"Day6FlashSale"},{"id":"1570","key":"3-adimli-ci̇lt-bakim-si̇stemi̇","value":"3 ADIMLI CİLT BAKIM SİSTEMİ"},{"id":"17860","key":"makyaj-ci̇lt-bakim-parfüm-setleri̇","value":"MAKYAJ & CİLT BAKIM & PARFÜM SETLERİ"},{"id":"1667","key":"ci̇lt-bakimi","value":"CİLT BAKIMI"},{"id":"27174","key":"day7flashsale","value":"Day7FlashSale"}]},"texture":null,"undertone":null,"unit_of_measure":null,"unit_size":0,"unit_size_formatted":null,"upc":"020714464073","vto":{"is_color_experience":null,"is_foundation_experience":null}}]},"sub_display_name":null,"sub_header":null,"tags":{"total":23,"items":[{"id":"12794","key":"ci̇lt-ti̇pi̇-3-karma-yağli","parent_tag_id":"1570","product_display_order":0,"value":"CİLT TİPİ 3 - KARMA & YAĞLI"},{"id":"1575","key":"en-çok-satanlar","parent_tag_id":null,"product_display_order":62,"value":"En Çok Satanlar"},{"id":"13566","key":"yeni̇-yil-ci̇lt-bakimmakyajparfüm-setleri̇","parent_tag_id":"13561","product_display_order":20,"value":"YENİ YIL CİLT BAKIM&MAKYAJ&PARFÜM SETLERİ"},{"id":"27172","key":"day5flashsale","parent_tag_id":"1590","product_display_order":163,"value":"Day5FlashSale"},{"id":"13563","key":"yeni̇-yil-ci̇lt-bakimi","parent_tag_id":"13561","product_display_order":40,"value":"YENİ YIL CİLT BAKIMI"},{"id":"16422","key":"gifts","parent_tag_id":"1585","product_display_order":0,"value":"Gifts"},{"id":"13051","key":"skin-care-best-sellers","parent_tag_id":"1667","product_display_order":0,"value":"Skin Care Best Sellers"},{"id":"1685","key":"hedi̇yeler-setler","parent_tag_id":"1684","product_display_order":143,"value":"HEDİYELER & SETLER"},{"id":"17432","key":"minis","parent_tag_id":"16370","product_display_order":61,"value":"Minis"},{"id":"13569","key":"99-tl-ve-alti-ci̇lt-bakimmakyajparfüm-setleri̇","parent_tag_id":"13561","product_display_order":0,"value":"99 TL VE ALTI CİLT BAKIM&MAKYAJ&PARFÜM SETLERİ"},{"id":"1571","key":"3-adimli-ci̇lt-bakim-si̇stemi̇-setleri̇","parent_tag_id":"1570","product_display_order":2,"value":"3 ADIMLI CİLT BAKIM SİSTEMİ SETLERİ"},{"id":"13567","key":"499-tl-ve-alti-ci̇lt-bakimmakyajparfüm-setleri̇","parent_tag_id":"13561","product_display_order":10,"value":"499 TL VE ALTI CİLT BAKIM&MAKYAJ&PARFÜM SETLERİ"},{"id":"12537","key":"çok-satan-makyaj-ürünleri̇","parent_tag_id":"1592","product_display_order":0,"value":"ÇOK SATAN MAKYAJ ÜRÜNLERİ"},{"id":"8194","key":"en-çok-satan-10","parent_tag_id":null,"product_display_order":0,"value":"En Çok Satan 10 "},{"id":"13568","key":"249-tl-ve-alti-ci̇lt-bakimmakyajparfüm-setleri̇","parent_tag_id":"13561","product_display_order":0,"value":"249 TL VE ALTI CİLT BAKIM&MAKYAJ&PARFÜM SETLERİ"},{"id":"27168","key":"day1flashsale","parent_tag_id":"1590","product_display_order":0,"value":"Day1FlashSale"},{"id":"2669","key":"hedi̇yeler-setler","parent_tag_id":"1570","product_display_order":7,"value":"HEDİYELER & SETLER"},{"id":"17859","key":"çok-satanlar","parent_tag_id":null,"product_display_order":87,"value":"ÇOK SATANLAR"},{"id":"27173","key":"day6flashsale","parent_tag_id":"1590","product_display_order":0,"value":"Day6FlashSale"},{"id":"1570","key":"3-adimli-ci̇lt-bakim-si̇stemi̇","parent_tag_id":null,"product_display_order":0,"value":"3 ADIMLI CİLT BAKIM SİSTEMİ"},{"id":"17860","key":"makyaj-ci̇lt-bakim-parfüm-setleri̇","parent_tag_id":null,"product_display_order":37,"value":"MAKYAJ & CİLT BAKIM & PARFÜM SETLERİ"},{"id":"1667","key":"ci̇lt-bakimi","parent_tag_id":null,"product_display_order":102,"value":"CİLT BAKIMI"},{"id":"27174","key":"day7flashsale","parent_tag_id":"1590","product_display_order":0,"value":"Day7FlashSale"}]},"usage":[{"content":"<LI>Sabah ve akşam olmak üzere günde 2 kez düzenli olarak uygulayın.</LI><LI>Yüz Temizleme Jeli ile&nbsp;tüm yüzünüzü yıkayın.</LI><LI>Clarifying Lotion Arındırıcı Losyonu pamuk yardımıyla, göz çevresi hariç tüm yüzünüzü temizleyin.</LI><LI>Dramatically&nbsp;Different Nemlendirici Jel ile cildinizi nemlendirin.</LI><LI>Sonrasında, cilt endişenize özel ürünler ile devam ediniz.<BR></LI>","label":"PRODUCT USAGE","type":"product_usage"},{"content":null,"label":"HOW DOES IT WORK","type":"how_does_it_work"},{"content":null,"label":"WHO IT IS FOR","type":"who_it_is_for"},{"content":null,"label":"GREAT TO KNOW","type":"great_to_know"},{"content":null,"label":"WHAT_IT_DOES","type":"what_it_does"},{"content":"<P class=description>Geleceğe 3 Adım.</P><P class=description>Cildinizin ihtiyaçlarınıza özel olarak, dermatologlar tarafından tasarlanmış olan 3 Adımlı Cilt Bakım Sistemi cilde gereken temel bakımı sağlar. Hassas ama etkin temizleme sağlar. Ölü hücreleri, pürüzleri, fazla yağı yok ederek cildi arındırır. Yumuşak ve pürüzsüz bir görünüm için cildin nem bariyerini güçlendirir. Her adım, bir sonrakinden en yüksek verimi almanızı sağlayacak şekilde tasarlanmıştır. </P><P class=description>Sonuç: Daha temiz, sağlıklı ve canlı bir cilt.</P><P class=description>Set İçeriği:</P><UL><LI><DIV class=description>Yüz Temizleme Jeli 60 ml</DIV></LI><LI><DIV class=description>Clarifying Lotion Arındırıcı Losyon100 ml</DIV></LI><LI><DIV class=description>Dramatically Different Nemlendirici Jel/Krem 30 ml<BR></DIV></LI></UL><P class=description>#Geleceğe3Adım</P>","label":"WHAT_IT_IS","type":"what_it_is"}],"objectID":"15560"},{"benefit":{"statement":null,"benefits":null},"brand":null,"collection":null,"coverage":null,"cross_sell":[{"sku_id":"7WJ801","sort_key":1},{"sku_id":"6MNY01","sort_key":2},{"sku_id":"7KXC01","sort_key":3},{"sku_id":"6CM201","sort_key":4},{"sku_id":null,"sort_key":5},{"sku_id":"6K0G01","sort_key":6}],"default_category":{"id":"17860","key":"makyaj-ci̇lt-bakim-parfüm-setleri̇"},"description":"<P class=description>Geleceğe&nbsp;3 Adım.</P><P class=description>Cildinizin ihtiyaçlarınıza özel olarak, dermatologlar tarafından tasarlanmış olan 3 Adımlı Cilt Bakım Sistemi cilde gereken temel bakımı sağlar. Hassas ama etkin temizleme sağlar. Ölü hücreleri, pürüzleri, fazla yağı yok ederek cildi arındırır. Yumuşak ve pürüzsüz bir görünüm için cildin nem bariyerini güçlendirir. Her adım, bir sonrakinden en yüksek verimi almanızı sağlayacak şekilde tasarlanmıştır. Sonuç: Daha temiz, sağlıklı ve canlı bir cilt.</P><P class=description>Set İçeriği:</P><UL><LI><DIV class=description>Yüz Temizleme Jeli 60 ml</DIV></LI><LI><DIV class=description>Clarifying Lotion Arındırıcı Losyon100 ml</DIV></LI><LI><DIV class=description>Dramatically Different Nemlendirici Jel/Krem 30 ml<BR><BR></DIV></LI></UL><P class=description>#Geleceğe3Adım</P>","display_mode":null,"display_name":"3 Adımlı Cilt Bakım Sistemi Intro Kit Cilt Tipi 4","display_status":3,"finish":null,"form":null,"formula_type":null,"fragrance_family":null,"indexable_keywords":[{"value":"Set"},{"value":" Kennenlernset"},{"value":" Starter Set"},{"value":" 3 Step"},{"value":" 3-Phasen-Systempflege"},{"value":" Pflegeset"}],"is_hazmat":false,"is_product_coming_soon":null,"is_product_displayable":true,"is_product_searchable":true,"is_product_shoppable":true,"is_product_sold_out":null,"is_product_temporarily_out_of_stock":null,"is_search_suppressed":null,"key_ingredient":null,"media":{"large":null,"medium":null,"poster":null,"small":null,"videos":[{"position":null,"poster":{"height":null,"src":null,"width":null},"provider":null,"src":null},{"position":null,"poster":{"height":null,"src":null,"width":null},"provider":null,"src":null},{"position":null,"poster":{"height":null,"src":null,"width":null},"provider":null,"src":null}],"xl":null},"meta":{"description":null,"keywords":"Set, Kennenlernset, Starter Set, 3 Step, 3-Phasen-Systempflege, Pflegeset"},"parent_category":[{"id":"17860","value":"MAKYAJ & CİLT BAKIM & PARFÜM SETLERİ"}],"product_badge":null,"product_id":"15561","product_title_tag":null,"product_type":"Other","product_url":"/product/17860/15561/makyaj-cilt-bakim-parfum-setleri/3-adml-cilt-bakm-sistemi-intro-kit-cilt-tipi-4","reviews":{"average_rating":null,"number_of_questions":null,"number_of_reviews":null},"shade_groups":null,"short_description":null,"skin":null,"skin_goal":null,"skus":{"total":1,"items":[{"color_family":null,"coverage_options":null,"cross_sell":null,"display_status":3,"finish":null,"finish_options":null,"fragrances":[{"family":null,"key":null,"value":null}],"iln_listing":null,"iln_version_number":null,"inventory_status":"Active","is_active":true,"is_coming_soon":null,"is_default_sku":false,"is_discountable":true,"is_displayable":null,"is_engravable":null,"is_fragrance":null,"is_giftable":null,"is_giftwrap":false,"is_inactive":null,"is_multi_shaded":null,"is_out_of_stock":null,"is_preorder":false,"is_preorderable":null,"is_promotional":null,"is_replenishable":false,"is_search_suppressed":null,"is_searchable":true,"is_shaded":null,"is_sized":null,"is_sold_out":null,"is_under_weight_hazmat":false,"is_vto_enabled":null,"life_of_product":"Basic Reorder","material_code":"775X010000","media":{"large":[{"alt":"3 Adımlı Cilt Bakım Sistemi Intro Kit Cilt Tipi 4","height":1200,"position":0,"src":"/media/export/cms/products/1200x1500/cl_sku_775X01_1200x1500_0.png","type":"image","width":1500}],"medium":[{"alt":"3 Adımlı Cilt Bakım Sistemi Intro Kit Cilt Tipi 4","height":600,"position":1,"src":"/media/export/cms/products/600x750/cl_sku_775X01_600x750_0.png","type":"image","width":750}],"model":null,"poster":null,"small":[{"alt":"3 Adımlı Cilt Bakım Sistemi Intro Kit Cilt Tipi 4","height":1200,"position":2,"src":"/media/export/cms/products/1200x1500/cl_sku_775X01_1200x1500_0.png","type":"image","width":1500}],"smoosh":null,"xl":null},"out_of_stock_threshold":null,"perlgem":{"SKU_BASE_ID":31313},"preorder_date":null,"prices":[{"currency":"TRY","exclude_tax":{"original_price":215,"original_price_formatted":"215.00 TL","price":215,"price_formatted":"215.00 TL","price_per_unit":null,"price_per_unit_formatted":""},"include_tax":{"original_price":215,"original_price_formatted":"215.00 TL","price":215,"price_formatted":"215.00 TL","price_per_unit":null,"price_per_unit_formatted":""},"is_discounted":false}],"purchase_limit":null,"replenishment":{"message":null},"reviews":{"average_rating":null,"number_of_questions":null,"number_of_reviews":null},"set_components":null,"shade_groups":null,"shades":null,"sizes":[{"key":1,"value":null}],"skin":{"tone":null,"type":null,"type_description":null},"sku_badge":null,"sku_badge_image":null,"sku_display_order":0,"sku_id":"775X01","sku_promo_messaging":null,"sku_type":"SE","sku_url":null,"tags":{"total":10,"items":[{"id":"17432","key":"minis","value":"Minis"},{"id":"1571","key":"3-adimli-ci̇lt-bakim-si̇stemi̇-setleri̇","value":"3 ADIMLI CİLT BAKIM SİSTEMİ SETLERİ"},{"id":"13563","key":"yeni̇-yil-ci̇lt-bakimi","value":"YENİ YIL CİLT BAKIMI"},{"id":"1667","key":"ci̇lt-bakimi","value":"CİLT BAKIMI"},{"id":"1685","key":"hedi̇yeler-setler","value":"HEDİYELER & SETLER"},{"id":"17860","key":"makyaj-ci̇lt-bakim-parfüm-setleri̇","value":"MAKYAJ & CİLT BAKIM & PARFÜM SETLERİ"},{"id":"13567","key":"499-tl-ve-alti-ci̇lt-bakimmakyajparfüm-setleri̇","value":"499 TL VE ALTI CİLT BAKIM&MAKYAJ&PARFÜM SETLERİ"},{"id":"13568","key":"249-tl-ve-alti-ci̇lt-bakimmakyajparfüm-setleri̇","value":"249 TL VE ALTI CİLT BAKIM&MAKYAJ&PARFÜM SETLERİ"},{"id":"2669","key":"hedi̇yeler-setler","value":"HEDİYELER & SETLER"},{"id":"13569","key":"99-tl-ve-alti-ci̇lt-bakimmakyajparfüm-setleri̇","value":"99 TL VE ALTI CİLT BAKIM&MAKYAJ&PARFÜM SETLERİ"}]},"texture":null,"undertone":null,"unit_of_measure":null,"unit_size":0,"unit_size_formatted":null,"upc":"020714464080","vto":{"is_color_experience":null,"is_foundation_experience":null}}]},"sub_display_name":null,"sub_header":null,"tags":{"total":10,"items":[{"id":"17432","key":"minis","parent_tag_id":"16370","product_display_order":42,"value":"Minis"},{"id":"1571","key":"3-adimli-ci̇lt-bakim-si̇stemi̇-setleri̇","parent_tag_id":"1570","product_display_order":3,"value":"3 ADIMLI CİLT BAKIM SİSTEMİ SETLERİ"},{"id":"13563","key":"yeni̇-yil-ci̇lt-bakimi","parent_tag_id":"13561","product_display_order":41,"value":"YENİ YIL CİLT BAKIMI"},{"id":"1667","key":"ci̇lt-bakimi","parent_tag_id":null,"product_display_order":149,"value":"CİLT BAKIMI"},{"id":"1685","key":"hedi̇yeler-setler","parent_tag_id":"1684","product_display_order":142,"value":"HEDİYELER & SETLER"},{"id":"17860","key":"makyaj-ci̇lt-bakim-parfüm-setleri̇","parent_tag_id":null,"product_display_order":39,"value":"MAKYAJ & CİLT BAKIM & PARFÜM SETLERİ"},{"id":"13567","key":"499-tl-ve-alti-ci̇lt-bakimmakyajparfüm-setleri̇","parent_tag_id":"13561","product_display_order":70,"value":"499 TL VE ALTI CİLT BAKIM&MAKYAJ&PARFÜM SETLERİ"},{"id":"13568","key":"249-tl-ve-alti-ci̇lt-bakimmakyajparfüm-setleri̇","parent_tag_id":"13561","product_display_order":0,"value":"249 TL VE ALTI CİLT BAKIM&MAKYAJ&PARFÜM SETLERİ"},{"id":"2669","key":"hedi̇yeler-setler","parent_tag_id":"1570","product_display_order":8,"value":"HEDİYELER & SETLER"},{"id":"13569","key":"99-tl-ve-alti-ci̇lt-bakimmakyajparfüm-setleri̇","parent_tag_id":"13561","product_display_order":0,"value":"99 TL VE ALTI CİLT BAKIM&MAKYAJ&PARFÜM SETLERİ"}]},"usage":[{"content":"<LI>Sabah ve akşam olmak üzere günde 2 kez düzenli olarak uygulayın.</LI><LI>Yüz Temizleme Jeli ile&nbsp;tüm yüzünüzü yıkayın.</LI><LI>Clarifying Lotion Arındırıcı Losyonu pamuk yardımıyla, göz çevresi hariç tüm yüzünüzü temizleyin.</LI><LI>Dramatically&nbsp;Different Nemlendirici Jel ile cildinizi nemlendirin.</LI><LI>Sonrasında, cilt endişenize özel ürünler ile devam ediniz.<BR></LI>","label":"PRODUCT USAGE","type":"product_usage"},{"content":null,"label":"HOW DOES IT WORK","type":"how_does_it_work"},{"content":null,"label":"WHO IT IS FOR","type":"who_it_is_for"},{"content":null,"label":"GREAT TO KNOW","type":"great_to_know"},{"content":null,"label":"WHAT_IT_DOES","type":"what_it_does"},{"content":"<P class=description>Geleceğe&nbsp;3 Adım.</P><P class=description>Cildinizin ihtiyaçlarınıza özel olarak, dermatologlar tarafından tasarlanmış olan 3 Adımlı Cilt Bakım Sistemi cilde gereken temel bakımı sağlar. Hassas ama etkin temizleme sağlar. Ölü hücreleri, pürüzleri, fazla yağı yok ederek cildi arındırır. Yumuşak ve pürüzsüz bir görünüm için cildin nem bariyerini güçlendirir. Her adım, bir sonrakinden en yüksek verimi almanızı sağlayacak şekilde tasarlanmıştır. Sonuç: Daha temiz, sağlıklı ve canlı bir cilt.</P><P class=description>Set İçeriği:</P><UL><LI><DIV class=description>Yüz Temizleme Jeli 60 ml</DIV></LI><LI><DIV class=description>Clarifying Lotion Arındırıcı Losyon100 ml</DIV></LI><LI><DIV class=description>Dramatically Different Nemlendirici Jel/Krem 30 ml<BR><BR></DIV></LI></UL><P class=description>#Geleceğe3Adım</P>","label":"WHAT_IT_IS","type":"what_it_is"}],"objectID":"15561"},{"benefit":{"statement":null,"benefits":null},"brand":null,"collection":null,"coverage":null,"cross_sell":[{"sku_id":"6F3701","sort_key":1},{"sku_id":"6EM601","sort_key":2},{"sku_id":null,"sort_key":3},{"sku_id":"7AY301","sort_key":4},{"sku_id":"68LE01","sort_key":5},{"sku_id":"76WY01","sort_key":6}],"default_category":{"id":"1683","key":"göz-dudak-bakimi"},"description":"Zengin nem içeriği ile göz çevresindeki koyu halk, ince çizgi ve morluk görünümlerini  azaltılmasına yardımcı olur.   Zararlı dış etkenlere karşı cildin nem oranının artmasına katkıda bulunur. Oftalmoloji testinden geçmiştir.","display_mode":null,"display_name":"All About Eyes Rich Yoğun Göz Çevresi Bakım Kremi","display_status":7,"finish":null,"form":null,"formula_type":null,"fragrance_family":null,"indexable_keywords":null,"is_hazmat":false,"is_product_coming_soon":null,"is_product_displayable":true,"is_product_searchable":true,"is_product_shoppable":true,"is_product_sold_out":null,"is_product_temporarily_out_of_stock":null,"is_search_suppressed":null,"key_ingredient":null,"media":{"large":[{"alt":"All About Eyes Rich Yoğun Göz Çevresi Bakım Kremi","height":1200,"position":0,"src":"/media/export/cms/products/1200x1500/cl_prod_15601_1200x1500_0.png","type":"image","width":1500},{"alt":"All About Eyes Rich Yoğun Göz Çevresi Bakım Kremi","height":1200,"position":1,"src":"/media/export/cms/products/1200x1500/cl_prod_15601_1200x1500_1.png","type":"image","width":1500}],"medium":null,"poster":null,"small":[{"alt":"All About Eyes Rich Yoğun Göz Çevresi Bakım Kremi","height":1200,"position":2,"src":"/media/export/cms/products/1200x1500/cl_prod_15601_1200x1500_0.png","type":"image","width":1500},{"alt":"All About Eyes Rich Yoğun Göz Çevresi Bakım Kremi","height":1200,"position":3,"src":"/media/export/cms/products/1200x1500/cl_prod_15601_1200x1500_1.png","type":"image","width":1500}],"videos":[{"position":null,"poster":{"height":null,"src":null,"width":null},"provider":null,"src":null},{"position":null,"poster":{"height":null,"src":null,"width":null},"provider":null,"src":null},{"position":null,"poster":{"height":null,"src":null,"width":null},"provider":null,"src":null}],"xl":null},"meta":{"description":null,"keywords":null},"parent_category":[{"id":"1683","value":"GÖZ & DUDAK BAKIMI"},{"id":"1667","value":"CİLT BAKIMI"}],"product_badge":null,"product_id":"15601","product_title_tag":null,"product_type":"Sized","product_url":"/product/1683/15601/cilt-bakimi/goz-dudak-bakimi/all-about-eyes-rich-yogun-goz-cevresi-bakm-kremi","reviews":{"average_rating":4.3,"number_of_questions":null,"number_of_reviews":3},"shade_groups":null,"short_description":"Zengin nem içeriği ile göz çevresindeki koyu halk, ince çizgi ve morluk görünümlerini  azaltılmasına yardımcı olur.","skin":null,"skin_goal":null,"skus":{"total":1,"items":[{"color_family":null,"coverage_options":null,"cross_sell":null,"display_status":7,"finish":null,"finish_options":null,"fragrances":[{"family":null,"key":null,"value":null}],"iln_listing":null,"iln_version_number":null,"inventory_status":"Active","is_active":true,"is_coming_soon":null,"is_default_sku":true,"is_discountable":true,"is_displayable":null,"is_engravable":null,"is_fragrance":null,"is_giftable":null,"is_giftwrap":false,"is_inactive":null,"is_multi_shaded":null,"is_out_of_stock":null,"is_preorder":false,"is_preorderable":null,"is_promotional":null,"is_replenishable":false,"is_search_suppressed":null,"is_searchable":true,"is_shaded":null,"is_sized":null,"is_sold_out":null,"is_under_weight_hazmat":false,"is_vto_enabled":null,"life_of_product":"Discontinued","material_code":"6KAK010001","media":{"large":[{"alt":"All About Eyes Rich Yoğun Göz Çevresi Bakım Kremi","height":1200,"position":0,"src":"/media/export/cms/products/1200x1500/cl_sku_6KAK01_1200x1500_0.png","type":"image","width":1500}],"medium":[{"alt":"All About Eyes Rich Yoğun Göz Çevresi Bakım Kremi","height":600,"position":1,"src":"/media/export/cms/products/600x750/cl_sku_6KAK01_600x750_0.png","type":"image","width":750},{"alt":"All About Eyes Rich Yoğun Göz Çevresi Bakım Kremi","height":600,"position":2,"src":"/media/export/cms/products/600x750/cl_sku_6KAK01_600x750_1.png","type":"image","width":750}],"model":null,"poster":null,"small":[{"alt":"All About Eyes Rich Yoğun Göz Çevresi Bakım Kremi","height":1200,"position":3,"src":"/media/export/cms/products/1200x1500/cl_sku_6KAK01_1200x1500_0.png","type":"image","width":1500}],"smoosh":null,"xl":null},"out_of_stock_threshold":null,"perlgem":{"SKU_BASE_ID":13829},"preorder_date":null,"prices":[{"currency":"TRY","exclude_tax":{"original_price":299,"original_price_formatted":"299.00 TL","price":299,"price_formatted":"299.00 TL","price_per_unit":null,"price_per_unit_formatted":""},"include_tax":{"original_price":299,"original_price_formatted":"299.00 TL","price":299,"price_formatted":"299.00 TL","price_per_unit":null,"price_per_unit_formatted":""},"is_discounted":false}],"purchase_limit":null,"replenishment":{"message":"Recommended Auto-Ship cycle: 6 weeks  Learn more >"},"reviews":{"average_rating":null,"number_of_questions":null,"number_of_reviews":null},"set_components":null,"shade_groups":null,"shades":null,"sizes":[{"key":1,"value":"15 ml"}],"skin":{"tone":null,"type":null,"type_description":null},"sku_badge":null,"sku_badge_image":null,"sku_display_order":0,"sku_id":"6KAK01","sku_promo_messaging":null,"sku_type":"SE","sku_url":null,"tags":{"total":9,"items":[{"id":"13563","key":"yeni̇-yil-ci̇lt-bakimi","value":"YENİ YIL CİLT BAKIMI"},{"id":"1575","key":"en-çok-satanlar","value":"En Çok Satanlar"},{"id":"17859","key":"çok-satanlar","value":"ÇOK SATANLAR"},{"id":"1683","key":"göz-dudak-bakimi","value":"GÖZ & DUDAK BAKIMI"},{"id":"10589","key":"offers-lp","value":"Offers LP"},{"id":"2752","key":"çok-satan-ci̇lt-bakim-ürünleri̇","value":"ÇOK SATAN CİLT BAKIM ÜRÜNLERİ"},{"id":"13051","key":"skin-care-best-sellers","value":"Skin Care Best Sellers"},{"id":"1628","key":"-evde-bakim","value":"# EVDE BAKIM"},{"id":"12517","key":"yağsiz-ci̇lt-bakim-ürünleri̇","value":"YAĞSIZ CİLT BAKIM ÜRÜNLERİ"}]},"texture":null,"undertone":null,"unit_of_measure":null,"unit_size":null,"unit_size_formatted":null,"upc":"020714287047","vto":{"is_color_experience":null,"is_foundation_experience":null}}]},"sub_display_name":null,"sub_header":null,"tags":{"total":9,"items":[{"id":"13563","key":"yeni̇-yil-ci̇lt-bakimi","parent_tag_id":"13561","product_display_order":53,"value":"YENİ YIL CİLT BAKIMI"},{"id":"1575","key":"en-çok-satanlar","parent_tag_id":null,"product_display_order":176,"value":"En Çok Satanlar"},{"id":"17859","key":"çok-satanlar","parent_tag_id":null,"product_display_order":13,"value":"ÇOK SATANLAR"},{"id":"1683","key":"göz-dudak-bakimi","parent_tag_id":"1667","product_display_order":1,"value":"GÖZ & DUDAK BAKIMI"},{"id":"10589","key":"offers-lp","parent_tag_id":null,"product_display_order":1,"value":"Offers LP"},{"id":"2752","key":"çok-satan-ci̇lt-bakim-ürünleri̇","parent_tag_id":"1667","product_display_order":0,"value":"ÇOK SATAN CİLT BAKIM ÜRÜNLERİ"},{"id":"13051","key":"skin-care-best-sellers","parent_tag_id":"1667","product_display_order":0,"value":"Skin Care Best Sellers"},{"id":"1628","key":"-evde-bakim","parent_tag_id":null,"product_display_order":629,"value":"# EVDE BAKIM"},{"id":"12517","key":"yağsiz-ci̇lt-bakim-ürünleri̇","parent_tag_id":"1667","product_display_order":34,"value":"YAĞSIZ CİLT BAKIM ÜRÜNLERİ"}]},"usage":[{"content":"<ul><li>Günde iki kere sabah ve akşam olarak uygulayın.</li><li>Daha iyi sonuçlar için <a href=\"/3-step-collection\">3 adımlı cilt bakım sistemi ile birlikte uygulayın.</a>.</li><li>Yüzük parmaklarınız ile tüm göz çevresine nazikçe uygulayın.</li></ul>","label":"PRODUCT USAGE","type":"product_usage"},{"content":null,"label":"HOW DOES IT WORK","type":"how_does_it_work"},{"content":"Tüm Cilt Tipleri (1,2,3,4)","label":"WHO IT IS FOR","type":"who_it_is_for"},{"content":null,"label":"GREAT TO KNOW","type":"great_to_know"},{"content":"Nem yönünden zengin göz kremi, göz altı torbalarının, koyulukların ve ince çizgilerin görünümünü azaltmaya yardımcı olur. Bitkisel içeriğiyle şişkinlik görünümünün giderilmesine katkı sağlayıp rahatlama hissi verir. Yaygın tahriş edici etkenlere karşı cildin nem bariyerinin güçlendirilmesine destek verir.<br><br><b>Nasıl Kullanılır?</b><br><ul><li>Günde iki kez, sabah ve akşam kullanabilirsiniz.</li><li>Yüzük parmağınız yardımıyla göz çevresine masaj yaparak uygulayın.</li></ul>","label":"WHAT_IT_DOES","type":"what_it_does"},{"content":"Nem yönünden zengin göz kremi, göz altı torbalarının, koyulukların ve ince çizgilerin görünümünü azaltmaya yardımcı olur","label":"WHAT_IT_IS","type":"what_it_is"}],"objectID":"15601"},{"benefit":{"statement":null,"benefits":null},"brand":null,"collection":null,"coverage":null,"cross_sell":null,"default_category":{"id":"1628","key":"-evde-bakim"},"description":null,"display_mode":null,"display_name":"BCA - Donation","display_status":1,"finish":null,"form":null,"formula_type":null,"fragrance_family":null,"indexable_keywords":null,"is_hazmat":false,"is_product_coming_soon":null,"is_product_displayable":true,"is_product_searchable":true,"is_product_shoppable":true,"is_product_sold_out":null,"is_product_temporarily_out_of_stock":null,"is_search_suppressed":null,"key_ingredient":null,"media":{"large":null,"medium":null,"poster":null,"small":null,"videos":[{"position":null,"poster":{"height":null,"src":null,"width":null},"provider":null,"src":null},{"position":null,"poster":{"height":null,"src":null,"width":null},"provider":null,"src":null},{"position":null,"poster":{"height":null,"src":null,"width":null},"provider":null,"src":null}],"xl":null},"meta":{"description":null,"keywords":null},"parent_category":[{"id":"1628","value":"# EVDE BAKIM"}],"product_badge":null,"product_id":"15643","product_title_tag":null,"product_type":"Other","product_url":"/product/1628/15643/evde-bakim/bca--donation","reviews":{"average_rating":null,"number_of_questions":null,"number_of_reviews":null},"shade_groups":null,"short_description":null,"skin":null,"skin_goal":null,"skus":{"total":2,"items":[{"color_family":null,"coverage_options":null,"cross_sell":null,"display_status":1,"finish":null,"finish_options":null,"fragrances":[{"family":null,"key":null,"value":null}],"iln_listing":null,"iln_version_number":null,"inventory_status":"Active","is_active":true,"is_coming_soon":null,"is_default_sku":false,"is_discountable":false,"is_displayable":null,"is_engravable":null,"is_fragrance":null,"is_giftable":null,"is_giftwrap":false,"is_inactive":null,"is_multi_shaded":null,"is_out_of_stock":null,"is_preorder":false,"is_preorderable":null,"is_promotional":null,"is_replenishable":false,"is_search_suppressed":null,"is_searchable":true,"is_shaded":null,"is_sized":null,"is_sold_out":null,"is_under_weight_hazmat":false,"is_vto_enabled":null,"life_of_product":"Limited life","material_code":"CLNAA60001","media":{"large":[{"alt":"BCA - Donation","height":1200,"position":0,"src":"/media/export/cms/products/1200x1500/cl_sku_CLNAA6_1200x1500_0.png","type":"image","width":1500}],"medium":[{"alt":"BCA - Donation","height":600,"position":1,"src":"/media/export/cms/products/600x750/cl_sku_CLNAA6_600x750_0.png","type":"image","width":750}],"model":null,"poster":null,"small":[{"alt":"BCA - Donation","height":1200,"position":2,"src":"/media/export/cms/products/1200x1500/cl_sku_CLNAA6_1200x1500_0.png","type":"image","width":1500}],"smoosh":null,"xl":null},"out_of_stock_threshold":null,"perlgem":{"SKU_BASE_ID":87138},"preorder_date":null,"prices":[{"currency":"TRY","exclude_tax":{"original_price":15,"original_price_formatted":"15.00 TL","price":15,"price_formatted":"15.00 TL","price_per_unit":null,"price_per_unit_formatted":""},"include_tax":{"original_price":15,"original_price_formatted":"15.00 TL","price":15,"price_formatted":"15.00 TL","price_per_unit":null,"price_per_unit_formatted":""},"is_discounted":false}],"purchase_limit":null,"replenishment":{"message":null},"reviews":{"average_rating":null,"number_of_questions":null,"number_of_reviews":null},"set_components":null,"shade_groups":null,"shades":null,"sizes":[{"key":1,"value":null}],"skin":{"tone":null,"type":null,"type_description":null},"sku_badge":null,"sku_badge_image":null,"sku_display_order":0,"sku_id":"CLNAA6","sku_promo_messaging":null,"sku_type":"SE","sku_url":null,"tags":{"total":3,"items":[{"id":"27411","key":"donation","value":"Donation"},{"id":"1628","key":"-evde-bakim","value":"# EVDE BAKIM"},{"id":"7502","key":"meme-kanseri-bilinçlendirme-kampanyası","value":"Meme Kanseri Bilinçlendirme Kampanyası"}]},"texture":null,"undertone":null,"unit_of_measure":null,"unit_size":null,"unit_size_formatted":null,"upc":"020000000106","vto":{"is_color_experience":null,"is_foundation_experience":null}},{"color_family":null,"coverage_options":null,"cross_sell":null,"display_status":1,"finish":null,"finish_options":null,"fragrances":[{"family":null,"key":null,"value":null}],"iln_listing":null,"iln_version_number":null,"inventory_status":"Active","is_active":true,"is_coming_soon":null,"is_default_sku":false,"is_discountable":false,"is_displayable":null,"is_engravable":null,"is_fragrance":null,"is_giftable":null,"is_giftwrap":false,"is_inactive":null,"is_multi_shaded":null,"is_out_of_stock":null,"is_preorder":false,"is_preorderable":null,"is_promotional":null,"is_replenishable":false,"is_search_suppressed":null,"is_searchable":true,"is_shaded":null,"is_sized":null,"is_sold_out":null,"is_under_weight_hazmat":false,"is_vto_enabled":null,"life_of_product":"Limited life","material_code":"CLNAA70001","media":{"large":[{"alt":"BCA - Donation","height":1200,"position":0,"src":"/media/export/cms/products/1200x1500/cl_sku_CLNAA7_1200x1500_0.png","type":"image","width":1500}],"medium":[{"alt":"BCA - Donation","height":600,"position":1,"src":"/media/export/cms/products/600x750/cl_sku_CLNAA7_600x750_0.png","type":"image","width":750}],"model":null,"poster":null,"small":[{"alt":"BCA - Donation","height":1200,"position":2,"src":"/media/export/cms/products/1200x1500/cl_sku_CLNAA7_1200x1500_0.png","type":"image","width":1500}],"smoosh":null,"xl":null},"out_of_stock_threshold":null,"perlgem":{"SKU_BASE_ID":87139},"preorder_date":null,"prices":[{"currency":"TRY","exclude_tax":{"original_price":25,"original_price_formatted":"25.00 TL","price":25,"price_formatted":"25.00 TL","price_per_unit":null,"price_per_unit_formatted":""},"include_tax":{"original_price":25,"original_price_formatted":"25.00 TL","price":25,"price_formatted":"25.00 TL","price_per_unit":null,"price_per_unit_formatted":""},"is_discounted":false}],"purchase_limit":null,"replenishment":{"message":null},"reviews":{"average_rating":null,"number_of_questions":null,"number_of_reviews":null},"set_components":null,"shade_groups":null,"shades":null,"sizes":[{"key":1,"value":null}],"skin":{"tone":null,"type":null,"type_description":null},"sku_badge":null,"sku_badge_image":null,"sku_display_order":0,"sku_id":"CLNAA7","sku_promo_messaging":null,"sku_type":"SE","sku_url":null,"tags":{"total":3,"items":[{"id":"27411","key":"donation","value":"Donation"},{"id":"1628","key":"-evde-bakim","value":"# EVDE BAKIM"},{"id":"7502","key":"meme-kanseri-bilinçlendirme-kampanyası","value":"Meme Kanseri Bilinçlendirme Kampanyası"}]},"texture":null,"undertone":null,"unit_of_measure":null,"unit_size":null,"unit_size_formatted":null,"upc":"020000000107","vto":{"is_color_experience":null,"is_foundation_experience":null}}]},"sub_display_name":null,"sub_header":null,"tags":{"total":3,"items":[{"id":"27411","key":"donation","parent_tag_id":"1585","product_display_order":0,"value":"Donation"},{"id":"1628","key":"-evde-bakim","parent_tag_id":null,"product_display_order":665,"value":"# EVDE BAKIM"},{"id":"7502","key":"meme-kanseri-bilinçlendirme-kampanyası","parent_tag_id":null,"product_display_order":0,"value":"Meme Kanseri Bilinçlendirme Kampanyası"}]},"usage":[{"content":null,"label":"PRODUCT USAGE","type":"product_usage"},{"content":null,"label":"HOW DOES IT WORK","type":"how_does_it_work"},{"content":null,"label":"WHO IT IS FOR","type":"who_it_is_for"},{"content":null,"label":"GREAT TO KNOW","type":"great_to_know"},{"content":null,"label":"WHAT_IT_DOES","type":"what_it_does"},{"content":null,"label":"WHAT_IT_IS","type":"what_it_is"}],"objectID":"15643"},{"benefit":{"statement":null,"benefits":null},"brand":null,"collection":[{"key":"even-better-collection","value":"even_better_collection"}],"coverage":null,"cross_sell":[{"sku_id":"6F3701","sort_key":1},{"sku_id":"6EM601","sort_key":2},{"sku_id":"6MNY01","sort_key":3},{"sku_id":"7MGY01","sort_key":4},{"sku_id":"7K2X01","sort_key":5},{"sku_id":"76X001","sort_key":6}],"default_category":{"id":"1687","key":"yüz-nemlendi̇ri̇ci̇"},"description":"<br><br><b></b><br>Yağlı ciltler için yenileyici, yağlandırmayan nemlendirici losyon  yüksek UVA/UVB koruması ile cildinizi olası koyu lekeler ve renk eşitsizliklerine karşı korur.  Özel içerikleri ile ciltteki koyu lekeleri yok eder ve cildinizi arındırır. Anında daha aydınlık ve net bir cilt görünümü sağlar.  Cilt tipiniz çok kuru veya kuru mu?DeneyinEven Better Cilt Tonu Eşitleyici Nemlendirici SPF 20.","display_mode":null,"display_name":"Even Better Cilt Tonu Düzenleyici Gündüz Losyonu SPF 20","display_status":7,"finish":null,"form":[{"key":"lotion-form","value":"lotion_form"}],"formula_type":null,"fragrance_family":null,"indexable_keywords":null,"is_hazmat":false,"is_product_coming_soon":null,"is_product_displayable":true,"is_product_searchable":true,"is_product_shoppable":true,"is_product_sold_out":null,"is_product_temporarily_out_of_stock":null,"is_search_suppressed":null,"key_ingredient":null,"media":{"large":null,"medium":null,"poster":null,"small":null,"videos":[{"position":null,"poster":{"height":null,"src":null,"width":null},"provider":null,"src":null},{"position":null,"poster":{"height":null,"src":null,"width":null},"provider":null,"src":null},{"position":null,"poster":{"height":null,"src":null,"width":null},"provider":null,"src":null}],"xl":null},"meta":{"description":null,"keywords":"manchas"},"parent_category":[{"id":"1687","value":"YÜZ NEMLENDİRİCİ"},{"id":"1667","value":"CİLT BAKIMI"}],"product_badge":null,"product_id":"21823","product_title_tag":null,"product_type":"Sized","product_url":"/product/1687/21823/cilt-bakimi/yuz-nemlendirici/even-better-cilt-tonu-duzenleyici-gunduz-losyonu-spf-20","reviews":{"average_rating":5,"number_of_questions":null,"number_of_reviews":1},"shade_groups":null,"short_description":"Ferahlatıcı, yağsız nemlendirici losyon cildi koruyarak koyu lekeleri iyileştirir,  ileride oluşabilecek lekeleri engeller.","skin":{"concern":[{"key":"dark-spots-concern","value":"dark_spots_concern"},{"key":"spf-concern","value":"spf_concern"}]},"skin_goal":null,"skus":{"total":1,"items":[{"color_family":null,"coverage_options":null,"cross_sell":null,"display_status":7,"finish":null,"finish_options":null,"fragrances":[{"family":null,"key":null,"value":null}],"iln_listing":null,"iln_version_number":null,"inventory_status":"Active","is_active":true,"is_coming_soon":null,"is_default_sku":false,"is_discountable":true,"is_displayable":null,"is_engravable":null,"is_fragrance":null,"is_giftable":null,"is_giftwrap":false,"is_inactive":null,"is_multi_shaded":null,"is_out_of_stock":null,"is_preorder":false,"is_preorderable":null,"is_promotional":null,"is_replenishable":false,"is_search_suppressed":null,"is_searchable":true,"is_shaded":null,"is_sized":null,"is_sold_out":null,"is_under_weight_hazmat":false,"is_vto_enabled":null,"life_of_product":"Basic Reorder","material_code":"7G8K010001","media":{"large":[{"alt":"Even Better Cilt Tonu Düzenleyici Gündüz Losyonu SPF 20","height":1200,"position":0,"src":"/media/export/cms/products/1200x1500/cl_sku_7G8K01_1200x1500_0.png","type":"image","width":1500}],"medium":[{"alt":"Even Better Cilt Tonu Düzenleyici Gündüz Losyonu SPF 20","height":600,"position":1,"src":"/media/export/cms/products/600x750/cl_sku_7G8K01_600x750_0.png","type":"image","width":750}],"model":null,"poster":null,"small":[{"alt":"Even Better Cilt Tonu Düzenleyici Gündüz Losyonu SPF 20","height":1200,"position":2,"src":"/media/export/cms/products/1200x1500/cl_sku_7G8K01_1200x1500_0.png","type":"image","width":1500}],"smoosh":null,"xl":null},"out_of_stock_threshold":null,"perlgem":{"SKU_BASE_ID":42060},"preorder_date":null,"prices":[{"currency":"TRY","exclude_tax":{"original_price":445,"original_price_formatted":"445.00 TL","price":445,"price_formatted":"445.00 TL","price_per_unit":890,"price_per_unit_formatted":"890.00 TL / 100ml"},"include_tax":{"original_price":445,"original_price_formatted":"445.00 TL","price":445,"price_formatted":"445.00 TL","price_per_unit":890,"price_per_unit_formatted":"890.00 TL / 100ml"},"is_discounted":false}],"purchase_limit":null,"replenishment":{"message":"Recommended Auto-Ship cycle: 6 weeks  Learn more >"},"reviews":{"average_rating":null,"number_of_questions":null,"number_of_reviews":null},"set_components":null,"shade_groups":null,"shades":null,"sizes":[{"key":1,"value":"50 ml"}],"skin":{"tone":null,"type":[{"key":"combination-skintype","value":"combination_skintype"},{"key":"oily-skintype","value":"oily_skintype"}],"type_description":null},"sku_badge":null,"sku_badge_image":null,"sku_display_order":1,"sku_id":"7G8K01","sku_promo_messaging":null,"sku_type":"SE","sku_url":null,"tags":{"total":14,"items":[{"id":"27174","key":"day7flashsale","value":"Day7FlashSale"},{"id":"10589","key":"offers-lp","value":"Offers LP"},{"id":"9427","key":"whatsnew","value":"what'snew"},{"id":"13563","key":"yeni̇-yil-ci̇lt-bakimi","value":"YENİ YIL CİLT BAKIMI"},{"id":"4323","key":"yeni̇-ürünler","value":"YENİ ÜRÜNLER"},{"id":"9423","key":"seasonal1","value":"seasonal1"},{"id":"1693","key":"lekeler","value":"Lekeler"},{"id":"12517","key":"yağsiz-ci̇lt-bakim-ürünleri̇","value":"YAĞSIZ CİLT BAKIM ÜRÜNLERİ"},{"id":"4034","key":"yüz-serumlari","value":"YÜZ SERUMLARI"},{"id":"1687","key":"yüz-nemlendi̇ri̇ci̇","value":"YÜZ NEMLENDİRİCİ"},{"id":"27168","key":"day1flashsale","value":"Day1FlashSale"},{"id":"9424","key":"discovery-box","value":"Discovery Box"},{"id":"27172","key":"day5flashsale","value":"Day5FlashSale"},{"id":"9422","key":"socialmediafavs","value":"socialmediafavs"}]},"texture":null,"undertone":null,"unit_of_measure":"ml","unit_size":100,"unit_size_formatted":"100ml","upc":"020714520854","vto":{"is_color_experience":null,"is_foundation_experience":null}}]},"sub_display_name":null,"sub_header":null,"tags":{"total":14,"items":[{"id":"27174","key":"day7flashsale","parent_tag_id":"1590","product_display_order":0,"value":"Day7FlashSale"},{"id":"10589","key":"offers-lp","parent_tag_id":null,"product_display_order":1,"value":"Offers LP"},{"id":"9427","key":"whatsnew","parent_tag_id":"9420","product_display_order":1,"value":"what'snew"},{"id":"13563","key":"yeni̇-yil-ci̇lt-bakimi","parent_tag_id":"13561","product_display_order":10,"value":"YENİ YIL CİLT BAKIMI"},{"id":"4323","key":"yeni̇-ürünler","parent_tag_id":null,"product_display_order":324,"value":"YENİ ÜRÜNLER"},{"id":"9423","key":"seasonal1","parent_tag_id":"9420","product_display_order":1,"value":"seasonal1"},{"id":"1693","key":"lekeler","parent_tag_id":"1667","product_display_order":5,"value":"Lekeler"},{"id":"12517","key":"yağsiz-ci̇lt-bakim-ürünleri̇","parent_tag_id":"1667","product_display_order":29,"value":"YAĞSIZ CİLT BAKIM ÜRÜNLERİ"},{"id":"4034","key":"yüz-serumlari","parent_tag_id":"1667","product_display_order":0,"value":"YÜZ SERUMLARI"},{"id":"1687","key":"yüz-nemlendi̇ri̇ci̇","parent_tag_id":"1667","product_display_order":151,"value":"YÜZ NEMLENDİRİCİ"},{"id":"27168","key":"day1flashsale","parent_tag_id":"1590","product_display_order":0,"value":"Day1FlashSale"},{"id":"9424","key":"discovery-box","parent_tag_id":"9420","product_display_order":1,"value":"Discovery Box"},{"id":"27172","key":"day5flashsale","parent_tag_id":"1590","product_display_order":110,"value":"Day5FlashSale"},{"id":"9422","key":"socialmediafavs","parent_tag_id":"9420","product_display_order":1,"value":"socialmediafavs"}]},"usage":[{"content":"<ul>/<li>Cildinize uygun Even Better nemlendirici losyon veya kremi seçin</li><li>Sabahları Even Better Clinical Koyu Leke Karşıtı serumu kullandıktan sonra uygulayın </li><li>Günlük kullanarak, 4 veya 6 hafta içinde gözle görülür sonuçlar elde edin. Even Better Clinical ile daha da hızlı sonuçlar.</li><li>Dekolte bölgesine de uygulanabilir.</li><ul>","label":"PRODUCT USAGE","type":"product_usage"},{"content":null,"label":"HOW DOES IT WORK","type":"how_does_it_work"},{"content":null,"label":"WHO IT IS FOR","type":"who_it_is_for"},{"content":null,"label":"GREAT TO KNOW","type":"great_to_know"},{"content":null,"label":"WHAT_IT_DOES","type":"what_it_does"},{"content":"<br><br><b></b><br>Yağlı ciltler için yenileyici, yağlandırmayan nemlendirici losyon  yüksek UVA/UVB koruması ile cildinizi olası koyu lekeler ve renk eşitsizliklerine karşı korur.  Özel içerikleri ile ciltteki koyu lekeleri yok eder ve cildinizi arındırır. Anında daha aydınlık ve net bir cilt görünümü sağlar.  Cilt tipiniz çok kuru veya kuru mu?DeneyinEven Better Cilt Tonu Eşitleyici Nemlendirici SPF 20.","label":"WHAT_IT_IS","type":"what_it_is"}],"objectID":"21823"},{"benefit":{"statement":null,"benefits":[{"key":"volumizing-benefit","value":"volumizing_benefit"},{"key":"lightweight-benefit","value":"lightweight_benefit"}]},"brand":null,"collection":null,"coverage":null,"cross_sell":[{"sku_id":"62A401","sort_key":1},{"sku_id":"68LE01","sort_key":2},{"sku_id":"75X301","sort_key":3},{"sku_id":"77XH01","sort_key":4},{"sku_id":"6F0K01","sort_key":5},{"sku_id":"645J01","sort_key":6}],"default_category":{"id":"1606","key":"maskara"},"description":"Clinique High Impact Extreme Volume Maskara ile en dramatik, yoğun ve büyüleyici bakışlara anında kavuşabilirsiniz. Gün ortası görünümünüzle vedalaşın ve daha hacimli, daha yoğun kirpiklere kavuşun.<BR><BR><BR>","display_mode":null,"display_name":"High Impact Extreme Volume Maskara","display_status":7,"finish":null,"form":null,"formula_type":null,"fragrance_family":null,"indexable_keywords":null,"is_hazmat":false,"is_product_coming_soon":null,"is_product_displayable":true,"is_product_searchable":true,"is_product_shoppable":true,"is_product_sold_out":null,"is_product_temporarily_out_of_stock":null,"is_search_suppressed":null,"key_ingredient":null,"media":{"large":null,"medium":null,"poster":null,"small":null,"videos":[{"position":null,"poster":{"height":null,"src":null,"width":null},"provider":null,"src":null},{"position":null,"poster":{"height":null,"src":null,"width":null},"provider":null,"src":null},{"position":null,"poster":{"height":null,"src":null,"width":null},"provider":null,"src":null}],"xl":null},"meta":{"description":null,"keywords":null},"parent_category":[{"id":"1606","value":"MASKARA"},{"id":"1592","value":"MAKYAJ"}],"product_badge":null,"product_id":"22759","product_title_tag":null,"product_type":"Shaded","product_url":"/product/1606/22759/makyaj/maskara/high-impact-extreme-volume-maskara","reviews":{"average_rating":3.9,"number_of_questions":null,"number_of_reviews":7},"shade_groups":null,"short_description":"Over-the-top brush wraps your lashes in instant, jaw-dropping drama.","skin":null,"skin_goal":null,"skus":{"total":1,"items":[{"color_family":null,"coverage_options":null,"cross_sell":null,"display_status":7,"finish":null,"finish_options":null,"fragrances":[{"family":null,"key":null,"value":null}],"iln_listing":null,"iln_version_number":null,"inventory_status":"Active","is_active":true,"is_coming_soon":null,"is_default_sku":false,"is_discountable":true,"is_displayable":null,"is_engravable":null,"is_fragrance":null,"is_giftable":null,"is_giftwrap":false,"is_inactive":null,"is_multi_shaded":null,"is_out_of_stock":null,"is_preorder":false,"is_preorderable":null,"is_promotional":null,"is_replenishable":false,"is_search_suppressed":null,"is_searchable":true,"is_shaded":null,"is_sized":null,"is_sold_out":null,"is_under_weight_hazmat":false,"is_vto_enabled":null,"life_of_product":"Basic Reorder","material_code":"7LYW011000","media":{"large":[{"alt":"High Impact Extreme Volume Maskara","height":1200,"position":1,"src":"/media/export/cms/products/1200x1500/cl_sku_7LYW01_1200x1500_0.png","type":"image","width":1500}],"medium":[{"alt":"High Impact Extreme Volume Maskara","height":600,"position":2,"src":"/media/export/cms/products/600x750/cl_sku_7LYW01_600x750_0.png","type":"image","width":750}],"model":null,"poster":null,"small":[{"alt":"High Impact Extreme Volume Maskara","height":1200,"position":3,"src":"/media/export/cms/products/1200x1500/cl_sku_7LYW01_1200x1500_0.png","type":"image","width":1500}],"smoosh":[{"alt":"High Impact Extreme Volume Maskara","height":1200,"position":0,"src":"/media/export/cms/products/1200x1500/swatches_v3/45_ns_ng.png","type":"image","width":1500}],"xl":null},"out_of_stock_threshold":null,"perlgem":{"SKU_BASE_ID":43764},"preorder_date":null,"prices":[{"currency":"TRY","exclude_tax":{"original_price":225,"original_price_formatted":"225.00 TL","price":225,"price_formatted":"225.00 TL","price_per_unit":null,"price_per_unit_formatted":""},"include_tax":{"original_price":225,"original_price_formatted":"225.00 TL","price":225,"price_formatted":"225.00 TL","price_per_unit":null,"price_per_unit_formatted":""},"is_discounted":false}],"purchase_limit":null,"replenishment":{"message":"Never run low on your favourites. Sign up for Auto-Ship. Learn more >"},"reviews":{"average_rating":null,"number_of_questions":null,"number_of_reviews":null},"set_components":null,"shade_groups":null,"shades":[{"description":"","hex_val":"#000000","image":{"height":null,"src":"","width":null},"name":"Extreme Black","smoosh_design":{"group_id":null,"name":"45::none::none"}}],"sizes":[{"key":1,"value":"10 ml"}],"skin":{"tone":null,"type":null,"type_description":null},"sku_badge":null,"sku_badge_image":null,"sku_display_order":0,"sku_id":"7LYW01","sku_promo_messaging":null,"sku_type":"SE","sku_url":null,"tags":{"total":14,"items":[{"id":"9424","key":"discovery-box","value":"Discovery Box"},{"id":"13562","key":"yeni̇-yil-makyaj","value":"YENİ YIL MAKYAJ"},{"id":"17859","key":"çok-satanlar","value":"ÇOK SATANLAR"},{"id":"9427","key":"whatsnew","value":"what'snew"},{"id":"12537","key":"çok-satan-makyaj-ürünleri̇","value":"ÇOK SATAN MAKYAJ ÜRÜNLERİ"},{"id":"4323","key":"yeni̇-ürünler","value":"YENİ ÜRÜNLER"},{"id":"13569","key":"99-tl-ve-alti-ci̇lt-bakimmakyajparfüm-setleri̇","value":"99 TL VE ALTI CİLT BAKIM&MAKYAJ&PARFÜM SETLERİ"},{"id":"27174","key":"day7flashsale","value":"Day7FlashSale"},{"id":"27171","key":"day4flashsale","value":"Day4FlashSale"},{"id":"27172","key":"day5flashsale","value":"Day5FlashSale"},{"id":"1606","key":"maskara","value":"MASKARA"},{"id":"1592","key":"makyaj","value":"MAKYAJ"},{"id":"1575","key":"en-çok-satanlar","value":"En Çok Satanlar"},{"id":"10589","key":"offers-lp","value":"Offers LP"}]},"texture":null,"undertone":null,"unit_of_measure":null,"unit_size":null,"unit_size_formatted":null,"upc":"020714561468","vto":{"is_color_experience":null,"is_foundation_experience":null}}]},"sub_display_name":null,"sub_header":null,"tags":{"total":14,"items":[{"id":"9424","key":"discovery-box","parent_tag_id":"9420","product_display_order":1,"value":"Discovery Box"},{"id":"13562","key":"yeni̇-yil-makyaj","parent_tag_id":"13561","product_display_order":0,"value":"YENİ YIL MAKYAJ"},{"id":"17859","key":"çok-satanlar","parent_tag_id":null,"product_display_order":59,"value":"ÇOK SATANLAR"},{"id":"9427","key":"whatsnew","parent_tag_id":"9420","product_display_order":1,"value":"what'snew"},{"id":"12537","key":"çok-satan-makyaj-ürünleri̇","parent_tag_id":"1592","product_display_order":0,"value":"ÇOK SATAN MAKYAJ ÜRÜNLERİ"},{"id":"4323","key":"yeni̇-ürünler","parent_tag_id":null,"product_display_order":326,"value":"YENİ ÜRÜNLER"},{"id":"13569","key":"99-tl-ve-alti-ci̇lt-bakimmakyajparfüm-setleri̇","parent_tag_id":"13561","product_display_order":0,"value":"99 TL VE ALTI CİLT BAKIM&MAKYAJ&PARFÜM SETLERİ"},{"id":"27174","key":"day7flashsale","parent_tag_id":"1590","product_display_order":0,"value":"Day7FlashSale"},{"id":"27171","key":"day4flashsale","parent_tag_id":"1590","product_display_order":21,"value":"Day4FlashSale"},{"id":"27172","key":"day5flashsale","parent_tag_id":"1590","product_display_order":0,"value":"Day5FlashSale"},{"id":"1606","key":"maskara","parent_tag_id":"1592","product_display_order":0,"value":"MASKARA"},{"id":"1592","key":"makyaj","parent_tag_id":null,"product_display_order":62,"value":"MAKYAJ"},{"id":"1575","key":"en-çok-satanlar","parent_tag_id":null,"product_display_order":52,"value":"En Çok Satanlar"},{"id":"10589","key":"offers-lp","parent_tag_id":null,"product_display_order":1,"value":"Offers LP"}]},"usage":[{"content":"<ul><li>Kullanışlı, iri fırçası sayesinde her bir kirpiğinize kolayca ve hızlıca ulaşabilirsiniz.</li><li>Kirpik diplerine dokunan maskara kolayca kirpik boyunca taranarak kirpikleri birbirinden ayırır, uzatır ve kıvırır.</li><li>Kubbe şeklindeki fırçası sayesinde uçlardaki en ulaşması zor kirpiklere dahi dokunabilmeyi sağlar.</li><li>Favori Clinique <a href=\"/product/1673/5380/Skincare/Cleansers_Makeup_Removers/Take-The-Day-Off-Gz-ve-Dudak-Makyaj-Temizleyicisi/index.tmpl\">makyaj temizleyicisi ile temizleyin</a>.</li></ul>","label":"PRODUCT USAGE","type":"product_usage"},{"content":null,"label":"HOW DOES IT WORK","type":"how_does_it_work"},{"content":null,"label":"WHO IT IS FOR","type":"who_it_is_for"},{"content":null,"label":"GREAT TO KNOW","type":"great_to_know"},{"content":null,"label":"WHAT_IT_DOES","type":"what_it_does"},{"content":"Clinique High Impact Extreme Volume Maskara ile en dramatik, yoğun ve büyüleyici bakışlara anında kavuşabilirsiniz. Gün ortası görünümünüzle vedalaşın ve daha hacimli, daha yoğun kirpiklere kavuşun.<BR><BR><BR>","label":"WHAT_IT_IS","type":"what_it_is"}],"objectID":"22759"},{"benefit":{"statement":null,"benefits":null},"brand":null,"collection":null,"coverage":null,"cross_sell":[{"sku_id":"7THM01","sort_key":1},{"sku_id":"62A401","sort_key":2},{"sku_id":"7WCP01","sort_key":3},{"sku_id":"60MK01","sort_key":4},{"sku_id":"749K02","sort_key":5},{"sku_id":null,"sort_key":6}],"default_category":{"id":"1598","key":"göz-fari"},"description":"Işıltı veren, hafif far; kremsi yapısı sayesinde kolayca dağılır. Üst üste uygulanabilir ve uzun süre kalıcılığını korur. Hafif görünüm için göz kapağınız üzerine 1 kere uygulayın. Yoğunluk sağlamak için bir kez daha üzerinden geçin. Başka bir tonla birleştirerek vurgu yaratabilirsiniz. Dilediğiniz rengi birlikte kullanabilirsiniz. Hassas gözler ve kontakt lens kullanıcıları için uygundur.<BR><BR><BR><BR>","display_mode":null,"display_name":"Chubby Stick Kalem Göz Farı","display_status":7,"finish":null,"form":null,"formula_type":null,"fragrance_family":null,"indexable_keywords":null,"is_hazmat":false,"is_product_coming_soon":null,"is_product_displayable":true,"is_product_searchable":true,"is_product_shoppable":true,"is_product_sold_out":null,"is_product_temporarily_out_of_stock":null,"is_search_suppressed":null,"key_ingredient":null,"media":{"large":null,"medium":null,"poster":null,"small":null,"videos":[{"position":null,"poster":{"height":null,"src":null,"width":null},"provider":null,"src":null},{"position":null,"poster":{"height":null,"src":null,"width":null},"provider":null,"src":null},{"position":null,"poster":{"height":null,"src":null,"width":null},"provider":null,"src":null}],"xl":null},"meta":{"description":null,"keywords":"eye shadow, chubby, tint, stick, sombra"},"parent_category":[{"id":"1598","value":"GÖZ FARI"},{"id":"1592","value":"MAKYAJ"}],"product_badge":null,"product_id":"22855","product_title_tag":null,"product_type":"Shaded","product_url":"/product/1598/22855/makyaj/goz-fari/chubby-stick-kalem-goz-far","reviews":{"average_rating":3.3,"number_of_questions":null,"number_of_reviews":6},"shade_groups":null,"short_description":"Kolay uygulanabilir, ışıltılı, krem yapılı far rahatça dağılır. Üst üste uygulanabilir ve uzun süre kalıcılığını korur.","skin":null,"skin_goal":null,"skus":{"total":2,"items":[{"color_family":null,"coverage_options":null,"cross_sell":null,"display_status":7,"finish":null,"finish_options":null,"fragrances":[{"family":null,"key":null,"value":null}],"iln_listing":null,"iln_version_number":null,"inventory_status":"Active","is_active":true,"is_coming_soon":null,"is_default_sku":false,"is_discountable":true,"is_displayable":null,"is_engravable":null,"is_fragrance":null,"is_giftable":null,"is_giftwrap":false,"is_inactive":null,"is_multi_shaded":null,"is_out_of_stock":null,"is_preorder":false,"is_preorderable":null,"is_promotional":null,"is_replenishable":false,"is_search_suppressed":null,"is_searchable":true,"is_shaded":null,"is_sized":null,"is_sold_out":null,"is_under_weight_hazmat":false,"is_vto_enabled":null,"life_of_product":"Basic Reorder","material_code":"7NYF020001","media":{"large":[{"alt":"Chubby Stick Kalem Göz Farı","height":1200,"position":1,"src":"/media/export/cms/products/1200x1500/cl_sku_7NYF02_1200x1500_0.png","type":"image","width":1500}],"medium":[{"alt":"Chubby Stick Kalem Göz Farı","height":600,"position":2,"src":"/media/export/cms/products/600x750/cl_sku_7NYF02_600x750_0.png","type":"image","width":750}],"model":null,"poster":null,"small":[{"alt":"Chubby Stick Kalem Göz Farı","height":1200,"position":3,"src":"/media/export/cms/products/1200x1500/cl_sku_7NYF02_1200x1500_0.png","type":"image","width":1500}],"smoosh":[{"alt":"Chubby Stick Kalem Göz Farı","height":1200,"position":0,"src":"/media/export/cms/products/1200x1500/swatches_v3/36_ns_ng.png","type":"image","width":1500}],"xl":null},"out_of_stock_threshold":null,"perlgem":{"SKU_BASE_ID":44093},"preorder_date":null,"prices":[{"currency":"TRY","exclude_tax":{"original_price":160,"original_price_formatted":"160.00 TL","price":160,"price_formatted":"160.00 TL","price_per_unit":null,"price_per_unit_formatted":""},"include_tax":{"original_price":160,"original_price_formatted":"160.00 TL","price":160,"price_formatted":"160.00 TL","price_per_unit":null,"price_per_unit_formatted":""},"is_discounted":false}],"purchase_limit":null,"replenishment":{"message":"Never run low on your favourites. Sign up for Auto-Ship. Learn more >"},"reviews":{"average_rating":null,"number_of_questions":null,"number_of_reviews":null},"set_components":null,"shade_groups":null,"shades":[{"description":"","hex_val":"#8c6f62","image":{"height":null,"src":"","width":null},"name":"Lots o' Latte","smoosh_design":{"group_id":null,"name":"36::none::none"}}],"sizes":[{"key":1,"value":"3 g"}],"skin":{"tone":null,"type":null,"type_description":null},"sku_badge":null,"sku_badge_image":null,"sku_display_order":0,"sku_id":"7NYF02","sku_promo_messaging":null,"sku_type":"SE","sku_url":null,"tags":{"total":16,"items":[{"id":"1592","key":"makyaj","value":"MAKYAJ"},{"id":"1598","key":"göz-fari","value":"GÖZ FARI"},{"id":"9424","key":"discovery-box","value":"Discovery Box"},{"id":"12537","key":"çok-satan-makyaj-ürünleri̇","value":"ÇOK SATAN MAKYAJ ÜRÜNLERİ"},{"id":"9427","key":"whatsnew","value":"what'snew"},{"id":"1575","key":"en-çok-satanlar","value":"En Çok Satanlar"},{"id":"22734","key":"30-aninda-i̇ndi̇ri̇m","value":"%30 ANINDA İNDİRİM"},{"id":"10589","key":"offers-lp","value":"Offers LP"},{"id":"27171","key":"day4flashsale","value":"Day4FlashSale"},{"id":"13770","key":"recommended-clinique-favourites","value":"Recommended Clinique Favourites"},{"id":"27174","key":"day7flashsale","value":"Day7FlashSale"},{"id":"4323","key":"yeni̇-ürünler","value":"YENİ ÜRÜNLER"},{"id":"13562","key":"yeni̇-yil-makyaj","value":"YENİ YIL MAKYAJ"},{"id":"9423","key":"seasonal1","value":"seasonal1"},{"id":"13561","key":"yeni̇-yil-buti̇ği̇","value":"YENİ YIL BUTİĞİ"},{"id":"27172","key":"day5flashsale","value":"Day5FlashSale"}]},"texture":null,"undertone":null,"unit_of_measure":null,"unit_size":0,"unit_size_formatted":null,"upc":"020714577889","vto":{"is_color_experience":null,"is_foundation_experience":null}},{"color_family":null,"coverage_options":null,"cross_sell":null,"display_status":7,"finish":null,"finish_options":null,"fragrances":[{"family":null,"key":null,"value":null}],"iln_listing":null,"iln_version_number":null,"inventory_status":"Active","is_active":true,"is_coming_soon":null,"is_default_sku":false,"is_discountable":true,"is_displayable":null,"is_engravable":null,"is_fragrance":null,"is_giftable":null,"is_giftwrap":false,"is_inactive":null,"is_multi_shaded":null,"is_out_of_stock":null,"is_preorder":false,"is_preorderable":null,"is_promotional":null,"is_replenishable":false,"is_search_suppressed":null,"is_searchable":true,"is_shaded":null,"is_sized":null,"is_sold_out":null,"is_under_weight_hazmat":false,"is_vto_enabled":null,"life_of_product":"Basic Reorder","material_code":"7NYF050001","media":{"large":[{"alt":"Chubby Stick Kalem Göz Farı","height":1200,"position":1,"src":"/media/export/cms/products/1200x1500/cl_sku_7NYF05_1200x1500_0.png","type":"image","width":1500}],"medium":[{"alt":"Chubby Stick Kalem Göz Farı","height":600,"position":2,"src":"/media/export/cms/products/600x750/cl_sku_7NYF05_600x750_0.png","type":"image","width":750}],"model":null,"poster":null,"small":[{"alt":"Chubby Stick Kalem Göz Farı","height":1200,"position":3,"src":"/media/export/cms/products/1200x1500/cl_sku_7NYF05_1200x1500_0.png","type":"image","width":1500}],"smoosh":[{"alt":"Chubby Stick Kalem Göz Farı","height":1200,"position":0,"src":"/media/export/cms/products/1200x1500/swatches_v3/36_ns_ng.png","type":"image","width":1500}],"xl":null},"out_of_stock_threshold":null,"perlgem":{"SKU_BASE_ID":44096},"preorder_date":null,"prices":[{"currency":"TRY","exclude_tax":{"original_price":160,"original_price_formatted":"160.00 TL","price":160,"price_formatted":"160.00 TL","price_per_unit":null,"price_per_unit_formatted":""},"include_tax":{"original_price":160,"original_price_formatted":"160.00 TL","price":160,"price_formatted":"160.00 TL","price_per_unit":null,"price_per_unit_formatted":""},"is_discounted":false}],"purchase_limit":null,"replenishment":{"message":"Never run low on your favourites. Sign up for Auto-Ship. Learn more >"},"reviews":{"average_rating":null,"number_of_questions":null,"number_of_reviews":null},"set_components":null,"shade_groups":null,"shades":[{"description":"","hex_val":"#776933","image":{"height":null,"src":"","width":null},"name":"Whopping Willow","smoosh_design":{"group_id":null,"name":"36::none::none"}}],"sizes":[{"key":1,"value":"3 g"}],"skin":{"tone":null,"type":null,"type_description":null},"sku_badge":null,"sku_badge_image":null,"sku_display_order":0,"sku_id":"7NYF05","sku_promo_messaging":null,"sku_type":"SE","sku_url":null,"tags":{"total":16,"items":[{"id":"1598","key":"göz-fari","value":"GÖZ FARI"},{"id":"9424","key":"discovery-box","value":"Discovery Box"},{"id":"12537","key":"çok-satan-makyaj-ürünleri̇","value":"ÇOK SATAN MAKYAJ ÜRÜNLERİ"},{"id":"9427","key":"whatsnew","value":"what'snew"},{"id":"1575","key":"en-çok-satanlar","value":"En Çok Satanlar"},{"id":"22734","key":"30-aninda-i̇ndi̇ri̇m","value":"%30 ANINDA İNDİRİM"},{"id":"10589","key":"offers-lp","value":"Offers LP"},{"id":"27171","key":"day4flashsale","value":"Day4FlashSale"},{"id":"19288","key":"sale","value":"sale"},{"id":"13770","key":"recommended-clinique-favourites","value":"Recommended Clinique Favourites"},{"id":"27174","key":"day7flashsale","value":"Day7FlashSale"},{"id":"4323","key":"yeni̇-ürünler","value":"YENİ ÜRÜNLER"},{"id":"13562","key":"yeni̇-yil-makyaj","value":"YENİ YIL MAKYAJ"},{"id":"9423","key":"seasonal1","value":"seasonal1"},{"id":"13561","key":"yeni̇-yil-buti̇ği̇","value":"YENİ YIL BUTİĞİ"},{"id":"27172","key":"day5flashsale","value":"Day5FlashSale"}]},"texture":null,"undertone":null,"unit_of_measure":null,"unit_size":null,"unit_size_formatted":null,"upc":"020714577919","vto":{"is_color_experience":null,"is_foundation_experience":null}}]},"sub_display_name":null,"sub_header":null,"tags":{"total":17,"items":[{"id":"1592","key":"makyaj","parent_tag_id":null,"product_display_order":122,"value":"MAKYAJ"},{"id":"1598","key":"göz-fari","parent_tag_id":"1592","product_display_order":5,"value":"GÖZ FARI"},{"id":"9424","key":"discovery-box","parent_tag_id":"9420","product_display_order":1,"value":"Discovery Box"},{"id":"12537","key":"çok-satan-makyaj-ürünleri̇","parent_tag_id":"1592","product_display_order":2,"value":"ÇOK SATAN MAKYAJ ÜRÜNLERİ"},{"id":"9427","key":"whatsnew","parent_tag_id":"9420","product_display_order":0,"value":"what'snew"},{"id":"1575","key":"en-çok-satanlar","parent_tag_id":null,"product_display_order":168,"value":"En Çok Satanlar"},{"id":"22734","key":"30-aninda-i̇ndi̇ri̇m","parent_tag_id":"1590","product_display_order":0,"value":"%30 ANINDA İNDİRİM"},{"id":"10589","key":"offers-lp","parent_tag_id":null,"product_display_order":9,"value":"Offers LP"},{"id":"27171","key":"day4flashsale","parent_tag_id":"1590","product_display_order":53,"value":"Day4FlashSale"},{"id":"19288","key":"sale","parent_tag_id":"1590","product_display_order":0,"value":"sale"},{"id":"13770","key":"recommended-clinique-favourites","parent_tag_id":null,"product_display_order":1,"value":"Recommended Clinique Favourites"},{"id":"27174","key":"day7flashsale","parent_tag_id":"1590","product_display_order":0,"value":"Day7FlashSale"},{"id":"4323","key":"yeni̇-ürünler","parent_tag_id":null,"product_display_order":400,"value":"YENİ ÜRÜNLER"},{"id":"13562","key":"yeni̇-yil-makyaj","parent_tag_id":"13561","product_display_order":47,"value":"YENİ YIL MAKYAJ"},{"id":"9423","key":"seasonal1","parent_tag_id":"9420","product_display_order":7,"value":"seasonal1"},{"id":"13561","key":"yeni̇-yil-buti̇ği̇","parent_tag_id":null,"product_display_order":0,"value":"YENİ YIL BUTİĞİ"},{"id":"27172","key":"day5flashsale","parent_tag_id":"1590","product_display_order":0,"value":"Day5FlashSale"}]},"usage":[{"content":"<ul><li>Direk göz kapağınıza uygulayın. <br></li><li>Nazikçe yukarı ve dışarı doğru dağıtarak, dilediğiniz yoğunluğu yaratın.&nbsp;&nbsp;&nbsp;&nbsp;&nbsp;&nbsp;&nbsp;&nbsp;&nbsp;&nbsp;&nbsp; <br></li><li>Farklı renkleri birlikte kullanarak gölge yaratabilirsiniz.&nbsp;&nbsp;&nbsp;&nbsp;&nbsp;&nbsp;&nbsp;&nbsp;&nbsp;&nbsp;&nbsp; <br></li><li>Kalemtıraşa ihtiyacınız yok. Kalem Far'ı alttan çevirerek ürünü kolayca kullanabilirsiniz.&nbsp;&nbsp;&nbsp;&nbsp;&nbsp;&nbsp;&nbsp;&nbsp; <br></li><li>Favori Clinique göz temizleyicisi ile göz makyajınızı temizleyebilirsiniz.</li></ul>","label":"PRODUCT USAGE","type":"product_usage"},{"content":null,"label":"HOW DOES IT WORK","type":"how_does_it_work"},{"content":null,"label":"WHO IT IS FOR","type":"who_it_is_for"},{"content":null,"label":"GREAT TO KNOW","type":"great_to_know"},{"content":null,"label":"WHAT_IT_DOES","type":"what_it_does"},{"content":"Işıltı veren, hafif far; kremsi yapısı sayesinde kolayca dağılır. Üst üste uygulanabilir ve uzun süre kalıcılığını korur. Hafif görünüm için göz kapağınız üzerine 1 kere uygulayın. Yoğunluk sağlamak için bir kez daha üzerinden geçin. Başka bir tonla birleştirerek vurgu yaratabilirsiniz. Dilediğiniz rengi birlikte kullanabilirsiniz. Hassas gözler ve kontakt lens kullanıcıları için uygundur.<BR><BR><BR><BR>","label":"WHAT_IT_IS","type":"what_it_is"}],"objectID":"22855"},{"benefit":{"statement":null,"benefits":null},"brand":null,"collection":null,"coverage":null,"cross_sell":[{"sku_id":"7NYF01","sort_key":1},{"sku_id":"749K01","sort_key":2},{"sku_id":"7WCP01","sort_key":3},{"sku_id":"60MK01","sort_key":4},{"sku_id":"7LYW01","sort_key":5}],"default_category":{"id":"1605","key":"ruj"},"description":"Dudaklarınızı ne çok şeffaf ne çok opak , dudaklarınız için mükemmel ton ile baştan çıkartın. Dudaklarınızı mango ve karite yağı ile besleyerek yumuşak ve pürüzsüz hissetmenizi sağlar.","display_mode":null,"display_name":"Chubby Stick Intense Nemlendirici Kalem Ruj","display_status":7,"finish":null,"form":null,"formula_type":null,"fragrance_family":null,"indexable_keywords":null,"is_hazmat":false,"is_product_coming_soon":null,"is_product_displayable":true,"is_product_searchable":true,"is_product_shoppable":true,"is_product_sold_out":null,"is_product_temporarily_out_of_stock":null,"is_search_suppressed":null,"key_ingredient":null,"media":{"large":null,"medium":null,"poster":null,"small":null,"videos":[{"position":null,"poster":{"height":null,"src":null,"width":null},"provider":null,"src":null},{"position":null,"poster":{"height":null,"src":null,"width":null},"provider":null,"src":null},{"position":null,"poster":{"height":null,"src":null,"width":null},"provider":null,"src":null}],"xl":null},"meta":{"description":null,"keywords":"chubby, lip balm"},"parent_category":[{"id":"1605","value":"RUJ"},{"id":"1592","value":"MAKYAJ"}],"product_badge":null,"product_id":"24146","product_title_tag":null,"product_type":"Shaded","product_url":"/product/1605/24146/makyaj/ruj/chubby-stick-intense-nemlendirici-kalem-ruj","reviews":{"average_rating":4.3,"number_of_questions":null,"number_of_reviews":33},"shade_groups":null,"short_description":"Aynaya ihtiyacınız olmadan, kapatıcıları uygulayın.","skin":null,"skin_goal":null,"skus":{"total":2,"items":[{"color_family":[{"key":"red-color","value":"red_color"}],"coverage_options":null,"cross_sell":null,"display_status":7,"finish":[{"key":"satin-finish","value":"satin_finish"}],"finish_options":[{"key":"satin-finish","value":"satin_finish"}],"fragrances":[{"family":null,"key":null,"value":null}],"iln_listing":null,"iln_version_number":null,"inventory_status":"Active","is_active":true,"is_coming_soon":null,"is_default_sku":false,"is_discountable":true,"is_displayable":null,"is_engravable":null,"is_fragrance":null,"is_giftable":null,"is_giftwrap":false,"is_inactive":null,"is_multi_shaded":null,"is_out_of_stock":null,"is_preorder":false,"is_preorderable":null,"is_promotional":null,"is_replenishable":true,"is_search_suppressed":null,"is_searchable":true,"is_shaded":null,"is_sized":null,"is_sold_out":null,"is_under_weight_hazmat":false,"is_vto_enabled":null,"life_of_product":"Basic Reorder","material_code":"7THM030001","media":{"large":[{"alt":"Chubby Stick Intense Nemlendirici Kalem Ruj","height":1200,"position":1,"src":"/media/export/cms/products/1200x1500/cl_sku_7THM03_1200x1500_0.png","type":"image","width":1500}],"medium":[{"alt":"Chubby Stick Intense Nemlendirici Kalem Ruj","height":600,"position":2,"src":"/media/export/cms/products/600x750/cl_sku_7THM03_600x750_0.png","type":"image","width":750}],"model":null,"poster":null,"small":[{"alt":"Chubby Stick Intense Nemlendirici Kalem Ruj","height":1200,"position":3,"src":"/media/export/cms/products/1200x1500/cl_sku_7THM03_1200x1500_0.png","type":"image","width":1500}],"smoosh":[{"alt":"Chubby Stick Intense Nemlendirici Kalem Ruj","height":1200,"position":0,"src":"/media/export/cms/products/1200x1500/swatches_v3/37_ns_ng.png","type":"image","width":1500}],"xl":null},"out_of_stock_threshold":null,"perlgem":{"SKU_BASE_ID":45956},"preorder_date":null,"prices":[{"currency":"TRY","exclude_tax":{"original_price":149,"original_price_formatted":"149.00 TL","price":149,"price_formatted":"149.00 TL","price_per_unit":null,"price_per_unit_formatted":""},"include_tax":{"original_price":149,"original_price_formatted":"149.00 TL","price":149,"price_formatted":"149.00 TL","price_per_unit":null,"price_per_unit_formatted":""},"is_discounted":false}],"purchase_limit":null,"replenishment":{"message":"Never run low on your favourites. Sign up for Auto-Ship. Learn more >"},"reviews":{"average_rating":null,"number_of_questions":null,"number_of_reviews":null},"set_components":null,"shade_groups":null,"shades":[{"description":"","hex_val":"#b5003d","image":{"height":null,"src":"","width":null},"name":"Mightiest Maraschino","smoosh_design":{"group_id":null,"name":"37::none::none"}}],"sizes":[{"key":1,"value":"3 g"}],"skin":{"tone":null,"type":null,"type_description":null},"sku_badge":null,"sku_badge_image":null,"sku_display_order":0,"sku_id":"7THM03","sku_promo_messaging":null,"sku_type":"SE","sku_url":null,"tags":{"total":8,"items":[{"id":"27171","key":"day4flashsale","value":"Day4FlashSale"},{"id":"1605","key":"ruj","value":"RUJ"},{"id":"1592","key":"makyaj","value":"MAKYAJ"},{"id":"25565","key":"justarrivednew","value":"justarrivednew"},{"id":"1661","key":"güneş-koruyucu-ürünler","value":"GÜNEŞ KORUYUCU ÜRÜNLER"},{"id":"25016","key":"top-sellers","value":"Top Sellers"},{"id":"13562","key":"yeni̇-yil-makyaj","value":"YENİ YIL MAKYAJ"},{"id":"27172","key":"day5flashsale","value":"Day5FlashSale"}]},"texture":null,"undertone":null,"unit_of_measure":null,"unit_size":null,"unit_size_formatted":null,"upc":"020714602055","vto":{"is_color_experience":null,"is_foundation_experience":null}},{"color_family":[{"key":"red-color","value":"red_color"}],"coverage_options":null,"cross_sell":null,"display_status":7,"finish":[{"key":"satin-finish","value":"satin_finish"}],"finish_options":[{"key":"satin-finish","value":"satin_finish"}],"fragrances":[{"family":null,"key":null,"value":null}],"iln_listing":null,"iln_version_number":null,"inventory_status":"Active","is_active":true,"is_coming_soon":null,"is_default_sku":false,"is_discountable":true,"is_displayable":null,"is_engravable":null,"is_fragrance":null,"is_giftable":null,"is_giftwrap":false,"is_inactive":null,"is_multi_shaded":null,"is_out_of_stock":null,"is_preorder":false,"is_preorderable":null,"is_promotional":null,"is_replenishable":false,"is_search_suppressed":null,"is_searchable":true,"is_shaded":null,"is_sized":null,"is_sold_out":null,"is_under_weight_hazmat":false,"is_vto_enabled":null,"life_of_product":"Basic Reorder","material_code":"7THM040001","media":{"large":[{"alt":"Chubby Stick Intense Nemlendirici Kalem Ruj","height":1200,"position":1,"src":"/media/export/cms/products/1200x1500/cl_sku_7THM04_1200x1500_0.png","type":"image","width":1500}],"medium":[{"alt":"Chubby Stick Intense Nemlendirici Kalem Ruj","height":600,"position":2,"src":"/media/export/cms/products/600x750/cl_sku_7THM04_600x750_0.png","type":"image","width":750}],"model":null,"poster":null,"small":[{"alt":"Chubby Stick Intense Nemlendirici Kalem Ruj","height":1200,"position":3,"src":"/media/export/cms/products/1200x1500/cl_sku_7THM04_1200x1500_0.png","type":"image","width":1500}],"smoosh":[{"alt":"Chubby Stick Intense Nemlendirici Kalem Ruj","height":1200,"position":0,"src":"/media/export/cms/products/1200x1500/swatches_v3/37_ns_ng.png","type":"image","width":1500}],"xl":null},"out_of_stock_threshold":null,"perlgem":{"SKU_BASE_ID":45957},"preorder_date":null,"prices":[{"currency":"TRY","exclude_tax":{"original_price":149,"original_price_formatted":"149.00 TL","price":149,"price_formatted":"149.00 TL","price_per_unit":null,"price_per_unit_formatted":""},"include_tax":{"original_price":149,"original_price_formatted":"149.00 TL","price":149,"price_formatted":"149.00 TL","price_per_unit":null,"price_per_unit_formatted":""},"is_discounted":false}],"purchase_limit":null,"replenishment":{"message":"Never run low on your favourites. Sign up for Auto-Ship. Learn more >"},"reviews":{"average_rating":null,"number_of_questions":null,"number_of_reviews":null},"set_components":null,"shade_groups":null,"shades":[{"description":"","hex_val":"#bd3637","image":{"height":null,"src":"","width":null},"name":"Heftiest Hibiscus","smoosh_design":{"group_id":null,"name":"37::none::none"}}],"sizes":[{"key":1,"value":"3 g"}],"skin":{"tone":null,"type":null,"type_description":null},"sku_badge":null,"sku_badge_image":null,"sku_display_order":0,"sku_id":"7THM04","sku_promo_messaging":null,"sku_type":"SE","sku_url":null,"tags":{"total":17,"items":[{"id":"27171","key":"day4flashsale","value":"Day4FlashSale"},{"id":"1602","key":"hedi̇yeler-setler","value":"HEDİYELER & SETLER"},{"id":"9427","key":"whatsnew","value":"what'snew"},{"id":"1575","key":"en-çok-satanlar","value":"En Çok Satanlar"},{"id":"10589","key":"offers-lp","value":"Offers LP"},{"id":"9425","key":"top-rated-makeup","value":"top rated makeup"},{"id":"1605","key":"ruj","value":"RUJ"},{"id":"12537","key":"çok-satan-makyaj-ürünleri̇","value":"ÇOK SATAN MAKYAJ ÜRÜNLERİ"},{"id":"13561","key":"yeni̇-yil-buti̇ği̇","value":"YENİ YIL BUTİĞİ"},{"id":"4323","key":"yeni̇-ürünler","value":"YENİ ÜRÜNLER"},{"id":"16422","key":"gifts","value":"Gifts"},{"id":"9424","key":"discovery-box","value":"Discovery Box"},{"id":"25016","key":"top-sellers","value":"Top Sellers"},{"id":"9423","key":"seasonal1","value":"seasonal1"},{"id":"1603","key":"dudak-parlatici-dolgunlaştirici","value":"DUDAK PARLATICI & DOLGUNLAŞTIRICI"},{"id":"13562","key":"yeni̇-yil-makyaj","value":"YENİ YIL MAKYAJ"},{"id":"27172","key":"day5flashsale","value":"Day5FlashSale"}]},"texture":null,"undertone":null,"unit_of_measure":null,"unit_size":null,"unit_size_formatted":null,"upc":"020714602062","vto":{"is_color_experience":null,"is_foundation_experience":null}}]},"sub_display_name":null,"sub_header":null,"tags":{"total":18,"items":[{"id":"1602","key":"hedi̇yeler-setler","parent_tag_id":"1600","product_display_order":1,"value":"HEDİYELER & SETLER"},{"id":"9427","key":"whatsnew","parent_tag_id":"9420","product_display_order":0,"value":"what'snew"},{"id":"1575","key":"en-çok-satanlar","parent_tag_id":null,"product_display_order":126,"value":"En Çok Satanlar"},{"id":"10589","key":"offers-lp","parent_tag_id":null,"product_display_order":11,"value":"Offers LP"},{"id":"9425","key":"top-rated-makeup","parent_tag_id":"9420","product_display_order":1,"value":"top rated makeup"},{"id":"1605","key":"ruj","parent_tag_id":"1592","product_display_order":4,"value":"RUJ"},{"id":"1592","key":"makyaj","parent_tag_id":null,"product_display_order":17,"value":"MAKYAJ"},{"id":"12537","key":"çok-satan-makyaj-ürünleri̇","parent_tag_id":"1592","product_display_order":1,"value":"ÇOK SATAN MAKYAJ ÜRÜNLERİ"},{"id":"25565","key":"justarrivednew","parent_tag_id":null,"product_display_order":0,"value":"justarrivednew"},{"id":"13561","key":"yeni̇-yil-buti̇ği̇","parent_tag_id":null,"product_display_order":0,"value":"YENİ YIL BUTİĞİ"},{"id":"1661","key":"güneş-koruyucu-ürünler","parent_tag_id":"1659","product_display_order":1,"value":"GÜNEŞ KORUYUCU ÜRÜNLER"},{"id":"4323","key":"yeni̇-ürünler","parent_tag_id":null,"product_display_order":367,"value":"YENİ ÜRÜNLER"},{"id":"16422","key":"gifts","parent_tag_id":"1585","product_display_order":0,"value":"Gifts"},{"id":"9424","key":"discovery-box","parent_tag_id":"9420","product_display_order":0,"value":"Discovery Box"},{"id":"25016","key":"top-sellers","parent_tag_id":"4323","product_display_order":0,"value":"Top Sellers"},{"id":"9423","key":"seasonal1","parent_tag_id":"9420","product_display_order":1,"value":"seasonal1"},{"id":"1603","key":"dudak-parlatici-dolgunlaştirici","parent_tag_id":"1592","product_display_order":0,"value":"DUDAK PARLATICI & DOLGUNLAŞTIRICI"},{"id":"13562","key":"yeni̇-yil-makyaj","parent_tag_id":"13561","product_display_order":32,"value":"YENİ YIL MAKYAJ"}]},"usage":[{"content":"<ul>/<li>Dudaklarınızı ne çok şeffaf ne çok opak tam mükemmel renk ile baştan çıkartın. Dudaklarınızı mango ve karite yağı ile besleyerek yumuşak ve pürüzsüz hissetmenizi sağlar. Hepsi 10 farklı canlı renk içerir.</li><li>Dudaklarınıza direkt olarak uygulayın.</li><li>Önce dudak çevrenizi çizin, daha sonra doğal görünümlü renklerle içini doldurun. </li><li>Kalemtıraş ile açmaya gerek yoktur, arka tarafından çevirerek ucunu çıkartabilirsiniz</li><ul>","label":"PRODUCT USAGE","type":"product_usage"},{"content":null,"label":"HOW DOES IT WORK","type":"how_does_it_work"},{"content":null,"label":"WHO IT IS FOR","type":"who_it_is_for"},{"content":null,"label":"GREAT TO KNOW","type":"great_to_know"},{"content":null,"label":"WHAT_IT_DOES","type":"what_it_does"},{"content":"Dudaklarınızı ne çok şeffaf ne çok opak , dudaklarınız için mükemmel ton ile baştan çıkartın. Dudaklarınızı mango ve karite yağı ile besleyerek yumuşak ve pürüzsüz hissetmenizi sağlar.","label":"WHAT_IT_IS","type":"what_it_is"}],"objectID":"24146"},{"benefit":{"statement":null,"benefits":null},"brand":null,"collection":null,"coverage":null,"cross_sell":[{"sku_id":"7AY301","sort_key":1},{"sku_id":"6LKH01","sort_key":2},{"sku_id":"7WCP01","sort_key":3},{"sku_id":"68NT01","sort_key":4},{"sku_id":"6KAK01","sort_key":5},{"sku_id":"68NT01","sort_key":6}],"default_category":{"id":"14706","key":"maskeler"},"description":"<P>Moisture Surge Overnight Nem Maskesi cildi sakinleştirerek yenilenmesini sağlamaya ve cildin nemi hapsetme özelliğini güçlendirmeye yardımcı olur. Cilt, ertesi sabah yumuşak, pürüzsüz görünüm kazandırarak ve rahat hissetmesinde katkıda bulunur.</P><P>&nbsp;Etkili formül, uykuda geçirdiğiniz saatlerde gün boyu cildinizde oksidatif stres kaynaklı gelişen iritasyonu önlemeye ve gece boyunca sağladığı yoğun nem sayesinde cildin yenilenmesini sağlamaya yardımcı olur.</P>","display_mode":null,"display_name":"Moisture Surge Overnight Nem Maskesi","display_status":7,"finish":null,"form":null,"formula_type":null,"fragrance_family":null,"indexable_keywords":null,"is_hazmat":false,"is_product_coming_soon":null,"is_product_displayable":true,"is_product_searchable":true,"is_product_shoppable":true,"is_product_sold_out":null,"is_product_temporarily_out_of_stock":null,"is_search_suppressed":null,"key_ingredient":null,"media":{"large":null,"medium":null,"poster":null,"small":null,"videos":[{"position":null,"poster":{"height":null,"src":null,"width":null},"provider":null,"src":null},{"position":null,"poster":{"height":null,"src":null,"width":null},"provider":null,"src":null},{"position":null,"poster":{"height":null,"src":null,"width":null},"provider":null,"src":null}],"xl":null},"meta":{"description":null,"keywords":null},"parent_category":[{"id":"14706","value":"MASKELER"},{"id":"1667","value":"CİLT BAKIMI"}],"product_badge":null,"product_id":"24569","product_title_tag":null,"product_type":"Sized","product_url":"/product/14706/24569/cilt-bakimi/maskeler/moisture-surge-overnight-nem-maskesi","reviews":{"average_rating":3.5,"number_of_questions":null,"number_of_reviews":4},"shade_groups":null,"short_description":"Creamy, oil-free night mask helps skin drink deep tonight for a soft, dewy, glow tomorrow.","skin":null,"skin_goal":null,"skus":{"total":1,"items":[{"color_family":null,"coverage_options":null,"cross_sell":null,"display_status":7,"finish":null,"finish_options":null,"fragrances":[{"family":null,"key":null,"value":null}],"iln_listing":null,"iln_version_number":null,"inventory_status":"Active","is_active":true,"is_coming_soon":null,"is_default_sku":false,"is_discountable":true,"is_displayable":null,"is_engravable":null,"is_fragrance":null,"is_giftable":null,"is_giftwrap":false,"is_inactive":null,"is_multi_shaded":null,"is_out_of_stock":null,"is_preorder":false,"is_preorderable":null,"is_promotional":null,"is_replenishable":false,"is_search_suppressed":null,"is_searchable":true,"is_shaded":null,"is_sized":null,"is_sold_out":null,"is_under_weight_hazmat":false,"is_vto_enabled":null,"life_of_product":"Basic Reorder","material_code":"7NR5010000","media":{"large":[{"alt":"Moisture Surge Overnight Nem Maskesi","height":1200,"position":0,"src":"/media/export/cms/products/1200x1500/cl_sku_7NR501_1200x1500_0.png","type":"image","width":1500}],"medium":[{"alt":"Moisture Surge Overnight Nem Maskesi","height":600,"position":1,"src":"/media/export/cms/products/600x750/cl_sku_7NR501_600x750_0.png","type":"image","width":750}],"model":null,"poster":null,"small":[{"alt":"Moisture Surge Overnight Nem Maskesi","height":1200,"position":2,"src":"/media/export/cms/products/1200x1500/cl_sku_7NR501_1200x1500_0.png","type":"image","width":1500}],"smoosh":null,"xl":null},"out_of_stock_threshold":null,"perlgem":{"SKU_BASE_ID":46492},"preorder_date":null,"prices":[{"currency":"TRY","exclude_tax":{"original_price":299,"original_price_formatted":"299.00 TL","price":299,"price_formatted":"299.00 TL","price_per_unit":null,"price_per_unit_formatted":""},"include_tax":{"original_price":299,"original_price_formatted":"299.00 TL","price":299,"price_formatted":"299.00 TL","price_per_unit":null,"price_per_unit_formatted":""},"is_discounted":false}],"purchase_limit":null,"replenishment":{"message":"Recommended Auto-Ship cycle: 8 weeks  Learn more >"},"reviews":{"average_rating":null,"number_of_questions":null,"number_of_reviews":null},"set_components":null,"shade_groups":null,"shades":null,"sizes":[{"key":1,"value":"100 ml"}],"skin":{"tone":null,"type":[{"key":"very-dry-skintype","value":"very_dry_skintype"},{"key":"dry-skintype","value":"dry_skintype"},{"key":"combination-skintype","value":"combination_skintype"},{"key":"oily-skintype","value":"oily_skintype"},{"key":"normal-skintype","value":"normal_skintype"}],"type_description":null},"sku_badge":null,"sku_badge_image":null,"sku_display_order":0,"sku_id":"7NR501","sku_promo_messaging":null,"sku_type":"SE","sku_url":null,"tags":{"total":20,"items":[{"id":"13563","key":"yeni̇-yil-ci̇lt-bakimi","value":"YENİ YIL CİLT BAKIMI"},{"id":"1682","key":"peeling-ürünleri̇","value":"PEELING ÜRÜNLERİ"},{"id":"14706","key":"maskeler","value":"MASKELER"},{"id":"13770","key":"recommended-clinique-favourites","value":"Recommended Clinique Favourites"},{"id":"8388","key":"nem","value":"nem"},{"id":"1575","key":"en-çok-satanlar","value":"En Çok Satanlar"},{"id":"27174","key":"day7flashsale","value":"Day7FlashSale"},{"id":"13561","key":"yeni̇-yil-buti̇ği̇","value":"YENİ YIL BUTİĞİ"},{"id":"9423","key":"seasonal1","value":"seasonal1"},{"id":"1667","key":"ci̇lt-bakimi","value":"CİLT BAKIMI"},{"id":"27169","key":"day2flashsale","value":"Day2FlashSale"},{"id":"1628","key":"-evde-bakim","value":"# EVDE BAKIM"},{"id":"13568","key":"249-tl-ve-alti-ci̇lt-bakimmakyajparfüm-setleri̇","value":"249 TL VE ALTI CİLT BAKIM&MAKYAJ&PARFÜM SETLERİ"},{"id":"4323","key":"yeni̇-ürünler","value":"YENİ ÜRÜNLER"},{"id":"1590","key":"i̇ndi̇ri̇mli̇-ürünler","value":"İNDİRİMLİ ÜRÜNLER"},{"id":"1687","key":"yüz-nemlendi̇ri̇ci̇","value":"YÜZ NEMLENDİRİCİ"},{"id":"10589","key":"offers-lp","value":"Offers LP"},{"id":"1685","key":"hedi̇yeler-setler","value":"HEDİYELER & SETLER"},{"id":"27172","key":"day5flashsale","value":"Day5FlashSale"},{"id":"16422","key":"gifts","value":"Gifts"}]},"texture":null,"undertone":null,"unit_of_measure":null,"unit_size":null,"unit_size_formatted":null,"upc":"020714576219","vto":{"is_color_experience":null,"is_foundation_experience":null}}]},"sub_display_name":null,"sub_header":null,"tags":{"total":20,"items":[{"id":"13563","key":"yeni̇-yil-ci̇lt-bakimi","parent_tag_id":"13561","product_display_order":57,"value":"YENİ YIL CİLT BAKIMI"},{"id":"1682","key":"peeling-ürünleri̇","parent_tag_id":"1667","product_display_order":0,"value":"PEELING ÜRÜNLERİ"},{"id":"14706","key":"maskeler","parent_tag_id":"1667","product_display_order":0,"value":"MASKELER"},{"id":"13770","key":"recommended-clinique-favourites","parent_tag_id":null,"product_display_order":1,"value":"Recommended Clinique Favourites"},{"id":"8388","key":"nem","parent_tag_id":"1667","product_display_order":0,"value":"nem"},{"id":"1575","key":"en-çok-satanlar","parent_tag_id":null,"product_display_order":105,"value":"En Çok Satanlar"},{"id":"27174","key":"day7flashsale","parent_tag_id":"1590","product_display_order":0,"value":"Day7FlashSale"},{"id":"13561","key":"yeni̇-yil-buti̇ği̇","parent_tag_id":null,"product_display_order":0,"value":"YENİ YIL BUTİĞİ"},{"id":"9423","key":"seasonal1","parent_tag_id":"9420","product_display_order":1,"value":"seasonal1"},{"id":"1667","key":"ci̇lt-bakimi","parent_tag_id":null,"product_display_order":71,"value":"CİLT BAKIMI"},{"id":"27169","key":"day2flashsale","parent_tag_id":"1590","product_display_order":0,"value":"Day2FlashSale"},{"id":"1628","key":"-evde-bakim","parent_tag_id":null,"product_display_order":181,"value":"# EVDE BAKIM"},{"id":"13568","key":"249-tl-ve-alti-ci̇lt-bakimmakyajparfüm-setleri̇","parent_tag_id":"13561","product_display_order":0,"value":"249 TL VE ALTI CİLT BAKIM&MAKYAJ&PARFÜM SETLERİ"},{"id":"4323","key":"yeni̇-ürünler","parent_tag_id":null,"product_display_order":379,"value":"YENİ ÜRÜNLER"},{"id":"1590","key":"i̇ndi̇ri̇mli̇-ürünler","parent_tag_id":null,"product_display_order":0,"value":"İNDİRİMLİ ÜRÜNLER"},{"id":"1687","key":"yüz-nemlendi̇ri̇ci̇","parent_tag_id":"1667","product_display_order":141,"value":"YÜZ NEMLENDİRİCİ"},{"id":"10589","key":"offers-lp","parent_tag_id":null,"product_display_order":1,"value":"Offers LP"},{"id":"1685","key":"hedi̇yeler-setler","parent_tag_id":"1684","product_display_order":26,"value":"HEDİYELER & SETLER"},{"id":"27172","key":"day5flashsale","parent_tag_id":"1590","product_display_order":92,"value":"Day5FlashSale"},{"id":"16422","key":"gifts","parent_tag_id":"1585","product_display_order":10,"value":"Gifts"}]},"usage":[{"content":"•Geceleri veya ihtiyacınız olduğu zamanlar kullanın.<br>•Günlük cilt bakım rutininizi yaptıktan sonra tüm yüze eşit bir şekilde dağıtın.<br>•Cilt nemlendiriciyi absorbe edene kadar nazikçe masaj yaparak uygulayın. <br>","label":"PRODUCT USAGE","type":"product_usage"},{"content":null,"label":"HOW DOES IT WORK","type":"how_does_it_work"},{"content":null,"label":"WHO IT IS FOR","type":"who_it_is_for"},{"content":null,"label":"GREAT TO KNOW","type":"great_to_know"},{"content":null,"label":"WHAT_IT_DOES","type":"what_it_does"},{"content":"<P>Moisture Surge Overnight Nem Maskesi cildi sakinleştirerek yenilenmesini sağlamaya ve cildin nemi hapsetme özelliğini güçlendirmeye yardımcı olur. Cilt, ertesi sabah yumuşak, pürüzsüz görünüm kazandırarak ve rahat hissetmesinde katkıda bulunur.</P><P>&nbsp;Etkili formül, uykuda geçirdiğiniz saatlerde gün boyu cildinizde oksidatif stres kaynaklı gelişen iritasyonu önlemeye ve gece boyunca sağladığı yoğun nem sayesinde cildin yenilenmesini sağlamaya yardımcı olur.</P>","label":"WHAT_IT_IS","type":"what_it_is"}],"objectID":"24569"},{"benefit":{"statement":null,"benefits":null},"brand":null,"collection":[{"key":"moisture-surge-collection","value":"moisture_surge_collection"}],"coverage":[{"key":"medium-coverage","value":"medium_coverage"}],"cross_sell":[{"sku_id":"7T5R01","sort_key":1},{"sku_id":"6CM201","sort_key":2},{"sku_id":"Z17W01","sort_key":3},{"sku_id":"68NT01","sort_key":4},{"sku_id":"7F1C01","sort_key":5},{"sku_id":"6M2302","sort_key":6}],"default_category":{"id":"11480","key":"bb-cc-krem"},"description":"Işıldayan bir cilt için tek bir adım. Hafif yapısı ile eşit bir cilt tonu sağlayarak,  kızaıklık, donukluk ve kuruluk görünümünün azalmasına yardımcı olur. Yağsız formülü ile cildi nemlendirir, sağlıkla ışıldayan bir görünüm kazandırır.","display_mode":null,"display_name":"Moisture Surge CC Krem Nemlendiricili Renk Düzenleyici SPF 30","display_status":7,"finish":[{"key":"natural-finish","value":"natural_finish"}],"form":[{"key":"cream-form","value":"cream_form"}],"formula_type":null,"fragrance_family":null,"indexable_keywords":[{"value":"CC Cream"},{"value":" cc krem"},{"value":" avantaj"}],"is_hazmat":false,"is_product_coming_soon":null,"is_product_displayable":true,"is_product_searchable":true,"is_product_shoppable":true,"is_product_sold_out":null,"is_product_temporarily_out_of_stock":null,"is_search_suppressed":null,"key_ingredient":null,"media":{"large":null,"medium":null,"poster":null,"small":null,"videos":[{"position":null,"poster":{"height":null,"src":null,"width":null},"provider":null,"src":null},{"position":null,"poster":{"height":null,"src":null,"width":null},"provider":null,"src":null},{"position":null,"poster":{"height":null,"src":null,"width":null},"provider":null,"src":null}],"xl":null},"meta":{"description":null,"keywords":"cc cream"},"parent_category":[{"id":"11480","value":"BB & CC KREM"},{"id":"1599","value":"FONDÖTEN"},{"id":"1592","value":"MAKYAJ"}],"product_badge":null,"product_id":"25255","product_title_tag":null,"product_type":"Shaded","product_url":"/product/11480/25255/makyaj/fondoten/bb-cc-krem/moisture-surge-cc-krem-nemlendiricili-renk-duzenleyici-spf-30","reviews":{"average_rating":null,"number_of_questions":null,"number_of_reviews":null},"shade_groups":null,"short_description":"<B>YENİ Moisture Surge CC Cream SPF 30 Hydrating Colour Corrector</B><BR>CC krem formülünün en derin nemlendiricisi.Yağsız","skin":{"concern":[{"key":"dry-concern","value":"dry_concern"},{"key":"spf-concern","value":"spf_concern"}]},"skin_goal":null,"skus":{"total":3,"items":[{"color_family":[{"key":"fair-color","value":"fair_color"}],"coverage_options":null,"cross_sell":null,"display_status":7,"finish":[{"key":"natural-finish","value":"natural_finish"}],"finish_options":[{"key":"natural-finish","value":"natural_finish"}],"fragrances":[{"family":null,"key":null,"value":null}],"iln_listing":null,"iln_version_number":null,"inventory_status":"Active","is_active":true,"is_coming_soon":null,"is_default_sku":false,"is_discountable":true,"is_displayable":null,"is_engravable":null,"is_fragrance":null,"is_giftable":null,"is_giftwrap":false,"is_inactive":null,"is_multi_shaded":null,"is_out_of_stock":null,"is_preorder":false,"is_preorderable":null,"is_promotional":null,"is_replenishable":false,"is_search_suppressed":null,"is_searchable":true,"is_shaded":null,"is_sized":null,"is_sold_out":null,"is_under_weight_hazmat":false,"is_vto_enabled":null,"life_of_product":"Basic Reorder","material_code":"7WCP091001","media":{"large":[{"alt":"Moisture Surge CC Krem Nemlendiricili Renk Düzenleyici SPF 30","height":1200,"position":1,"src":"/media/export/cms/products/1200x1500/cl_sku_7WCP09_1200x1500_0.png","type":"image","width":1500}],"medium":[{"alt":"Moisture Surge CC Krem Nemlendiricili Renk Düzenleyici SPF 30","height":600,"position":3,"src":"/media/export/cms/products/600x750/cl_sku_7WCP09_600x750_0.png","type":"image","width":750}],"model":[{"alt":"Moisture Surge CC Krem Nemlendiricili Renk Düzenleyici SPF 30","height":null,"position":2,"src":"/media/export/cms/model/MF1.jpg","type":"image","width":null}],"poster":null,"small":[{"alt":"Moisture Surge CC Krem Nemlendiricili Renk Düzenleyici SPF 30","height":1200,"position":4,"src":"/media/export/cms/products/1200x1500/cl_sku_7WCP09_1200x1500_0.png","type":"image","width":1500}],"smoosh":[{"alt":"Moisture Surge CC Krem Nemlendiricili Renk Düzenleyici SPF 30","height":1200,"position":0,"src":"/media/export/cms/products/1200x1500/swatches_v3/08_ns_ng.png","type":"image","width":1500}],"xl":null},"out_of_stock_threshold":null,"perlgem":{"SKU_BASE_ID":47535},"preorder_date":null,"prices":[{"currency":"TRY","exclude_tax":{"original_price":265,"original_price_formatted":"265.00 TL","price":265,"price_formatted":"265.00 TL","price_per_unit":null,"price_per_unit_formatted":""},"include_tax":{"original_price":265,"original_price_formatted":"265.00 TL","price":265,"price_formatted":"265.00 TL","price_per_unit":null,"price_per_unit_formatted":""},"is_discounted":false}],"purchase_limit":null,"replenishment":{"message":null},"reviews":{"average_rating":null,"number_of_questions":null,"number_of_reviews":null},"set_components":null,"shade_groups":null,"shades":[{"description":"","hex_val":"#E2935C","image":{"height":null,"src":"","width":null},"name":"Light Medium","smoosh_design":{"group_id":null,"name":"08::none::none"}}],"sizes":[{"key":1,"value":"40 ml"}],"skin":{"tone":null,"type":[{"key":"very-dry-skintype","value":"very_dry_skintype"},{"key":"dry-skintype","value":"dry_skintype"},{"key":"combination-skintype","value":"combination_skintype"},{"key":"oily-skintype","value":"oily_skintype"},{"key":"normal-skintype","value":"normal_skintype"}],"type_description":null},"sku_badge":null,"sku_badge_image":null,"sku_display_order":0,"sku_id":"7WCP09","sku_promo_messaging":null,"sku_type":"SE","sku_url":null,"tags":{"total":11,"items":[{"id":"4323","key":"yeni̇-ürünler","value":"YENİ ÜRÜNLER"},{"id":"1599","key":"fondöten","value":"FONDÖTEN"},{"id":"11480","key":"bb-cc-krem","value":"BB & CC KREM"},{"id":"9427","key":"whatsnew","value":"what'snew"},{"id":"1628","key":"-evde-bakim","value":"# EVDE BAKIM"},{"id":"16370","key":"online-özel","value":"Online Özel"},{"id":"13561","key":"yeni̇-yil-buti̇ği̇","value":"YENİ YIL BUTİĞİ"},{"id":"1687","key":"yüz-nemlendi̇ri̇ci̇","value":"YÜZ NEMLENDİRİCİ"},{"id":"1667","key":"ci̇lt-bakimi","value":"CİLT BAKIMI"},{"id":"17860","key":"makyaj-ci̇lt-bakim-parfüm-setleri̇","value":"MAKYAJ & CİLT BAKIM & PARFÜM SETLERİ"},{"id":"1592","key":"makyaj","value":"MAKYAJ"}]},"texture":null,"undertone":null,"unit_of_measure":null,"unit_size":null,"unit_size_formatted":null,"upc":"020714656041","vto":{"is_color_experience":null,"is_foundation_experience":null}},{"color_family":[{"key":"medium-color","value":"medium_color"}],"coverage_options":null,"cross_sell":null,"display_status":7,"finish":[{"key":"natural-finish","value":"natural_finish"}],"finish_options":[{"key":"natural-finish","value":"natural_finish"}],"fragrances":[{"family":null,"key":null,"value":null}],"iln_listing":null,"iln_version_number":null,"inventory_status":"Active","is_active":true,"is_coming_soon":null,"is_default_sku":false,"is_discountable":true,"is_displayable":null,"is_engravable":null,"is_fragrance":null,"is_giftable":null,"is_giftwrap":false,"is_inactive":null,"is_multi_shaded":null,"is_out_of_stock":null,"is_preorder":false,"is_preorderable":null,"is_promotional":null,"is_replenishable":false,"is_search_suppressed":null,"is_searchable":true,"is_shaded":null,"is_sized":null,"is_sold_out":null,"is_under_weight_hazmat":false,"is_vto_enabled":null,"life_of_product":"Basic Reorder","material_code":"7WCP101001","media":{"large":[{"alt":"Moisture Surge CC Krem Nemlendiricili Renk Düzenleyici SPF 30","height":1200,"position":1,"src":"/media/export/cms/products/1200x1500/cl_sku_7WCP10_1200x1500_0.png","type":"image","width":1500}],"medium":[{"alt":"Moisture Surge CC Krem Nemlendiricili Renk Düzenleyici SPF 30","height":600,"position":3,"src":"/media/export/cms/products/600x750/cl_sku_7WCP10_600x750_0.png","type":"image","width":750}],"model":[{"alt":"Moisture Surge CC Krem Nemlendiricili Renk Düzenleyici SPF 30","height":null,"position":2,"src":"/media/export/cms/model/M1.jpg","type":"image","width":null}],"poster":null,"small":[{"alt":"Moisture Surge CC Krem Nemlendiricili Renk Düzenleyici SPF 30","height":1200,"position":4,"src":"/media/export/cms/products/1200x1500/cl_sku_7WCP10_1200x1500_0.png","type":"image","width":1500}],"smoosh":[{"alt":"Moisture Surge CC Krem Nemlendiricili Renk Düzenleyici SPF 30","height":1200,"position":0,"src":"/media/export/cms/products/1200x1500/swatches_v3/08_ns_ng.png","type":"image","width":1500}],"xl":null},"out_of_stock_threshold":null,"perlgem":{"SKU_BASE_ID":47537},"preorder_date":null,"prices":[{"currency":"TRY","exclude_tax":{"original_price":265,"original_price_formatted":"265.00 TL","price":265,"price_formatted":"265.00 TL","price_per_unit":null,"price_per_unit_formatted":""},"include_tax":{"original_price":265,"original_price_formatted":"265.00 TL","price":265,"price_formatted":"265.00 TL","price_per_unit":null,"price_per_unit_formatted":""},"is_discounted":false}],"purchase_limit":null,"replenishment":{"message":null},"reviews":{"average_rating":null,"number_of_questions":null,"number_of_reviews":null},"set_components":null,"shade_groups":null,"shades":[{"description":"","hex_val":"#DC8E59","image":{"height":null,"src":"","width":null},"name":"Medium","smoosh_design":{"group_id":null,"name":"08::none::none"}}],"sizes":[{"key":1,"value":"40 ml"}],"skin":{"tone":null,"type":[{"key":"very-dry-skintype","value":"very_dry_skintype"},{"key":"dry-skintype","value":"dry_skintype"},{"key":"combination-skintype","value":"combination_skintype"},{"key":"oily-skintype","value":"oily_skintype"},{"key":"normal-skintype","value":"normal_skintype"}],"type_description":null},"sku_badge":null,"sku_badge_image":null,"sku_display_order":0,"sku_id":"7WCP10","sku_promo_messaging":null,"sku_type":"SE","sku_url":null,"tags":{"total":12,"items":[{"id":"4323","key":"yeni̇-ürünler","value":"YENİ ÜRÜNLER"},{"id":"1599","key":"fondöten","value":"FONDÖTEN"},{"id":"11480","key":"bb-cc-krem","value":"BB & CC KREM"},{"id":"22734","key":"30-aninda-i̇ndi̇ri̇m","value":"%30 ANINDA İNDİRİM"},{"id":"9427","key":"whatsnew","value":"what'snew"},{"id":"16370","key":"online-özel","value":"Online Özel"},{"id":"13561","key":"yeni̇-yil-buti̇ği̇","value":"YENİ YIL BUTİĞİ"},{"id":"1687","key":"yüz-nemlendi̇ri̇ci̇","value":"YÜZ NEMLENDİRİCİ"},{"id":"1667","key":"ci̇lt-bakimi","value":"CİLT BAKIMI"},{"id":"17860","key":"makyaj-ci̇lt-bakim-parfüm-setleri̇","value":"MAKYAJ & CİLT BAKIM & PARFÜM SETLERİ"},{"id":"1590","key":"i̇ndi̇ri̇mli̇-ürünler","value":"İNDİRİMLİ ÜRÜNLER"},{"id":"1592","key":"makyaj","value":"MAKYAJ"}]},"texture":null,"undertone":null,"unit_of_measure":null,"unit_size":null,"unit_size_formatted":null,"upc":"020714656058","vto":{"is_color_experience":null,"is_foundation_experience":null}},{"color_family":[{"key":"very-fair-color","value":"very_fair_color"}],"coverage_options":null,"cross_sell":null,"display_status":7,"finish":[{"key":"natural-finish","value":"natural_finish"}],"finish_options":[{"key":"natural-finish","value":"natural_finish"}],"fragrances":[{"family":null,"key":null,"value":null}],"iln_listing":null,"iln_version_number":null,"inventory_status":"Active","is_active":true,"is_coming_soon":null,"is_default_sku":false,"is_discountable":true,"is_displayable":null,"is_engravable":null,"is_fragrance":null,"is_giftable":null,"is_giftwrap":false,"is_inactive":null,"is_multi_shaded":null,"is_out_of_stock":null,"is_preorder":false,"is_preorderable":null,"is_promotional":null,"is_replenishable":false,"is_search_suppressed":null,"is_searchable":true,"is_shaded":null,"is_sized":null,"is_sold_out":null,"is_under_weight_hazmat":false,"is_vto_enabled":null,"life_of_product":"Basic Reorder","material_code":"7WCP081001","media":{"large":[{"alt":"Moisture Surge CC Krem Nemlendiricili Renk Düzenleyici SPF 30","height":1200,"position":1,"src":"/media/export/cms/products/1200x1500/cl_sku_7WCP08_1200x1500_0.png","type":"image","width":1500}],"medium":[{"alt":"Moisture Surge CC Krem Nemlendiricili Renk Düzenleyici SPF 30","height":600,"position":3,"src":"/media/export/cms/products/600x750/cl_sku_7WCP08_600x750_0.png","type":"image","width":750}],"model":[{"alt":"Moisture Surge CC Krem Nemlendiricili Renk Düzenleyici SPF 30","height":null,"position":2,"src":"/media/export/cms/model/VF3.jpg","type":"image","width":null}],"poster":null,"small":[{"alt":"Moisture Surge CC Krem Nemlendiricili Renk Düzenleyici SPF 30","height":1200,"position":4,"src":"/media/export/cms/products/1200x1500/cl_sku_7WCP08_1200x1500_0.png","type":"image","width":1500}],"smoosh":[{"alt":"Moisture Surge CC Krem Nemlendiricili Renk Düzenleyici SPF 30","height":1200,"position":0,"src":"/media/export/cms/products/1200x1500/swatches_v3/08_ns_ng.png","type":"image","width":1500}],"xl":null},"out_of_stock_threshold":null,"perlgem":{"SKU_BASE_ID":47534},"preorder_date":null,"prices":[{"currency":"TRY","exclude_tax":{"original_price":265,"original_price_formatted":"265.00 TL","price":265,"price_formatted":"265.00 TL","price_per_unit":null,"price_per_unit_formatted":""},"include_tax":{"original_price":265,"original_price_formatted":"265.00 TL","price":265,"price_formatted":"265.00 TL","price_per_unit":null,"price_per_unit_formatted":""},"is_discounted":false}],"purchase_limit":null,"replenishment":{"message":null},"reviews":{"average_rating":null,"number_of_questions":null,"number_of_reviews":null},"set_components":null,"shade_groups":null,"shades":[{"description":"","hex_val":"#E6A272","image":{"height":null,"src":"","width":null},"name":"Light","smoosh_design":{"group_id":null,"name":"08::none::none"}}],"sizes":[{"key":1,"value":"40 ml"}],"skin":{"tone":null,"type":[{"key":"very-dry-skintype","value":"very_dry_skintype"},{"key":"dry-skintype","value":"dry_skintype"},{"key":"combination-skintype","value":"combination_skintype"},{"key":"oily-skintype","value":"oily_skintype"},{"key":"normal-skintype","value":"normal_skintype"}],"type_description":null},"sku_badge":null,"sku_badge_image":null,"sku_display_order":0,"sku_id":"7WCP08","sku_promo_messaging":null,"sku_type":"SE","sku_url":null,"tags":{"total":12,"items":[{"id":"4323","key":"yeni̇-ürünler","value":"YENİ ÜRÜNLER"},{"id":"1599","key":"fondöten","value":"FONDÖTEN"},{"id":"11480","key":"bb-cc-krem","value":"BB & CC KREM"},{"id":"13563","key":"yeni̇-yil-ci̇lt-bakimi","value":"YENİ YIL CİLT BAKIMI"},{"id":"9427","key":"whatsnew","value":"what'snew"},{"id":"16370","key":"online-özel","value":"Online Özel"},{"id":"13561","key":"yeni̇-yil-buti̇ği̇","value":"YENİ YIL BUTİĞİ"},{"id":"1687","key":"yüz-nemlendi̇ri̇ci̇","value":"YÜZ NEMLENDİRİCİ"},{"id":"1667","key":"ci̇lt-bakimi","value":"CİLT BAKIMI"},{"id":"13562","key":"yeni̇-yil-makyaj","value":"YENİ YIL MAKYAJ"},{"id":"17860","key":"makyaj-ci̇lt-bakim-parfüm-setleri̇","value":"MAKYAJ & CİLT BAKIM & PARFÜM SETLERİ"},{"id":"1592","key":"makyaj","value":"MAKYAJ"}]},"texture":null,"undertone":null,"unit_of_measure":null,"unit_size":null,"unit_size_formatted":null,"upc":"020714656034","vto":{"is_color_experience":null,"is_foundation_experience":null}}]},"sub_display_name":null,"sub_header":null,"tags":{"total":15,"items":[{"id":"4323","key":"yeni̇-ürünler","parent_tag_id":null,"product_display_order":232,"value":"YENİ ÜRÜNLER"},{"id":"1599","key":"fondöten","parent_tag_id":"1592","product_display_order":19,"value":"FONDÖTEN"},{"id":"11480","key":"bb-cc-krem","parent_tag_id":"1599","product_display_order":0,"value":"BB & CC KREM"},{"id":"22734","key":"30-aninda-i̇ndi̇ri̇m","parent_tag_id":"1590","product_display_order":0,"value":"%30 ANINDA İNDİRİM"},{"id":"13563","key":"yeni̇-yil-ci̇lt-bakimi","parent_tag_id":"13561","product_display_order":0,"value":"YENİ YIL CİLT BAKIMI"},{"id":"9427","key":"whatsnew","parent_tag_id":"9420","product_display_order":0,"value":"what'snew"},{"id":"1628","key":"-evde-bakim","parent_tag_id":null,"product_display_order":370,"value":"# EVDE BAKIM"},{"id":"16370","key":"online-özel","parent_tag_id":null,"product_display_order":0,"value":"Online Özel"},{"id":"13561","key":"yeni̇-yil-buti̇ği̇","parent_tag_id":null,"product_display_order":0,"value":"YENİ YIL BUTİĞİ"},{"id":"1687","key":"yüz-nemlendi̇ri̇ci̇","parent_tag_id":"1667","product_display_order":80,"value":"YÜZ NEMLENDİRİCİ"},{"id":"1667","key":"ci̇lt-bakimi","parent_tag_id":null,"product_display_order":111,"value":"CİLT BAKIMI"},{"id":"13562","key":"yeni̇-yil-makyaj","parent_tag_id":"13561","product_display_order":0,"value":"YENİ YIL MAKYAJ"},{"id":"17860","key":"makyaj-ci̇lt-bakim-parfüm-setleri̇","parent_tag_id":null,"product_display_order":35,"value":"MAKYAJ & CİLT BAKIM & PARFÜM SETLERİ"},{"id":"1590","key":"i̇ndi̇ri̇mli̇-ürünler","parent_tag_id":null,"product_display_order":0,"value":"İNDİRİMLİ ÜRÜNLER"},{"id":"1592","key":"makyaj","parent_tag_id":null,"product_display_order":6,"value":"MAKYAJ"}]},"usage":[{"content":"İçerisindeki güneş koruyucu ile cildi zararlı güneş ışınlarından korumayı destekler. Aynı zamanda cilde yoğun nem sağlar. •3 Adımlı Cilt Bakım Sisteminden sonra, göz çevresi hariç tüm yüze uygulayın.","label":"PRODUCT USAGE","type":"product_usage"},{"content":null,"label":"HOW DOES IT WORK","type":"how_does_it_work"},{"content":null,"label":"WHO IT IS FOR","type":"who_it_is_for"},{"content":null,"label":"GREAT TO KNOW","type":"great_to_know"},{"content":null,"label":"WHAT_IT_DOES","type":"what_it_does"},{"content":"Işıldayan bir cilt için tek bir adım. Hafif yapısı ile eşit bir cilt tonu sağlayarak,  kızaıklık, donukluk ve kuruluk görünümünün azalmasına yardımcı olur. Yağsız formülü ile cildi nemlendirir, sağlıkla ışıldayan bir görünüm kazandırır.","label":"WHAT_IT_IS","type":"what_it_is"}],"objectID":"25255"},{"benefit":{"statement":null,"benefits":null},"brand":null,"collection":null,"coverage":null,"cross_sell":[{"sku_id":"76J101","sort_key":1},{"sku_id":"6M2X11","sort_key":2},{"sku_id":"6X7K01","sort_key":3}],"default_category":{"id":"11480","key":"bb-cc-krem"},"description":"<P>Cildinize baktığınızda eskisi kadar sağlıklı, canlı ve pürüzsüz olmadığını mı görüyorsunuz? Bunun nedeni, zamanla cilt tonunun değişmesi. Akıllı cilt tonu düzenleyici teknolojiye sahip formül ile cildiniz eski sağlık ışıltısına kavuşmasına yardımcı olur. Yağsızdır, uzun süre kalıcıdır. İçerisindeki güneş koruyucusu ile cildi zararlı güneş ışınlarından korumayı destekler. Aynı zamanda cilde yoğun nem sağlar.</P><P><BR></P>","display_mode":null,"display_name":"Superdefense CC Krem SPF 30","display_status":7,"finish":null,"form":null,"formula_type":null,"fragrance_family":null,"indexable_keywords":[{"value":"CC Cream"},{"value":" crème teintée"},{"value":" superdefense"},{"value":" nemlendirme"},{"value":" leke"},{"value":" doğal fondöten"},{"value":" yaşlanma karşıtı"}],"is_hazmat":false,"is_product_coming_soon":null,"is_product_displayable":true,"is_product_searchable":true,"is_product_shoppable":true,"is_product_sold_out":null,"is_product_temporarily_out_of_stock":null,"is_search_suppressed":null,"key_ingredient":null,"media":{"large":null,"medium":null,"poster":null,"small":null,"videos":[{"position":null,"poster":{"height":null,"src":null,"width":null},"provider":null,"src":null},{"position":null,"poster":{"height":null,"src":null,"width":null},"provider":null,"src":null},{"position":null,"poster":{"height":null,"src":null,"width":null},"provider":null,"src":null}],"xl":null},"meta":{"description":null,"keywords":null},"parent_category":[{"id":"11480","value":"BB & CC KREM"},{"id":"1599","value":"FONDÖTEN"},{"id":"1592","value":"MAKYAJ"}],"product_badge":null,"product_id":"25496","product_title_tag":null,"product_type":"Shaded","product_url":"/product/11480/25496/makyaj/fondoten/bb-cc-krem/superdefense-cc-krem-spf-30","reviews":{"average_rating":4.1,"number_of_questions":null,"number_of_reviews":18},"shade_groups":null,"short_description":null,"skin":null,"skin_goal":null,"skus":{"total":3,"items":[{"color_family":null,"coverage_options":null,"cross_sell":null,"display_status":7,"finish":null,"finish_options":null,"fragrances":[{"family":null,"key":null,"value":null}],"iln_listing":null,"iln_version_number":null,"inventory_status":"Active","is_active":true,"is_coming_soon":null,"is_default_sku":false,"is_discountable":true,"is_displayable":null,"is_engravable":null,"is_fragrance":null,"is_giftable":null,"is_giftwrap":false,"is_inactive":null,"is_multi_shaded":null,"is_out_of_stock":null,"is_preorder":false,"is_preorderable":null,"is_promotional":null,"is_replenishable":false,"is_search_suppressed":null,"is_searchable":true,"is_shaded":null,"is_sized":null,"is_sold_out":null,"is_under_weight_hazmat":false,"is_vto_enabled":null,"life_of_product":"Basic Reorder","material_code":"7WCW030000","media":{"large":[{"alt":"Superdefense CC Krem SPF 30","height":1200,"position":1,"src":"/media/export/cms/products/1200x1500/cl_sku_7WCW03_1200x1500_0.png","type":"image","width":1500}],"medium":[{"alt":"Superdefense CC Krem SPF 30","height":600,"position":3,"src":"/media/export/cms/products/600x750/cl_sku_7WCW03_600x750_0.png","type":"image","width":750}],"model":[{"alt":"Superdefense CC Krem SPF 30","height":null,"position":2,"src":"/media/export/cms/model/VF3.jpg","type":"image","width":null}],"poster":null,"small":[{"alt":"Superdefense CC Krem SPF 30","height":1200,"position":4,"src":"/media/export/cms/products/1200x1500/cl_sku_7WCW03_1200x1500_0.png","type":"image","width":1500}],"smoosh":[{"alt":"Superdefense CC Krem SPF 30","height":1200,"position":0,"src":"/media/export/cms/products/1200x1500/swatches_v3/08_ns_ng.png","type":"image","width":1500}],"xl":null},"out_of_stock_threshold":null,"perlgem":{"SKU_BASE_ID":47953},"preorder_date":null,"prices":[{"currency":"TRY","exclude_tax":{"original_price":265,"original_price_formatted":"265.00 TL","price":265,"price_formatted":"265.00 TL","price_per_unit":null,"price_per_unit_formatted":""},"include_tax":{"original_price":265,"original_price_formatted":"265.00 TL","price":265,"price_formatted":"265.00 TL","price_per_unit":null,"price_per_unit_formatted":""},"is_discounted":false}],"purchase_limit":null,"replenishment":{"message":null},"reviews":{"average_rating":null,"number_of_questions":null,"number_of_reviews":null},"set_components":null,"shade_groups":null,"shades":[{"description":"","hex_val":"#E2935C","image":{"height":null,"src":"","width":null},"name":"Light Medium","smoosh_design":{"group_id":null,"name":"08::none::none"}}],"sizes":[{"key":1,"value":"40 ml"}],"skin":{"tone":null,"type":null,"type_description":null},"sku_badge":null,"sku_badge_image":null,"sku_display_order":0,"sku_id":"7WCW03","sku_promo_messaging":null,"sku_type":"SE","sku_url":null,"tags":{"total":11,"items":[{"id":"11480","key":"bb-cc-krem","value":"BB & CC KREM"},{"id":"1676","key":"724-onarım","value":"7/24 Onarım"},{"id":"1675","key":"koruma-önleme","value":"Koruma & Önleme"},{"id":"1599","key":"fondöten","value":"FONDÖTEN"},{"id":"12537","key":"çok-satan-makyaj-ürünleri̇","value":"ÇOK SATAN MAKYAJ ÜRÜNLERİ"},{"id":"17859","key":"çok-satanlar","value":"ÇOK SATANLAR"},{"id":"1980","key":"yaşlanma-karşıtı","value":"Yaşlanma Karşıtı"},{"id":"24180","key":"tamamlayici-ürünler","value":"TAMAMLAYICI ÜRÜNLER"},{"id":"1667","key":"ci̇lt-bakimi","value":"CİLT BAKIMI"},{"id":"13562","key":"yeni̇-yil-makyaj","value":"YENİ YIL MAKYAJ"},{"id":"1661","key":"güneş-koruyucu-ürünler","value":"GÜNEŞ KORUYUCU ÜRÜNLER"}]},"texture":null,"undertone":null,"unit_of_measure":null,"unit_size":null,"unit_size_formatted":null,"upc":"020714610524","vto":{"is_color_experience":null,"is_foundation_experience":null}},{"color_family":null,"coverage_options":null,"cross_sell":null,"display_status":7,"finish":null,"finish_options":null,"fragrances":[{"family":null,"key":null,"value":null}],"iln_listing":null,"iln_version_number":null,"inventory_status":"Active","is_active":true,"is_coming_soon":null,"is_default_sku":false,"is_discountable":true,"is_displayable":null,"is_engravable":null,"is_fragrance":null,"is_giftable":null,"is_giftwrap":false,"is_inactive":null,"is_multi_shaded":null,"is_out_of_stock":null,"is_preorder":false,"is_preorderable":null,"is_promotional":null,"is_replenishable":false,"is_search_suppressed":null,"is_searchable":true,"is_shaded":null,"is_sized":null,"is_sold_out":null,"is_under_weight_hazmat":false,"is_vto_enabled":null,"life_of_product":"Basic Reorder","material_code":"7WCW040000","media":{"large":[{"alt":"Superdefense CC Krem SPF 30","height":1200,"position":1,"src":"/media/export/cms/products/1200x1500/cl_sku_7WCW04_1200x1500_0.png","type":"image","width":1500}],"medium":[{"alt":"Superdefense CC Krem SPF 30","height":600,"position":3,"src":"/media/export/cms/products/600x750/cl_sku_7WCW04_600x750_0.png","type":"image","width":750}],"model":[{"alt":"Superdefense CC Krem SPF 30","height":null,"position":2,"src":"/media/export/cms/model/VF2.jpg","type":"image","width":null}],"poster":null,"small":[{"alt":"Superdefense CC Krem SPF 30","height":1200,"position":4,"src":"/media/export/cms/products/1200x1500/cl_sku_7WCW04_1200x1500_0.png","type":"image","width":1500}],"smoosh":[{"alt":"Superdefense CC Krem SPF 30","height":1200,"position":0,"src":"/media/export/cms/products/1200x1500/swatches_v3/08_ns_ng.png","type":"image","width":1500}],"xl":null},"out_of_stock_threshold":null,"perlgem":{"SKU_BASE_ID":47954},"preorder_date":null,"prices":[{"currency":"TRY","exclude_tax":{"original_price":265,"original_price_formatted":"265.00 TL","price":265,"price_formatted":"265.00 TL","price_per_unit":null,"price_per_unit_formatted":""},"include_tax":{"original_price":265,"original_price_formatted":"265.00 TL","price":265,"price_formatted":"265.00 TL","price_per_unit":null,"price_per_unit_formatted":""},"is_discounted":false}],"purchase_limit":null,"replenishment":{"message":null},"reviews":{"average_rating":null,"number_of_questions":null,"number_of_reviews":null},"set_components":null,"shade_groups":null,"shades":[{"description":"","hex_val":"#DC8E59","image":{"height":null,"src":"","width":null},"name":"Medium","smoosh_design":{"group_id":null,"name":"08::none::none"}}],"sizes":[{"key":1,"value":"40 ml"}],"skin":{"tone":null,"type":null,"type_description":null},"sku_badge":null,"sku_badge_image":null,"sku_display_order":0,"sku_id":"7WCW04","sku_promo_messaging":null,"sku_type":"SE","sku_url":null,"tags":{"total":10,"items":[{"id":"22735","key":"50-aninda-i̇ndi̇ri̇m","value":"%50 ANINDA İNDİRİM"},{"id":"11480","key":"bb-cc-krem","value":"BB & CC KREM"},{"id":"1676","key":"724-onarım","value":"7/24 Onarım"},{"id":"1675","key":"koruma-önleme","value":"Koruma & Önleme"},{"id":"1599","key":"fondöten","value":"FONDÖTEN"},{"id":"13563","key":"yeni̇-yil-ci̇lt-bakimi","value":"YENİ YIL CİLT BAKIMI"},{"id":"1980","key":"yaşlanma-karşıtı","value":"Yaşlanma Karşıtı"},{"id":"24180","key":"tamamlayici-ürünler","value":"TAMAMLAYICI ÜRÜNLER"},{"id":"1667","key":"ci̇lt-bakimi","value":"CİLT BAKIMI"},{"id":"1661","key":"güneş-koruyucu-ürünler","value":"GÜNEŞ KORUYUCU ÜRÜNLER"}]},"texture":null,"undertone":null,"unit_of_measure":null,"unit_size":null,"unit_size_formatted":null,"upc":"020714610531","vto":{"is_color_experience":null,"is_foundation_experience":null}},{"color_family":null,"coverage_options":null,"cross_sell":null,"display_status":7,"finish":null,"finish_options":null,"fragrances":[{"family":null,"key":null,"value":null}],"iln_listing":null,"iln_version_number":null,"inventory_status":"Active","is_active":true,"is_coming_soon":null,"is_default_sku":false,"is_discountable":true,"is_displayable":null,"is_engravable":null,"is_fragrance":null,"is_giftable":null,"is_giftwrap":false,"is_inactive":null,"is_multi_shaded":null,"is_out_of_stock":null,"is_preorder":false,"is_preorderable":null,"is_promotional":null,"is_replenishable":false,"is_search_suppressed":null,"is_searchable":true,"is_shaded":null,"is_sized":null,"is_sold_out":null,"is_under_weight_hazmat":false,"is_vto_enabled":null,"life_of_product":"Basic Reorder","material_code":"7WCW020000","media":{"large":[{"alt":"Superdefense CC Krem SPF 30","height":1200,"position":1,"src":"/media/export/cms/products/1200x1500/cl_sku_7WCW02_1200x1500_0.png","type":"image","width":1500}],"medium":[{"alt":"Superdefense CC Krem SPF 30","height":600,"position":3,"src":"/media/export/cms/products/600x750/cl_sku_7WCW02_600x750_0.png","type":"image","width":750}],"model":[{"alt":"Superdefense CC Krem SPF 30","height":null,"position":2,"src":"/media/export/cms/model/VF1.jpg","type":"image","width":null}],"poster":null,"small":[{"alt":"Superdefense CC Krem SPF 30","height":1200,"position":4,"src":"/media/export/cms/products/1200x1500/cl_sku_7WCW02_1200x1500_0.png","type":"image","width":1500}],"smoosh":[{"alt":"Superdefense CC Krem SPF 30","height":1200,"position":0,"src":"/media/export/cms/products/1200x1500/swatches_v3/08_ns_ng.png","type":"image","width":1500}],"xl":null},"out_of_stock_threshold":null,"perlgem":{"SKU_BASE_ID":47952},"preorder_date":null,"prices":[{"currency":"TRY","exclude_tax":{"original_price":265,"original_price_formatted":"265.00 TL","price":265,"price_formatted":"265.00 TL","price_per_unit":null,"price_per_unit_formatted":""},"include_tax":{"original_price":265,"original_price_formatted":"265.00 TL","price":265,"price_formatted":"265.00 TL","price_per_unit":null,"price_per_unit_formatted":""},"is_discounted":false}],"purchase_limit":null,"replenishment":{"message":null},"reviews":{"average_rating":null,"number_of_questions":null,"number_of_reviews":null},"set_components":null,"shade_groups":null,"shades":[{"description":"","hex_val":"#E6A272","image":{"height":null,"src":"","width":null},"name":"Light","smoosh_design":{"group_id":null,"name":"08::none::none"}}],"sizes":[{"key":1,"value":"40 ml"}],"skin":{"tone":null,"type":null,"type_description":null},"sku_badge":null,"sku_badge_image":null,"sku_display_order":1,"sku_id":"7WCW02","sku_promo_messaging":null,"sku_type":"SE","sku_url":null,"tags":{"total":13,"items":[{"id":"11480","key":"bb-cc-krem","value":"BB & CC KREM"},{"id":"1676","key":"724-onarım","value":"7/24 Onarım"},{"id":"1675","key":"koruma-önleme","value":"Koruma & Önleme"},{"id":"1599","key":"fondöten","value":"FONDÖTEN"},{"id":"13563","key":"yeni̇-yil-ci̇lt-bakimi","value":"YENİ YIL CİLT BAKIMI"},{"id":"17859","key":"çok-satanlar","value":"ÇOK SATANLAR"},{"id":"1575","key":"en-çok-satanlar","value":"En Çok Satanlar"},{"id":"1980","key":"yaşlanma-karşıtı","value":"Yaşlanma Karşıtı"},{"id":"24180","key":"tamamlayici-ürünler","value":"TAMAMLAYICI ÜRÜNLER"},{"id":"2644","key":"alışverişi-tamamla","value":"Alışverişi Tamamla"},{"id":"1667","key":"ci̇lt-bakimi","value":"CİLT BAKIMI"},{"id":"13562","key":"yeni̇-yil-makyaj","value":"YENİ YIL MAKYAJ"},{"id":"1661","key":"güneş-koruyucu-ürünler","value":"GÜNEŞ KORUYUCU ÜRÜNLER"}]},"texture":null,"undertone":null,"unit_of_measure":null,"unit_size":null,"unit_size_formatted":null,"upc":"020714610517","vto":{"is_color_experience":null,"is_foundation_experience":null}}]},"sub_display_name":null,"sub_header":null,"tags":{"total":15,"items":[{"id":"22735","key":"50-aninda-i̇ndi̇ri̇m","parent_tag_id":"1590","product_display_order":0,"value":"%50 ANINDA İNDİRİM"},{"id":"11480","key":"bb-cc-krem","parent_tag_id":"1599","product_display_order":0,"value":"BB & CC KREM"},{"id":"1676","key":"724-onarım","parent_tag_id":"1674","product_display_order":0,"value":"7/24 Onarım"},{"id":"1675","key":"koruma-önleme","parent_tag_id":"1674","product_display_order":0,"value":"Koruma & Önleme"},{"id":"1599","key":"fondöten","parent_tag_id":"1592","product_display_order":21,"value":"FONDÖTEN"},{"id":"12537","key":"çok-satan-makyaj-ürünleri̇","parent_tag_id":"1592","product_display_order":0,"value":"ÇOK SATAN MAKYAJ ÜRÜNLERİ"},{"id":"13563","key":"yeni̇-yil-ci̇lt-bakimi","parent_tag_id":"13561","product_display_order":43,"value":"YENİ YIL CİLT BAKIMI"},{"id":"17859","key":"çok-satanlar","parent_tag_id":null,"product_display_order":99,"value":"ÇOK SATANLAR"},{"id":"1575","key":"en-çok-satanlar","parent_tag_id":null,"product_display_order":53,"value":"En Çok Satanlar"},{"id":"1980","key":"yaşlanma-karşıtı","parent_tag_id":"1674","product_display_order":0,"value":"Yaşlanma Karşıtı"},{"id":"24180","key":"tamamlayici-ürünler","parent_tag_id":"1667","product_display_order":0,"value":"TAMAMLAYICI ÜRÜNLER"},{"id":"2644","key":"alışverişi-tamamla","parent_tag_id":null,"product_display_order":0,"value":"Alışverişi Tamamla"},{"id":"1667","key":"ci̇lt-bakimi","parent_tag_id":null,"product_display_order":74,"value":"CİLT BAKIMI"},{"id":"13562","key":"yeni̇-yil-makyaj","parent_tag_id":"13561","product_display_order":0,"value":"YENİ YIL MAKYAJ"},{"id":"1661","key":"güneş-koruyucu-ürünler","parent_tag_id":"1659","product_display_order":15,"value":"GÜNEŞ KORUYUCU ÜRÜNLER"}]},"usage":[{"content":"<ul><li>3 Adımlı Cilt Bakım Sisteminden sonra, göz çevresi hariç tüm yüze uygulayın. <br></li><li>Fondötenin üstüne veya altına kullanılabilir. Aynı zamanda hafif kapatıcılığı sayesinde fondöten yerine de kullanılabilir.<br></li><li>Favori Clinique makyaj temizleyiciniz ile temizleyin.<br></li></ul>","label":"PRODUCT USAGE","type":"product_usage"},{"content":null,"label":"HOW DOES IT WORK","type":"how_does_it_work"},{"content":null,"label":"WHO IT IS FOR","type":"who_it_is_for"},{"content":null,"label":"GREAT TO KNOW","type":"great_to_know"},{"content":null,"label":"WHAT_IT_DOES","type":"what_it_does"},{"content":"<P>Cildinize baktığınızda eskisi kadar sağlıklı, canlı ve pürüzsüz olmadığını mı görüyorsunuz? Bunun nedeni, zamanla cilt tonunun değişmesi. Akıllı cilt tonu düzenleyici teknolojiye sahip formül ile cildiniz eski sağlık ışıltısına kavuşmasına yardımcı olur. Yağsızdır, uzun süre kalıcıdır. İçerisindeki güneş koruyucusu ile cildi zararlı güneş ışınlarından korumayı destekler. Aynı zamanda cilde yoğun nem sağlar.</P><P><BR></P>","label":"WHAT_IT_IS","type":"what_it_is"}],"objectID":"25496"},{"benefit":{"statement":null,"benefits":null},"brand":null,"collection":[{"key":"dramatically-dif-collection","value":"dramatically_dif_collection"}],"coverage":null,"cross_sell":[{"sku_id":"6F3701","sort_key":1},{"sku_id":"76WY01","sort_key":2},{"sku_id":"6EM601","sort_key":3},{"sku_id":"667H01","sort_key":4},{"sku_id":null,"sort_key":5},{"sku_id":"62A401","sort_key":6}],"default_category":{"id":"1687","key":"yüz-nemlendi̇ri̇ci̇"},"description":"Nedir? Özel 3 Adımlı Cilt Bakım Sistemimizin 3. Adımıdır. Dermatologlar tarafından geliştirilmiş yüz nemlendirici, cildi yumuşatmaya ve cildin pürüzsüz görünmesine yardımcı olur. Cilde ışıltılı bir görünüm kazandırır. Ne Yapar? Uzman sarı nemlendirici, gün boyu nemlendirme sağlar. Kolayca sürülür ve hızla emilir. Cildin kendi nem bariyerinin güçlendirilmesine destek verir ve böylece daha çok nem cilde hapsedilebilir. Nemini kaybetmeyen cilt daha genç ve ışıltılı bir görünüme kavuşur. Bunun sırrı sistemimizde gizlidir.  Devrim yaratan 3 Adımlı Cilt Bakım Sistemimiz saygın bir dermatolog tarafından geliştirilmiştir. Bu basit ve özelleştirilmiş rutini günde iki kez, yalnızca üç dakika ayırarak uygulayın: Yüz Temizleme Köpüğü ile temizleyin, Arındırıcı Losyon ile arındırın ve Dramatically Different Nemlendirici Losyon+, yağsız  Jel veya hafif Jel ile nemlendirin. Mutlaka size uygun Clinique cilt bakımı rutini bulabilirsiniz. Cilt Bakımı Analizi uygulamamızla hemen keşfedin.","display_mode":null,"display_name":"Dramatically Different Nemlendirici Losyon +","display_status":7,"finish":null,"form":[{"key":"lotion-form","value":"lotion_form"}],"formula_type":null,"fragrance_family":null,"indexable_keywords":[{"value":"dramatically"},{"value":" DDML"},{"value":" 3-step"},{"value":" kuru"},{"value":" hassas"},{"value":" yaşlanma karşıtı"},{"value":" çizgiler"},{"value":" hassas"},{"value":" nemlendirici"},{"value":" dramatically"},{"value":" dramatically different"},{"value":" lotion"},{"value":" moisturizer"},{"value":" moisturizing"},{"value":" yellow"},{"value":" yüz kremi"},{"value":" sarı krem"},{"value":" moisture"}],"is_hazmat":false,"is_product_coming_soon":null,"is_product_displayable":true,"is_product_searchable":true,"is_product_shoppable":true,"is_product_sold_out":null,"is_product_temporarily_out_of_stock":null,"is_search_suppressed":null,"key_ingredient":null,"media":{"large":[{"alt":"Dramatically Different Nemlendirici Losyon +","height":1200,"position":0,"src":"/media/export/cms/products/1200x1500/cl_prod_26651_1200x1500_0.png","type":"image","width":1500},{"alt":"Dramatically Different Nemlendirici Losyon +","height":1200,"position":1,"src":"/media/export/cms/products/1200x1500/cl_prod_26651_1200x1500_1.png","type":"image","width":1500}],"medium":null,"poster":null,"small":[{"alt":"Dramatically Different Nemlendirici Losyon +","height":1200,"position":2,"src":"/media/export/cms/products/1200x1500/cl_prod_26651_1200x1500_0.png","type":"image","width":1500},{"alt":"Dramatically Different Nemlendirici Losyon +","height":1200,"position":3,"src":"/media/export/cms/products/1200x1500/cl_prod_26651_1200x1500_1.png","type":"image","width":1500}],"videos":[{"position":null,"poster":{"height":null,"src":null,"width":null},"provider":null,"src":null},{"position":null,"poster":{"height":null,"src":null,"width":null},"provider":null,"src":null},{"position":null,"poster":{"height":null,"src":null,"width":null},"provider":null,"src":null}],"xl":null},"meta":{"description":null,"keywords":"dramatically, DDML, 3-step, dry, sensitive, age, lines, sensitive, hypoallergenic, dramatically, dramatically different, lotion, moisturizer, moisturizing, yellow, face cream, yellow cream, moisture"},"parent_category":[{"id":"1687","value":"YÜZ NEMLENDİRİCİ"},{"id":"1667","value":"CİLT BAKIMI"}],"product_badge":null,"product_id":"26651","product_title_tag":null,"product_type":"Sized","product_url":"/product/1687/26651/cilt-bakimi/yuz-nemlendirici/dramatically-different-nemlendirici-losyon","reviews":{"average_rating":4.3,"number_of_questions":null,"number_of_reviews":24},"shade_groups":null,"short_description":"Dermatologlar tarafından geliştirilen nemlendirici, cildi pürüzsüzleştirmeye ve cilt bozukluklarını gidermeye yardımcıdır. Daha ışıltılı bir cilt sağlar.","skin":{"concern":[{"key":"dry-concern","value":"dry_concern"}]},"skin_goal":null,"skus":{"total":1,"items":[{"color_family":null,"coverage_options":null,"cross_sell":null,"display_status":3,"finish":null,"finish_options":null,"fragrances":[{"family":null,"key":null,"value":null}],"iln_listing":null,"iln_version_number":null,"inventory_status":"Active","is_active":true,"is_coming_soon":null,"is_default_sku":true,"is_discountable":true,"is_displayable":null,"is_engravable":null,"is_fragrance":null,"is_giftable":null,"is_giftwrap":false,"is_inactive":null,"is_multi_shaded":null,"is_out_of_stock":null,"is_preorder":false,"is_preorderable":null,"is_promotional":null,"is_replenishable":true,"is_search_suppressed":null,"is_searchable":true,"is_shaded":null,"is_sized":null,"is_sold_out":null,"is_under_weight_hazmat":false,"is_vto_enabled":null,"life_of_product":"Basic Reorder","material_code":"7T5R010000","media":{"large":[{"alt":"Dramatically Different Nemlendirici Losyon +","height":1200,"position":0,"src":"/media/export/cms/products/1200x1500/cl_sku_7T5R01_1200x1500_0.png","type":"image","width":1500}],"medium":[{"alt":"Dramatically Different Nemlendirici Losyon +","height":600,"position":1,"src":"/media/export/cms/products/600x750/cl_sku_7T5R01_600x750_0.png","type":"image","width":750},{"alt":"Dramatically Different Nemlendirici Losyon +","height":600,"position":2,"src":"/media/export/cms/products/600x750/cl_sku_7T5R01_600x750_1.png","type":"image","width":750}],"model":null,"poster":null,"small":[{"alt":"Dramatically Different Nemlendirici Losyon +","height":1200,"position":3,"src":"/media/export/cms/products/1200x1500/cl_sku_7T5R01_1200x1500_0.png","type":"image","width":1500}],"smoosh":null,"xl":null},"out_of_stock_threshold":null,"perlgem":{"SKU_BASE_ID":49584},"preorder_date":null,"prices":[{"currency":"TRY","exclude_tax":{"original_price":385,"original_price_formatted":"385.00 TL","price":385,"price_formatted":"385.00 TL","price_per_unit":null,"price_per_unit_formatted":""},"include_tax":{"original_price":385,"original_price_formatted":"385.00 TL","price":385,"price_formatted":"385.00 TL","price_per_unit":null,"price_per_unit_formatted":""},"is_discounted":false}],"purchase_limit":null,"replenishment":{"message":"Recommended Auto-Ship cycle: 12 weeks  Learn more >"},"reviews":{"average_rating":null,"number_of_questions":null,"number_of_reviews":null},"set_components":null,"shade_groups":null,"shades":null,"sizes":[{"key":1,"value":"125 ml "}],"skin":{"tone":null,"type":[{"key":"very-dry-skintype","value":"very_dry_skintype"},{"key":"dry-skintype","value":"dry_skintype"},{"key":"combination-skintype","value":"combination_skintype"}],"type_description":null},"sku_badge":null,"sku_badge_image":null,"sku_display_order":0,"sku_id":"7T5R01","sku_promo_messaging":null,"sku_type":"SE","sku_url":null,"tags":{"total":32,"items":[{"id":"25565","key":"justarrivednew","value":"justarrivednew"},{"id":"9422","key":"socialmediafavs","value":"socialmediafavs"},{"id":"13563","key":"yeni̇-yil-ci̇lt-bakimi","value":"YENİ YIL CİLT BAKIMI"},{"id":"12792","key":"ci̇lt-ti̇pi̇-1-çok-kuru","value":"CİLT TİPİ 1 - ÇOK KURU"},{"id":"16422","key":"gifts","value":"Gifts"},{"id":"9426","key":"top-rated-skin-care","value":"top rated skin care"},{"id":"1574","key":"nemlendi̇rme","value":"NEMLENDİRME"},{"id":"10589","key":"offers-lp","value":"Offers LP"},{"id":"17859","key":"çok-satanlar","value":"ÇOK SATANLAR"},{"id":"12537","key":"çok-satan-makyaj-ürünleri̇","value":"ÇOK SATAN MAKYAJ ÜRÜNLERİ"},{"id":"9424","key":"discovery-box","value":"Discovery Box"},{"id":"12793","key":"ci̇lt-ti̇pi̇-2-kuru-karma","value":"CİLT TİPİ 2 - KURU & KARMA "},{"id":"1667","key":"ci̇lt-bakimi","value":"CİLT BAKIMI"},{"id":"13568","key":"249-tl-ve-alti-ci̇lt-bakimmakyajparfüm-setleri̇","value":"249 TL VE ALTI CİLT BAKIM&MAKYAJ&PARFÜM SETLERİ"},{"id":"13561","key":"yeni̇-yil-buti̇ği̇","value":"YENİ YIL BUTİĞİ"},{"id":"4323","key":"yeni̇-ürünler","value":"YENİ ÜRÜNLER"},{"id":"13567","key":"499-tl-ve-alti-ci̇lt-bakimmakyajparfüm-setleri̇","value":"499 TL VE ALTI CİLT BAKIM&MAKYAJ&PARFÜM SETLERİ"},{"id":"1575","key":"en-çok-satanlar","value":"En Çok Satanlar"},{"id":"1687","key":"yüz-nemlendi̇ri̇ci̇","value":"YÜZ NEMLENDİRİCİ"},{"id":"9423","key":"seasonal1","value":"seasonal1"},{"id":"15513","key":"recommended-for-students","value":"Recommended for Students"},{"id":"13051","key":"skin-care-best-sellers","value":"Skin Care Best Sellers"},{"id":"2669","key":"hedi̇yeler-setler","value":"HEDİYELER & SETLER"},{"id":"9428","key":"top10","value":"top10"},{"id":"11731","key":"nail-enamel","value":"nail enamel"},{"id":"14715","key":"mothers-day-gift-sets","value":"Mother's Day Gift Sets"},{"id":"9427","key":"whatsnew","value":"what'snew"},{"id":"4034","key":"yüz-serumlari","value":"YÜZ SERUMLARI"},{"id":"8194","key":"en-çok-satan-10","value":"En Çok Satan 10 "},{"id":"9420","key":"hotlists","value":"hotlists"},{"id":"13770","key":"recommended-clinique-favourites","value":"Recommended Clinique Favourites"},{"id":"25016","key":"top-sellers","value":"Top Sellers"}]},"texture":null,"undertone":null,"unit_of_measure":"ml","unit_size":null,"unit_size_formatted":null,"upc":"020714598907","vto":{"is_color_experience":null,"is_foundation_experience":null}}]},"sub_display_name":null,"sub_header":null,"tags":{"total":35,"items":[{"id":"25565","key":"justarrivednew","parent_tag_id":null,"product_display_order":0,"value":"justarrivednew"},{"id":"9422","key":"socialmediafavs","parent_tag_id":"9420","product_display_order":1,"value":"socialmediafavs"},{"id":"13563","key":"yeni̇-yil-ci̇lt-bakimi","parent_tag_id":"13561","product_display_order":44,"value":"YENİ YIL CİLT BAKIMI"},{"id":"12792","key":"ci̇lt-ti̇pi̇-1-çok-kuru","parent_tag_id":"1570","product_display_order":6,"value":"CİLT TİPİ 1 - ÇOK KURU"},{"id":"16422","key":"gifts","parent_tag_id":"1585","product_display_order":0,"value":"Gifts"},{"id":"9426","key":"top-rated-skin-care","parent_tag_id":"9420","product_display_order":0,"value":"top rated skin care"},{"id":"1574","key":"nemlendi̇rme","parent_tag_id":"1570","product_display_order":0,"value":"NEMLENDİRME"},{"id":"10589","key":"offers-lp","parent_tag_id":null,"product_display_order":0,"value":"Offers LP"},{"id":"17859","key":"çok-satanlar","parent_tag_id":null,"product_display_order":103,"value":"ÇOK SATANLAR"},{"id":"12537","key":"çok-satan-makyaj-ürünleri̇","parent_tag_id":"1592","product_display_order":0,"value":"ÇOK SATAN MAKYAJ ÜRÜNLERİ"},{"id":"1570","key":"3-adimli-ci̇lt-bakim-si̇stemi̇","parent_tag_id":null,"product_display_order":0,"value":"3 ADIMLI CİLT BAKIM SİSTEMİ"},{"id":"9424","key":"discovery-box","parent_tag_id":"9420","product_display_order":0,"value":"Discovery Box"},{"id":"12793","key":"ci̇lt-ti̇pi̇-2-kuru-karma","parent_tag_id":"1570","product_display_order":3,"value":"CİLT TİPİ 2 - KURU & KARMA "},{"id":"12602","key":"jumbo-boylar","parent_tag_id":"1570","product_display_order":3,"value":"JUMBO BOYLAR"},{"id":"1667","key":"ci̇lt-bakimi","parent_tag_id":null,"product_display_order":196,"value":"CİLT BAKIMI"},{"id":"13568","key":"249-tl-ve-alti-ci̇lt-bakimmakyajparfüm-setleri̇","parent_tag_id":"13561","product_display_order":1,"value":"249 TL VE ALTI CİLT BAKIM&MAKYAJ&PARFÜM SETLERİ"},{"id":"13561","key":"yeni̇-yil-buti̇ği̇","parent_tag_id":null,"product_display_order":1,"value":"YENİ YIL BUTİĞİ"},{"id":"4323","key":"yeni̇-ürünler","parent_tag_id":null,"product_display_order":385,"value":"YENİ ÜRÜNLER"},{"id":"13567","key":"499-tl-ve-alti-ci̇lt-bakimmakyajparfüm-setleri̇","parent_tag_id":"13561","product_display_order":46,"value":"499 TL VE ALTI CİLT BAKIM&MAKYAJ&PARFÜM SETLERİ"},{"id":"1575","key":"en-çok-satanlar","parent_tag_id":null,"product_display_order":19,"value":"En Çok Satanlar"},{"id":"1687","key":"yüz-nemlendi̇ri̇ci̇","parent_tag_id":"1667","product_display_order":142,"value":"YÜZ NEMLENDİRİCİ"},{"id":"9423","key":"seasonal1","parent_tag_id":"9420","product_display_order":1,"value":"seasonal1"},{"id":"15513","key":"recommended-for-students","parent_tag_id":"4323","product_display_order":0,"value":"Recommended for Students"},{"id":"13051","key":"skin-care-best-sellers","parent_tag_id":"1667","product_display_order":2,"value":"Skin Care Best Sellers"},{"id":"2669","key":"hedi̇yeler-setler","parent_tag_id":"1570","product_display_order":17,"value":"HEDİYELER & SETLER"},{"id":"9428","key":"top10","parent_tag_id":"9420","product_display_order":0,"value":"top10"},{"id":"11731","key":"nail-enamel","parent_tag_id":"1592","product_display_order":0,"value":"nail enamel"},{"id":"14715","key":"mothers-day-gift-sets","parent_tag_id":"4323","product_display_order":0,"value":"Mother's Day Gift Sets"},{"id":"9427","key":"whatsnew","parent_tag_id":"9420","product_display_order":0,"value":"what'snew"},{"id":"4034","key":"yüz-serumlari","parent_tag_id":"1667","product_display_order":0,"value":"YÜZ SERUMLARI"},{"id":"8194","key":"en-çok-satan-10","parent_tag_id":null,"product_display_order":0,"value":"En Çok Satan 10 "},{"id":"9420","key":"hotlists","parent_tag_id":null,"product_display_order":0,"value":"hotlists"},{"id":"13770","key":"recommended-clinique-favourites","parent_tag_id":null,"product_display_order":27,"value":"Recommended Clinique Favourites"},{"id":"1571","key":"3-adimli-ci̇lt-bakim-si̇stemi̇-setleri̇","parent_tag_id":"1570","product_display_order":0,"value":"3 ADIMLI CİLT BAKIM SİSTEMİ SETLERİ"},{"id":"25016","key":"top-sellers","parent_tag_id":"4323","product_display_order":0,"value":"Top Sellers"}]},"usage":[{"content":"<UL><LI>En iyi çözüm için, 3 Adımlı Cilt Bakım Sistemimizin 1. ve 2. adımından sonra uygulayın.<BR><BR></LI></UL>","label":"PRODUCT USAGE","type":"product_usage"},{"content":null,"label":"HOW DOES IT WORK","type":"how_does_it_work"},{"content":"Çok kuru/kuru ciltler (type 1,2)","label":"WHO IT IS FOR","type":"who_it_is_for"},{"content":"Cilt güzelliğinin sırrını keşfet.<br>3 adımlı cilt bakım sistemimiz dermatologlar tarafından geliştirilmiştir.<br>Basit, etkili ve güvenlidir. 3 dakika içinde, günde iki kere: Yüz yıkama jeli/sabunu ile cildinizi temizleyin, losyon ile cildinizi arındırın, DDML+ , yağ içermeyen jel veya jelly formülü ile nemlendirin.<br>Clinique cilt bakım sistemimizden size uygun olan rutini seçiniz.","label":"GREAT TO KNOW","type":"great_to_know"},{"content":"<ul><li>İpeksi formülü ile 8 saat boyunca nemlendirme.</li><li> Cilt tarafından hızlıca emilir.</li><li>Cildin doğal nem bariyerini koruyarak nemi cilde hapseder. Nemli cilt daha genç ve ışıltılı gözükür.</li></ul><b>Aktif içerik</b><br>Ayçiçeği tohumu, Salatalık Özü ile cildin nem bariyerini güçlendirir, dayanıklılığını arttırır ve cildin doğal nem dengesini düzenler. Hyalüronik Asit(Hümektan) mıknatıs görevi yaparak havadaki nemi cilde çeker.<br><br><b>How To Use</b><br><ul><li>Günde 2 kere uygulayın.</li><li>En iyi sonuç için Facial Soap Temizleyici ve Arındırıcı Losyon'umuzdan sonra uygulayın.</li></ul>","label":"WHAT_IT_DOES","type":"what_it_does"},{"content":"3 adımlı cilt bakım sistemimizin 3. adımıdır.<br> Dermatologlar tarafından geliştirilen nemlendirici cildinizi pürüzsüzleştirmeye ve cilt bozukluklarını iyileştirmeye yardımcıdır. Daha ışıltılı bir cilt elde etmenize yardımcı olur.","label":"WHAT_IT_IS","type":"what_it_is"}],"objectID":"26651"},{"benefit":{"statement":null,"benefits":null},"brand":null,"collection":null,"coverage":null,"cross_sell":[{"sku_id":"7T5R01","sort_key":1},{"sku_id":null,"sort_key":2},{"sku_id":"60QH01","sort_key":3},{"sku_id":"6F3901","sort_key":4},{"sku_id":"76X401","sort_key":5},{"sku_id":"7T5R01","sort_key":6}],"default_category":{"id":"17860","key":"makyaj-ci̇lt-bakim-parfüm-setleri̇"},"description":"<P class=description>Geleceğe 3 Adım.</P><P class=description>Cildinizin ihtiyaçlarınıza özel olarak, dermatologlar tarafından tasarlanmış olan 3 Adımlı Cilt Bakım Sistemi cilde gereken temel bakımı sağlar. Hassas ama etkin temizleme sağlar. Ölü hücreleri, pürüzleri, fazla yağı yok ederek cildi arındırır. Yumuşak ve pürüzsüz bir görünüm için cildin nem bariyerini güçlendirir. Her adım, bir&nbsp;sonrakinden en yüksek verimi almanızı sağlayacak şekilde tasarlanmıştır. Sonuç: Daha temiz, sağlıklı ve canlı bir cilt.</P><P class=description>Set İçeriği:</P><UL><LI><DIV class=description>Yüz Temizleme Jeli 50 ml</DIV></LI><LI><DIV class=description>Clarifying Lotion Arındırıcı Losyon100 ml</DIV></LI><LI><DIV class=description>Dramatically Different Nemlendirici Jel/Krem 30 ml<BR></DIV></LI></UL><P class=description>#Geleceğe3Adım</P>","display_mode":null,"display_name":"3 Adımlı Cilt Bakım Seti - Cilt Tipi 2 Kuru/Karma","display_status":7,"finish":null,"form":null,"formula_type":null,"fragrance_family":null,"indexable_keywords":null,"is_hazmat":true,"is_product_coming_soon":null,"is_product_displayable":true,"is_product_searchable":true,"is_product_shoppable":true,"is_product_sold_out":null,"is_product_temporarily_out_of_stock":null,"is_search_suppressed":null,"key_ingredient":null,"media":{"large":null,"medium":null,"poster":null,"small":null,"videos":[{"position":null,"poster":{"height":null,"src":null,"width":null},"provider":null,"src":null},{"position":null,"poster":{"height":null,"src":null,"width":null},"provider":null,"src":null},{"position":null,"poster":{"height":null,"src":null,"width":null},"provider":null,"src":null}],"xl":null},"meta":{"description":null,"keywords":null},"parent_category":[{"id":"17860","value":"MAKYAJ & CİLT BAKIM & PARFÜM SETLERİ"}],"product_badge":null,"product_id":"26870","product_title_tag":null,"product_type":"Other","product_url":"/product/17860/26870/makyaj-cilt-bakim-parfum-setleri/3-adml-cilt-bakm-seti--cilt-tipi-2-kurukarma","reviews":{"average_rating":3,"number_of_questions":null,"number_of_reviews":5},"shade_groups":null,"short_description":null,"skin":null,"skin_goal":null,"skus":{"total":1,"items":[{"color_family":null,"coverage_options":null,"cross_sell":null,"display_status":7,"finish":null,"finish_options":null,"fragrances":[{"family":null,"key":null,"value":null}],"iln_listing":null,"iln_version_number":null,"inventory_status":"Active","is_active":true,"is_coming_soon":null,"is_default_sku":false,"is_discountable":true,"is_displayable":null,"is_engravable":null,"is_fragrance":null,"is_giftable":null,"is_giftwrap":false,"is_inactive":null,"is_multi_shaded":null,"is_out_of_stock":null,"is_preorder":false,"is_preorderable":null,"is_promotional":null,"is_replenishable":false,"is_search_suppressed":null,"is_searchable":true,"is_shaded":null,"is_sized":null,"is_sold_out":null,"is_under_weight_hazmat":null,"is_vto_enabled":null,"life_of_product":"Basic Reorder","material_code":"7T62010000","media":{"large":[{"alt":"3 Adımlı Cilt Bakım Seti - Cilt Tipi 2 Kuru/Karma","height":1200,"position":0,"src":"/media/export/cms/products/1200x1500/cl_sku_7T6201_1200x1500_0.png","type":"image","width":1500}],"medium":[{"alt":"3 Adımlı Cilt Bakım Seti - Cilt Tipi 2 Kuru/Karma","height":600,"position":1,"src":"/media/export/cms/products/600x750/cl_sku_7T6201_600x750_0.png","type":"image","width":750}],"model":null,"poster":null,"small":[{"alt":"3 Adımlı Cilt Bakım Seti - Cilt Tipi 2 Kuru/Karma","height":1200,"position":2,"src":"/media/export/cms/products/1200x1500/cl_sku_7T6201_1200x1500_0.png","type":"image","width":1500}],"smoosh":null,"xl":null},"out_of_stock_threshold":null,"perlgem":{"SKU_BASE_ID":50086},"preorder_date":null,"prices":[{"currency":"TRY","exclude_tax":{"original_price":215,"original_price_formatted":"215.00 TL","price":215,"price_formatted":"215.00 TL","price_per_unit":null,"price_per_unit_formatted":""},"include_tax":{"original_price":215,"original_price_formatted":"215.00 TL","price":215,"price_formatted":"215.00 TL","price_per_unit":null,"price_per_unit_formatted":""},"is_discounted":false}],"purchase_limit":null,"replenishment":{"message":null},"reviews":{"average_rating":null,"number_of_questions":null,"number_of_reviews":null},"set_components":null,"shade_groups":null,"shades":null,"sizes":[{"key":1,"value":null}],"skin":{"tone":null,"type":null,"type_description":null},"sku_badge":null,"sku_badge_image":null,"sku_display_order":0,"sku_id":"7T6201","sku_promo_messaging":null,"sku_type":"SE","sku_url":null,"tags":{"total":23,"items":[{"id":"1571","key":"3-adimli-ci̇lt-bakim-si̇stemi̇-setleri̇","value":"3 ADIMLI CİLT BAKIM SİSTEMİ SETLERİ"},{"id":"13563","key":"yeni̇-yil-ci̇lt-bakimi","value":"YENİ YIL CİLT BAKIMI"},{"id":"1570","key":"3-adimli-ci̇lt-bakim-si̇stemi̇","value":"3 ADIMLI CİLT BAKIM SİSTEMİ"},{"id":"13566","key":"yeni̇-yil-ci̇lt-bakimmakyajparfüm-setleri̇","value":"YENİ YIL CİLT BAKIM&MAKYAJ&PARFÜM SETLERİ"},{"id":"12537","key":"çok-satan-makyaj-ürünleri̇","value":"ÇOK SATAN MAKYAJ ÜRÜNLERİ"},{"id":"27173","key":"day6flashsale","value":"Day6FlashSale"},{"id":"2669","key":"hedi̇yeler-setler","value":"HEDİYELER & SETLER"},{"id":"1685","key":"hedi̇yeler-setler","value":"HEDİYELER & SETLER"},{"id":"1687","key":"yüz-nemlendi̇ri̇ci̇","value":"YÜZ NEMLENDİRİCİ"},{"id":"13051","key":"skin-care-best-sellers","value":"Skin Care Best Sellers"},{"id":"27168","key":"day1flashsale","value":"Day1FlashSale"},{"id":"1575","key":"en-çok-satanlar","value":"En Çok Satanlar"},{"id":"13568","key":"249-tl-ve-alti-ci̇lt-bakimmakyajparfüm-setleri̇","value":"249 TL VE ALTI CİLT BAKIM&MAKYAJ&PARFÜM SETLERİ"},{"id":"1667","key":"ci̇lt-bakimi","value":"CİLT BAKIMI"},{"id":"13569","key":"99-tl-ve-alti-ci̇lt-bakimmakyajparfüm-setleri̇","value":"99 TL VE ALTI CİLT BAKIM&MAKYAJ&PARFÜM SETLERİ"},{"id":"13567","key":"499-tl-ve-alti-ci̇lt-bakimmakyajparfüm-setleri̇","value":"499 TL VE ALTI CİLT BAKIM&MAKYAJ&PARFÜM SETLERİ"},{"id":"27174","key":"day7flashsale","value":"Day7FlashSale"},{"id":"17859","key":"çok-satanlar","value":"ÇOK SATANLAR"},{"id":"16422","key":"gifts","value":"Gifts"},{"id":"8194","key":"en-çok-satan-10","value":"En Çok Satan 10 "},{"id":"12793","key":"ci̇lt-ti̇pi̇-2-kuru-karma","value":"CİLT TİPİ 2 - KURU & KARMA "},{"id":"27172","key":"day5flashsale","value":"Day5FlashSale"},{"id":"17860","key":"makyaj-ci̇lt-bakim-parfüm-setleri̇","value":"MAKYAJ & CİLT BAKIM & PARFÜM SETLERİ"}]},"texture":null,"undertone":null,"unit_of_measure":null,"unit_size":null,"unit_size_formatted":null,"upc":"020714598983","vto":{"is_color_experience":null,"is_foundation_experience":null}}]},"sub_display_name":null,"sub_header":null,"tags":{"total":23,"items":[{"id":"1571","key":"3-adimli-ci̇lt-bakim-si̇stemi̇-setleri̇","parent_tag_id":"1570","product_display_order":0,"value":"3 ADIMLI CİLT BAKIM SİSTEMİ SETLERİ"},{"id":"13563","key":"yeni̇-yil-ci̇lt-bakimi","parent_tag_id":"13561","product_display_order":1,"value":"YENİ YIL CİLT BAKIMI"},{"id":"1570","key":"3-adimli-ci̇lt-bakim-si̇stemi̇","parent_tag_id":null,"product_display_order":0,"value":"3 ADIMLI CİLT BAKIM SİSTEMİ"},{"id":"13566","key":"yeni̇-yil-ci̇lt-bakimmakyajparfüm-setleri̇","parent_tag_id":"13561","product_display_order":31,"value":"YENİ YIL CİLT BAKIM&MAKYAJ&PARFÜM SETLERİ"},{"id":"12537","key":"çok-satan-makyaj-ürünleri̇","parent_tag_id":"1592","product_display_order":0,"value":"ÇOK SATAN MAKYAJ ÜRÜNLERİ"},{"id":"27173","key":"day6flashsale","parent_tag_id":"1590","product_display_order":0,"value":"Day6FlashSale"},{"id":"2669","key":"hedi̇yeler-setler","parent_tag_id":"1570","product_display_order":0,"value":"HEDİYELER & SETLER"},{"id":"1685","key":"hedi̇yeler-setler","parent_tag_id":"1684","product_display_order":112,"value":"HEDİYELER & SETLER"},{"id":"1687","key":"yüz-nemlendi̇ri̇ci̇","parent_tag_id":"1667","product_display_order":144,"value":"YÜZ NEMLENDİRİCİ"},{"id":"13051","key":"skin-care-best-sellers","parent_tag_id":"1667","product_display_order":0,"value":"Skin Care Best Sellers"},{"id":"27168","key":"day1flashsale","parent_tag_id":"1590","product_display_order":0,"value":"Day1FlashSale"},{"id":"1575","key":"en-çok-satanlar","parent_tag_id":null,"product_display_order":16,"value":"En Çok Satanlar"},{"id":"13568","key":"249-tl-ve-alti-ci̇lt-bakimmakyajparfüm-setleri̇","parent_tag_id":"13561","product_display_order":0,"value":"249 TL VE ALTI CİLT BAKIM&MAKYAJ&PARFÜM SETLERİ"},{"id":"1667","key":"ci̇lt-bakimi","parent_tag_id":null,"product_display_order":1,"value":"CİLT BAKIMI"},{"id":"13569","key":"99-tl-ve-alti-ci̇lt-bakimmakyajparfüm-setleri̇","parent_tag_id":"13561","product_display_order":0,"value":"99 TL VE ALTI CİLT BAKIM&MAKYAJ&PARFÜM SETLERİ"},{"id":"13567","key":"499-tl-ve-alti-ci̇lt-bakimmakyajparfüm-setleri̇","parent_tag_id":"13561","product_display_order":32,"value":"499 TL VE ALTI CİLT BAKIM&MAKYAJ&PARFÜM SETLERİ"},{"id":"27174","key":"day7flashsale","parent_tag_id":"1590","product_display_order":0,"value":"Day7FlashSale"},{"id":"17859","key":"çok-satanlar","parent_tag_id":null,"product_display_order":86,"value":"ÇOK SATANLAR"},{"id":"16422","key":"gifts","parent_tag_id":"1585","product_display_order":0,"value":"Gifts"},{"id":"8194","key":"en-çok-satan-10","parent_tag_id":null,"product_display_order":0,"value":"En Çok Satan 10 "},{"id":"12793","key":"ci̇lt-ti̇pi̇-2-kuru-karma","parent_tag_id":"1570","product_display_order":0,"value":"CİLT TİPİ 2 - KURU & KARMA "},{"id":"27172","key":"day5flashsale","parent_tag_id":"1590","product_display_order":162,"value":"Day5FlashSale"},{"id":"17860","key":"makyaj-ci̇lt-bakim-parfüm-setleri̇","parent_tag_id":null,"product_display_order":40,"value":"MAKYAJ & CİLT BAKIM & PARFÜM SETLERİ"}]},"usage":[{"content":"<LI>Sabah ve akşam olmak üzere günde 2 kez düzenli olarak uygulayın.</LI><LI>Yüz Temizleme Jeli ile&nbsp;tüm yüzünüzü yıkayın.</LI><LI>Clarifying Lotion Arındırıcı Losyonu pamuk yardımıyla, göz çevresi hariç tüm yüzünüzü temizleyin.</LI><LI>Dramatically&nbsp;Different Nemlendirici Losyon+ ile cildinizi nemlendirin.</LI><LI>Sonrasında, cilt endişenize özel ürünler ile devam ediniz.<BR></LI>","label":"PRODUCT USAGE","type":"product_usage"},{"content":null,"label":"HOW DOES IT WORK","type":"how_does_it_work"},{"content":null,"label":"WHO IT IS FOR","type":"who_it_is_for"},{"content":null,"label":"GREAT TO KNOW","type":"great_to_know"},{"content":null,"label":"WHAT_IT_DOES","type":"what_it_does"},{"content":"<P class=description>Geleceğe 3 Adım.</P><P class=description>Cildinizin ihtiyaçlarınıza özel olarak, dermatologlar tarafından tasarlanmış olan 3 Adımlı Cilt Bakım Sistemi cilde gereken temel bakımı sağlar. Hassas ama etkin temizleme sağlar. Ölü hücreleri, pürüzleri, fazla yağı yok ederek cildi arındırır. Yumuşak ve pürüzsüz bir görünüm için cildin nem bariyerini güçlendirir. Her adım, bir&nbsp;sonrakinden en yüksek verimi almanızı sağlayacak şekilde tasarlanmıştır. Sonuç: Daha temiz, sağlıklı ve canlı bir cilt.</P><P class=description>Set İçeriği:</P><UL><LI><DIV class=description>Yüz Temizleme Jeli 50 ml</DIV></LI><LI><DIV class=description>Clarifying Lotion Arındırıcı Losyon100 ml</DIV></LI><LI><DIV class=description>Dramatically Different Nemlendirici Jel/Krem 30 ml<BR></DIV></LI></UL><P class=description>#Geleceğe3Adım</P>","label":"WHAT_IT_IS","type":"what_it_is"}],"objectID":"26870"},{"benefit":{"statement":null,"benefits":null},"brand":null,"collection":null,"coverage":[{"key":"sheer-coverage","value":"sheer_coverage"}],"cross_sell":[{"sku_id":"7T5R01","sort_key":1},{"sku_id":"6F3901","sort_key":2},{"sku_id":"76WY01","sort_key":3},{"sku_id":"6MNY05","sort_key":4},{"sku_id":"7M8109","sort_key":5},{"sku_id":"7C5H05","sort_key":6}],"default_category":{"id":"11265","key":"makyaj-baz-sabi̇tleyi̇ci̇ler"},"description":"Hafif, yağ içermeyen baz ideal bir makyaj zemini oluşturur. Renk eşitsizliği endişesini ortadan kaldırır, makyaj uygulamasına bir baz oluşturarak cildi hazırlar. Renk eşit bir şekilde cilde yayılır.","display_mode":null,"display_name":"Superprimer Makyaj Bazı","display_status":7,"finish":null,"form":[{"key":"lotion-form","value":"lotion_form"}],"formula_type":null,"fragrance_family":null,"indexable_keywords":[{"value":"makyaj"},{"value":" fondöten"},{"value":" baz"},{"value":" düzenleyici"},{"value":" cilt"}],"is_hazmat":false,"is_product_coming_soon":null,"is_product_displayable":true,"is_product_searchable":true,"is_product_shoppable":false,"is_product_sold_out":null,"is_product_temporarily_out_of_stock":null,"is_search_suppressed":null,"key_ingredient":null,"media":{"large":null,"medium":null,"poster":null,"small":null,"videos":[{"position":null,"poster":{"height":null,"src":null,"width":null},"provider":null,"src":null},{"position":null,"poster":{"height":null,"src":null,"width":null},"provider":null,"src":null},{"position":null,"poster":{"height":null,"src":null,"width":null},"provider":null,"src":null}],"xl":null},"meta":{"description":null,"keywords":"primer, colour correct, color correct"},"parent_category":[{"id":"11265","value":"MAKYAJ BAZ & SABİTLEYİCİLER"},{"id":"1592","value":"MAKYAJ"}],"product_badge":null,"product_id":"26922","product_title_tag":null,"product_type":"Shaded","product_url":"/product/11265/26922/makyaj/makyaj-baz-sabitleyiciler/superprimer-makyaj-baz","reviews":{"average_rating":4.7,"number_of_questions":null,"number_of_reviews":3},"shade_groups":null,"short_description":"Doğru fondöten rengini yakalayabilmek ve pürüzsüz bir görünüm için Superprimer Makyaj bazının gücünü keşfedin.","skin":null,"skin_goal":null,"skus":{"total":1,"items":[{"color_family":null,"coverage_options":null,"cross_sell":null,"display_status":7,"finish":null,"finish_options":null,"fragrances":[{"family":null,"key":null,"value":null}],"iln_listing":null,"iln_version_number":null,"inventory_status":"Sold Out","is_active":null,"is_coming_soon":null,"is_default_sku":false,"is_discountable":true,"is_displayable":null,"is_engravable":null,"is_fragrance":null,"is_giftable":null,"is_giftwrap":false,"is_inactive":null,"is_multi_shaded":null,"is_out_of_stock":null,"is_preorder":false,"is_preorderable":null,"is_promotional":null,"is_replenishable":false,"is_search_suppressed":null,"is_searchable":true,"is_shaded":null,"is_sized":null,"is_sold_out":true,"is_under_weight_hazmat":false,"is_vto_enabled":null,"life_of_product":"Discontinued","material_code":"Z17W010001","media":{"large":[{"alt":"Superprimer Makyaj Bazı","height":1200,"position":1,"src":"/media/export/cms/products/1200x1500/cl_sku_Z17W01_1200x1500_0.png","type":"image","width":1500}],"medium":[{"alt":"Superprimer Makyaj Bazı","height":600,"position":2,"src":"/media/export/cms/products/600x750/cl_sku_Z17W01_600x750_0.png","type":"image","width":750}],"model":null,"poster":null,"small":[{"alt":"Superprimer Makyaj Bazı","height":1200,"position":3,"src":"/media/export/cms/products/1200x1500/cl_sku_Z17W01_1200x1500_0.png","type":"image","width":1500}],"smoosh":[{"alt":"Superprimer Makyaj Bazı","height":1200,"position":0,"src":"/media/export/cms/products/1200x1500/swatches_v3/28_ns_ng.png","type":"image","width":1500}],"xl":null},"out_of_stock_threshold":null,"perlgem":{"SKU_BASE_ID":50165},"preorder_date":null,"prices":[{"currency":"TRY","exclude_tax":{"original_price":235,"original_price_formatted":"235.00 TL","price":235,"price_formatted":"235.00 TL","price_per_unit":null,"price_per_unit_formatted":""},"include_tax":{"original_price":235,"original_price_formatted":"235.00 TL","price":235,"price_formatted":"235.00 TL","price_per_unit":null,"price_per_unit_formatted":""},"is_discounted":false}],"purchase_limit":null,"replenishment":{"message":"Never run low on your favourites. Sign up for Auto-Ship. Learn more >"},"reviews":{"average_rating":null,"number_of_questions":null,"number_of_reviews":null},"set_components":null,"shade_groups":null,"shades":[{"description":"","hex_val":"#f1f1f1","image":{"height":null,"src":"","width":null},"name":"Universal Face Primer","smoosh_design":{"group_id":null,"name":"28::none::none"}}],"sizes":[{"key":1,"value":"30 ml"}],"skin":{"tone":null,"type":null,"type_description":null},"sku_badge":null,"sku_badge_image":null,"sku_display_order":0,"sku_id":"Z17W01","sku_promo_messaging":null,"sku_type":"SE","sku_url":null,"tags":{"total":14,"items":[{"id":"13562","key":"yeni̇-yil-makyaj","value":"YENİ YIL MAKYAJ"},{"id":"10589","key":"offers-lp","value":"Offers LP"},{"id":"1592","key":"makyaj","value":"MAKYAJ"},{"id":"11265","key":"makyaj-baz-sabi̇tleyi̇ci̇ler","value":"MAKYAJ BAZ & SABİTLEYİCİLER"},{"id":"27172","key":"day5flashsale","value":"Day5FlashSale"},{"id":"27174","key":"day7flashsale","value":"Day7FlashSale"},{"id":"19400","key":"20-discounted-products","value":"%20 discounted products"},{"id":"27171","key":"day4flashsale","value":"Day4FlashSale"},{"id":"1599","key":"fondöten","value":"FONDÖTEN"},{"id":"12796","key":"yağlanma-karşiti-ürünler","value":"YAĞLANMA KARŞITI ÜRÜNLER"},{"id":"9427","key":"whatsnew","value":"what'snew"},{"id":"9423","key":"seasonal1","value":"seasonal1"},{"id":"9422","key":"socialmediafavs","value":"socialmediafavs"},{"id":"9424","key":"discovery-box","value":"Discovery Box"}]},"texture":null,"undertone":null,"unit_of_measure":null,"unit_size":null,"unit_size_formatted":null,"upc":"020714644093","vto":{"is_color_experience":null,"is_foundation_experience":null}}]},"sub_display_name":null,"sub_header":null,"tags":{"total":14,"items":[{"id":"13562","key":"yeni̇-yil-makyaj","parent_tag_id":"13561","product_display_order":0,"value":"YENİ YIL MAKYAJ"},{"id":"10589","key":"offers-lp","parent_tag_id":null,"product_display_order":1,"value":"Offers LP"},{"id":"1592","key":"makyaj","parent_tag_id":null,"product_display_order":64,"value":"MAKYAJ"},{"id":"11265","key":"makyaj-baz-sabi̇tleyi̇ci̇ler","parent_tag_id":"1592","product_display_order":0,"value":"MAKYAJ BAZ & SABİTLEYİCİLER"},{"id":"27172","key":"day5flashsale","parent_tag_id":"1590","product_display_order":91,"value":"Day5FlashSale"},{"id":"27174","key":"day7flashsale","parent_tag_id":"1590","product_display_order":0,"value":"Day7FlashSale"},{"id":"19400","key":"20-discounted-products","parent_tag_id":"1599","product_display_order":0,"value":"%20 discounted products"},{"id":"27171","key":"day4flashsale","parent_tag_id":"1590","product_display_order":0,"value":"Day4FlashSale"},{"id":"1599","key":"fondöten","parent_tag_id":"1592","product_display_order":14,"value":"FONDÖTEN"},{"id":"12796","key":"yağlanma-karşiti-ürünler","parent_tag_id":"1667","product_display_order":1,"value":"YAĞLANMA KARŞITI ÜRÜNLER"},{"id":"9427","key":"whatsnew","parent_tag_id":"9420","product_display_order":0,"value":"what'snew"},{"id":"9423","key":"seasonal1","parent_tag_id":"9420","product_display_order":1,"value":"seasonal1"},{"id":"9422","key":"socialmediafavs","parent_tag_id":"9420","product_display_order":1,"value":"socialmediafavs"},{"id":"9424","key":"discovery-box","parent_tag_id":"9420","product_display_order":0,"value":"Discovery Box"}]},"usage":[{"content":"<UL><LI>Makyaj yapmadan önce tüm yüzünüze eşit bir şekilde uygulayın.</LI></UL>","label":"PRODUCT USAGE","type":"product_usage"},{"content":null,"label":"HOW DOES IT WORK","type":"how_does_it_work"},{"content":null,"label":"WHO IT IS FOR","type":"who_it_is_for"},{"content":null,"label":"GREAT TO KNOW","type":"great_to_know"},{"content":null,"label":"WHAT_IT_DOES","type":"what_it_does"},{"content":"Hafif, yağ içermeyen baz ideal bir makyaj zemini oluşturur. Renk eşitsizliği endişesini ortadan kaldırır, makyaj uygulamasına bir baz oluşturarak cildi hazırlar. Renk eşit bir şekilde cilde yayılır.","label":"WHAT_IT_IS","type":"what_it_is"}],"objectID":"26922"},{"benefit":{"statement":null,"benefits":null},"brand":null,"collection":null,"coverage":null,"cross_sell":[{"sku_id":"7PWL02","sort_key":1},{"sku_id":"60MK01","sort_key":2},{"sku_id":"7NYF01","sort_key":3},{"sku_id":"7W5C02","sort_key":4},{"sku_id":"7PWK07","sort_key":5},{"sku_id":"75X303","sort_key":6}],"default_category":{"id":"1598","key":"göz-fari"},"description":"Tek bir dokunuşla yoğun renk veren yapısı ve kremsi dokusuyla yepyeni bir far deneyimi yaşatıyor. All About Shadow Göz Farı, içeriğindeki yoğun pigmentler sayesinde sadece bir dokunuşla yoğun renk verirken uzun süre kalıcılık sağlıyor. All About Shadow Göz Farı'nı en farklılaştıran yanı; kendine özgü katmanlanırma özelliği ve farklı renklerin en kolay şekilde birleştirilebilmesidir. Böylece&nbsp; yoğun görünüm veren kremsi yapısı, göz kapaklarının pürüzsüz ve gerçek renklerde görünmesini sağlar.","display_mode":null,"display_name":"All About Shadow Tekli Göz Farı","display_status":7,"finish":null,"form":null,"formula_type":null,"fragrance_family":null,"indexable_keywords":[{"value":"göz farı"},{"value":" renkli"},{"value":" far"}],"is_hazmat":false,"is_product_coming_soon":null,"is_product_displayable":true,"is_product_searchable":true,"is_product_shoppable":true,"is_product_sold_out":null,"is_product_temporarily_out_of_stock":null,"is_search_suppressed":null,"key_ingredient":null,"media":{"large":null,"medium":null,"poster":null,"small":null,"videos":[{"position":null,"poster":{"height":null,"src":null,"width":null},"provider":null,"src":null},{"position":null,"poster":{"height":null,"src":null,"width":null},"provider":null,"src":null},{"position":null,"poster":{"height":null,"src":null,"width":null},"provider":null,"src":null}],"xl":null},"meta":{"description":null,"keywords":"eye shadow, colour, sombra"},"parent_category":[{"id":"1598","value":"GÖZ FARI"},{"id":"1592","value":"MAKYAJ"}],"product_badge":null,"product_id":"27031","product_title_tag":null,"product_type":"Shaded","product_url":"/product/1598/27031/makyaj/goz-fari/all-about-shadow-tekli-goz-far","reviews":{"average_rating":3,"number_of_questions":null,"number_of_reviews":2},"shade_groups":null,"short_description":"Kremsi renkler sadece tek bir dokunuşla uzun süre kalıcılık sağlar. Birikmeyen ve solmayan renkler. Oftalmologlar tarafından test edilmiştir ve konktakt lens kullanıcıları için uygundur. Aynalı kompakt dizayn, sünger uygulama fırçası içerir.","skin":null,"skin_goal":null,"skus":{"total":7,"items":[{"color_family":null,"coverage_options":null,"cross_sell":null,"display_status":7,"finish":null,"finish_options":null,"fragrances":[{"family":null,"key":null,"value":null}],"iln_listing":null,"iln_version_number":null,"inventory_status":"Active","is_active":true,"is_coming_soon":null,"is_default_sku":false,"is_discountable":true,"is_displayable":null,"is_engravable":null,"is_fragrance":null,"is_giftable":null,"is_giftwrap":false,"is_inactive":null,"is_multi_shaded":null,"is_out_of_stock":null,"is_preorder":false,"is_preorderable":null,"is_promotional":null,"is_replenishable":false,"is_search_suppressed":null,"is_searchable":true,"is_shaded":null,"is_sized":null,"is_sold_out":null,"is_under_weight_hazmat":false,"is_vto_enabled":null,"life_of_product":"Basic Reorder","material_code":"7PWH1A0000","media":{"large":[{"alt":"All About Shadow Tekli Göz Farı","height":1200,"position":1,"src":"/media/export/cms/products/1200x1500/cl_sku_7PWH1A_1200x1500_0.png","type":"image","width":1500}],"medium":[{"alt":"All About Shadow Tekli Göz Farı","height":600,"position":2,"src":"/media/export/cms/products/600x750/cl_sku_7PWH1A_600x750_0.png","type":"image","width":750}],"model":null,"poster":null,"small":[{"alt":"All About Shadow Tekli Göz Farı","height":1200,"position":3,"src":"/media/export/cms/products/1200x1500/cl_sku_7PWH1A_1200x1500_0.png","type":"image","width":1500}],"smoosh":[{"alt":"All About Shadow Tekli Göz Farı","height":1200,"position":0,"src":"/media/export/cms/products/1200x1500/swatches_v3/32_ns_ng.png","type":"image","width":1500}],"xl":null},"out_of_stock_threshold":null,"perlgem":{"SKU_BASE_ID":49865},"preorder_date":null,"prices":[{"currency":"TRY","exclude_tax":{"original_price":185,"original_price_formatted":"185.00 TL","price":185,"price_formatted":"185.00 TL","price_per_unit":null,"price_per_unit_formatted":""},"include_tax":{"original_price":185,"original_price_formatted":"185.00 TL","price":185,"price_formatted":"185.00 TL","price_per_unit":null,"price_per_unit_formatted":""},"is_discounted":false}],"purchase_limit":null,"replenishment":{"message":"Never run low on your favourites. Sign up for Auto-Ship. Learn more >"},"reviews":{"average_rating":null,"number_of_questions":null,"number_of_reviews":null},"set_components":null,"shade_groups":null,"shades":[{"description":"","hex_val":"#f8f5f3","image":{"height":null,"src":"","width":null},"name":"Sugar Cane - Soft Shimmer","smoosh_design":{"group_id":null,"name":"32::none::none"}}],"sizes":[{"key":1,"value":null}],"skin":{"tone":null,"type":null,"type_description":null},"sku_badge":null,"sku_badge_image":null,"sku_display_order":0,"sku_id":"7PWH1A","sku_promo_messaging":null,"sku_type":"SE","sku_url":null,"tags":{"total":10,"items":[{"id":"9423","key":"seasonal1","value":"seasonal1"},{"id":"1598","key":"göz-fari","value":"GÖZ FARI"},{"id":"9427","key":"whatsnew","value":"what'snew"},{"id":"27171","key":"day4flashsale","value":"Day4FlashSale"},{"id":"13562","key":"yeni̇-yil-makyaj","value":"YENİ YIL MAKYAJ"},{"id":"9424","key":"discovery-box","value":"Discovery Box"},{"id":"27172","key":"day5flashsale","value":"Day5FlashSale"},{"id":"10589","key":"offers-lp","value":"Offers LP"},{"id":"22734","key":"30-aninda-i̇ndi̇ri̇m","value":"%30 ANINDA İNDİRİM"},{"id":"4323","key":"yeni̇-ürünler","value":"YENİ ÜRÜNLER"}]},"texture":null,"undertone":null,"unit_of_measure":null,"unit_size":null,"unit_size_formatted":null,"upc":"020714620516","vto":{"is_color_experience":null,"is_foundation_experience":null}},{"color_family":null,"coverage_options":null,"cross_sell":null,"display_status":7,"finish":null,"finish_options":null,"fragrances":[{"family":null,"key":null,"value":null}],"iln_listing":null,"iln_version_number":null,"inventory_status":"Active","is_active":true,"is_coming_soon":null,"is_default_sku":false,"is_discountable":true,"is_displayable":null,"is_engravable":null,"is_fragrance":null,"is_giftable":null,"is_giftwrap":false,"is_inactive":null,"is_multi_shaded":null,"is_out_of_stock":null,"is_preorder":false,"is_preorderable":null,"is_promotional":null,"is_replenishable":true,"is_search_suppressed":null,"is_searchable":true,"is_shaded":null,"is_sized":null,"is_sold_out":null,"is_under_weight_hazmat":false,"is_vto_enabled":null,"life_of_product":"Basic Reorder","material_code":"7PWJ240002","media":{"large":[{"alt":"All About Shadow Tekli Göz Farı","height":1200,"position":1,"src":"/media/export/cms/products/1200x1500/cl_sku_7PWJ24_1200x1500_0.png","type":"image","width":1500}],"medium":[{"alt":"All About Shadow Tekli Göz Farı","height":600,"position":2,"src":"/media/export/cms/products/600x750/cl_sku_7PWJ24_600x750_0.png","type":"image","width":750}],"model":null,"poster":null,"small":[{"alt":"All About Shadow Tekli Göz Farı","height":1200,"position":3,"src":"/media/export/cms/products/1200x1500/cl_sku_7PWJ24_1200x1500_0.png","type":"image","width":1500}],"smoosh":[{"alt":"All About Shadow Tekli Göz Farı","height":1200,"position":0,"src":"/media/export/cms/products/1200x1500/swatches_v3/32_ns_ng.png","type":"image","width":1500}],"xl":null},"out_of_stock_threshold":null,"perlgem":{"SKU_BASE_ID":49882},"preorder_date":null,"prices":[{"currency":"TRY","exclude_tax":{"original_price":185,"original_price_formatted":"185.00 TL","price":185,"price_formatted":"185.00 TL","price_per_unit":null,"price_per_unit_formatted":""},"include_tax":{"original_price":185,"original_price_formatted":"185.00 TL","price":185,"price_formatted":"185.00 TL","price_per_unit":null,"price_per_unit_formatted":""},"is_discounted":false}],"purchase_limit":null,"replenishment":{"message":"Never run low on your favourites. Sign up for Auto-Ship. Learn more >"},"reviews":{"average_rating":null,"number_of_questions":null,"number_of_reviews":null},"set_components":null,"shade_groups":null,"shades":[{"description":"","hex_val":"#f2c5da","image":{"height":null,"src":"","width":null},"name":"Angel Eyes - Super Shimmer","smoosh_design":{"group_id":null,"name":"32::none::none"}}],"sizes":[{"key":1,"value":null}],"skin":{"tone":null,"type":null,"type_description":null},"sku_badge":null,"sku_badge_image":null,"sku_display_order":0,"sku_id":"7PWJ24","sku_promo_messaging":null,"sku_type":"SE","sku_url":null,"tags":{"total":13,"items":[{"id":"1592","key":"makyaj","value":"MAKYAJ"},{"id":"9423","key":"seasonal1","value":"seasonal1"},{"id":"1598","key":"göz-fari","value":"GÖZ FARI"},{"id":"9427","key":"whatsnew","value":"what'snew"},{"id":"27171","key":"day4flashsale","value":"Day4FlashSale"},{"id":"13562","key":"yeni̇-yil-makyaj","value":"YENİ YIL MAKYAJ"},{"id":"2644","key":"alışverişi-tamamla","value":"Alışverişi Tamamla"},{"id":"9424","key":"discovery-box","value":"Discovery Box"},{"id":"27172","key":"day5flashsale","value":"Day5FlashSale"},{"id":"10589","key":"offers-lp","value":"Offers LP"},{"id":"22734","key":"30-aninda-i̇ndi̇ri̇m","value":"%30 ANINDA İNDİRİM"},{"id":"4323","key":"yeni̇-ürünler","value":"YENİ ÜRÜNLER"},{"id":"27174","key":"day7flashsale","value":"Day7FlashSale"}]},"texture":null,"undertone":null,"unit_of_measure":null,"unit_size":null,"unit_size_formatted":null,"upc":"020714623104","vto":{"is_color_experience":null,"is_foundation_experience":null}},{"color_family":null,"coverage_options":null,"cross_sell":null,"display_status":7,"finish":null,"finish_options":null,"fragrances":[{"family":null,"key":null,"value":null}],"iln_listing":null,"iln_version_number":null,"inventory_status":"Active","is_active":true,"is_coming_soon":null,"is_default_sku":false,"is_discountable":true,"is_displayable":null,"is_engravable":null,"is_fragrance":null,"is_giftable":null,"is_giftwrap":false,"is_inactive":null,"is_multi_shaded":null,"is_out_of_stock":null,"is_preorder":false,"is_preorderable":null,"is_promotional":null,"is_replenishable":true,"is_search_suppressed":null,"is_searchable":true,"is_shaded":null,"is_sized":null,"is_sold_out":null,"is_under_weight_hazmat":false,"is_vto_enabled":null,"life_of_product":"Basic Reorder","material_code":"7PWJ390000","media":{"large":[{"alt":"All About Shadow Tekli Göz Farı","height":1200,"position":1,"src":"/media/export/cms/products/1200x1500/cl_sku_7PWJ39_1200x1500_0.png","type":"image","width":1500}],"medium":[{"alt":"All About Shadow Tekli Göz Farı","height":600,"position":2,"src":"/media/export/cms/products/600x750/cl_sku_7PWJ39_600x750_0.png","type":"image","width":750}],"model":null,"poster":null,"small":[{"alt":"All About Shadow Tekli Göz Farı","height":1200,"position":3,"src":"/media/export/cms/products/1200x1500/cl_sku_7PWJ39_1200x1500_0.png","type":"image","width":1500}],"smoosh":[{"alt":"All About Shadow Tekli Göz Farı","height":1200,"position":0,"src":"/media/export/cms/products/1200x1500/swatches_v3/32_ns_ng.png","type":"image","width":1500}],"xl":null},"out_of_stock_threshold":null,"perlgem":{"SKU_BASE_ID":49888},"preorder_date":null,"prices":[{"currency":"TRY","exclude_tax":{"original_price":185,"original_price_formatted":"185.00 TL","price":185,"price_formatted":"185.00 TL","price_per_unit":null,"price_per_unit_formatted":""},"include_tax":{"original_price":185,"original_price_formatted":"185.00 TL","price":185,"price_formatted":"185.00 TL","price_per_unit":null,"price_per_unit_formatted":""},"is_discounted":false}],"purchase_limit":null,"replenishment":{"message":"Never run low on your favourites. Sign up for Auto-Ship. Learn more >"},"reviews":{"average_rating":null,"number_of_questions":null,"number_of_reviews":null},"set_components":null,"shade_groups":null,"shades":[{"description":"","hex_val":"#d699bb","image":{"height":null,"src":"","width":null},"name":"Bubble Bath - Super Shimmer","smoosh_design":{"group_id":null,"name":"32::none::none"}}],"sizes":[{"key":1,"value":null}],"skin":{"tone":null,"type":null,"type_description":null},"sku_badge":null,"sku_badge_image":null,"sku_display_order":0,"sku_id":"7PWJ39","sku_promo_messaging":null,"sku_type":"SE","sku_url":null,"tags":{"total":13,"items":[{"id":"1590","key":"i̇ndi̇ri̇mli̇-ürünler","value":"İNDİRİMLİ ÜRÜNLER"},{"id":"9423","key":"seasonal1","value":"seasonal1"},{"id":"1598","key":"göz-fari","value":"GÖZ FARI"},{"id":"9427","key":"whatsnew","value":"what'snew"},{"id":"27171","key":"day4flashsale","value":"Day4FlashSale"},{"id":"13562","key":"yeni̇-yil-makyaj","value":"YENİ YIL MAKYAJ"},{"id":"17859","key":"çok-satanlar","value":"ÇOK SATANLAR"},{"id":"2644","key":"alışverişi-tamamla","value":"Alışverişi Tamamla"},{"id":"9424","key":"discovery-box","value":"Discovery Box"},{"id":"27172","key":"day5flashsale","value":"Day5FlashSale"},{"id":"22734","key":"30-aninda-i̇ndi̇ri̇m","value":"%30 ANINDA İNDİRİM"},{"id":"4323","key":"yeni̇-ürünler","value":"YENİ ÜRÜNLER"},{"id":"27174","key":"day7flashsale","value":"Day7FlashSale"}]},"texture":null,"undertone":null,"unit_of_measure":null,"unit_size":null,"unit_size_formatted":null,"upc":"020714632168","vto":{"is_color_experience":null,"is_foundation_experience":null}},{"color_family":null,"coverage_options":null,"cross_sell":null,"display_status":7,"finish":null,"finish_options":null,"fragrances":[{"family":null,"key":null,"value":null}],"iln_listing":null,"iln_version_number":null,"inventory_status":"Active","is_active":true,"is_coming_soon":null,"is_default_sku":false,"is_discountable":true,"is_displayable":null,"is_engravable":null,"is_fragrance":null,"is_giftable":null,"is_giftwrap":false,"is_inactive":null,"is_multi_shaded":null,"is_out_of_stock":null,"is_preorder":false,"is_preorderable":null,"is_promotional":null,"is_replenishable":true,"is_search_suppressed":null,"is_searchable":true,"is_shaded":null,"is_sized":null,"is_sold_out":null,"is_under_weight_hazmat":false,"is_vto_enabled":null,"life_of_product":"Discontinued","material_code":"7PWJ070000","media":{"large":[{"alt":"All About Shadow Tekli Göz Farı","height":1200,"position":1,"src":"/media/export/cms/products/1200x1500/cl_sku_7PWJ07_1200x1500_0.png","type":"image","width":1500}],"medium":[{"alt":"All About Shadow Tekli Göz Farı","height":600,"position":2,"src":"/media/export/cms/products/600x750/cl_sku_7PWJ07_600x750_0.png","type":"image","width":750}],"model":null,"poster":null,"small":[{"alt":"All About Shadow Tekli Göz Farı","height":1200,"position":3,"src":"/media/export/cms/products/1200x1500/cl_sku_7PWJ07_1200x1500_0.png","type":"image","width":1500}],"smoosh":[{"alt":"All About Shadow Tekli Göz Farı","height":1200,"position":0,"src":"/media/export/cms/products/1200x1500/swatches_v3/32_ns_ng.png","type":"image","width":1500}],"xl":null},"out_of_stock_threshold":null,"perlgem":{"SKU_BASE_ID":49880},"preorder_date":null,"prices":[{"currency":"TRY","exclude_tax":{"original_price":185,"original_price_formatted":"185.00 TL","price":185,"price_formatted":"185.00 TL","price_per_unit":null,"price_per_unit_formatted":""},"include_tax":{"original_price":185,"original_price_formatted":"185.00 TL","price":185,"price_formatted":"185.00 TL","price_per_unit":null,"price_per_unit_formatted":""},"is_discounted":false}],"purchase_limit":null,"replenishment":{"message":"Never run low on your favourites. Sign up for Auto-Ship. Learn more >"},"reviews":{"average_rating":null,"number_of_questions":null,"number_of_reviews":null},"set_components":null,"shade_groups":null,"shades":[{"description":"","hex_val":"#d27948","image":{"height":null,"src":"","width":null},"name":"At Dusk","smoosh_design":{"group_id":null,"name":"32::none::none"}}],"sizes":[{"key":1,"value":null}],"skin":{"tone":null,"type":null,"type_description":null},"sku_badge":null,"sku_badge_image":null,"sku_display_order":0,"sku_id":"7PWJ07","sku_promo_messaging":null,"sku_type":"SE","sku_url":null,"tags":{"total":10,"items":[{"id":"1592","key":"makyaj","value":"MAKYAJ"},{"id":"9423","key":"seasonal1","value":"seasonal1"},{"id":"1598","key":"göz-fari","value":"GÖZ FARI"},{"id":"9427","key":"whatsnew","value":"what'snew"},{"id":"13562","key":"yeni̇-yil-makyaj","value":"YENİ YIL MAKYAJ"},{"id":"2644","key":"alışverişi-tamamla","value":"Alışverişi Tamamla"},{"id":"9424","key":"discovery-box","value":"Discovery Box"},{"id":"10589","key":"offers-lp","value":"Offers LP"},{"id":"22734","key":"30-aninda-i̇ndi̇ri̇m","value":"%30 ANINDA İNDİRİM"},{"id":"4323","key":"yeni̇-ürünler","value":"YENİ ÜRÜNLER"}]},"texture":null,"undertone":null,"unit_of_measure":null,"unit_size":null,"unit_size_formatted":null,"upc":"020714586867","vto":{"is_color_experience":null,"is_foundation_experience":null}},{"color_family":null,"coverage_options":null,"cross_sell":null,"display_status":7,"finish":null,"finish_options":null,"fragrances":[{"family":null,"key":null,"value":null}],"iln_listing":null,"iln_version_number":null,"inventory_status":"Active","is_active":true,"is_coming_soon":null,"is_default_sku":false,"is_discountable":true,"is_displayable":null,"is_engravable":null,"is_fragrance":null,"is_giftable":null,"is_giftwrap":false,"is_inactive":null,"is_multi_shaded":null,"is_out_of_stock":null,"is_preorder":false,"is_preorderable":null,"is_promotional":null,"is_replenishable":true,"is_search_suppressed":null,"is_searchable":true,"is_shaded":null,"is_sized":null,"is_sold_out":null,"is_under_weight_hazmat":false,"is_vto_enabled":null,"life_of_product":"Basic Reorder","material_code":"7PWH2W0000","media":{"large":[{"alt":"All About Shadow Tekli Göz Farı","height":1200,"position":1,"src":"/media/export/cms/products/1200x1500/cl_sku_7PWH2W_1200x1500_0.png","type":"image","width":1500}],"medium":[{"alt":"All About Shadow Tekli Göz Farı","height":600,"position":2,"src":"/media/export/cms/products/600x750/cl_sku_7PWH2W_600x750_0.png","type":"image","width":750}],"model":null,"poster":null,"small":[{"alt":"All About Shadow Tekli Göz Farı","height":1200,"position":3,"src":"/media/export/cms/products/1200x1500/cl_sku_7PWH2W_1200x1500_0.png","type":"image","width":1500}],"smoosh":[{"alt":"All About Shadow Tekli Göz Farı","height":1200,"position":0,"src":"/media/export/cms/products/1200x1500/swatches_v3/32_ns_ng.png","type":"image","width":1500}],"xl":null},"out_of_stock_threshold":null,"perlgem":{"SKU_BASE_ID":49872},"preorder_date":null,"prices":[{"currency":"TRY","exclude_tax":{"original_price":185,"original_price_formatted":"185.00 TL","price":185,"price_formatted":"185.00 TL","price_per_unit":null,"price_per_unit_formatted":""},"include_tax":{"original_price":185,"original_price_formatted":"185.00 TL","price":185,"price_formatted":"185.00 TL","price_per_unit":null,"price_per_unit_formatted":""},"is_discounted":false}],"purchase_limit":null,"replenishment":{"message":"Never run low on your favourites. Sign up for Auto-Ship. Learn more >"},"reviews":{"average_rating":null,"number_of_questions":null,"number_of_reviews":null},"set_components":null,"shade_groups":null,"shades":[{"description":"","hex_val":"#ef6782","image":{"height":null,"src":"","width":null},"name":"Blushed","smoosh_design":{"group_id":null,"name":"32::none::none"}}],"sizes":[{"key":1,"value":null}],"skin":{"tone":null,"type":null,"type_description":null},"sku_badge":null,"sku_badge_image":null,"sku_display_order":0,"sku_id":"7PWH2W","sku_promo_messaging":null,"sku_type":"SE","sku_url":null,"tags":{"total":8,"items":[{"id":"9423","key":"seasonal1","value":"seasonal1"},{"id":"1598","key":"göz-fari","value":"GÖZ FARI"},{"id":"9427","key":"whatsnew","value":"what'snew"},{"id":"13562","key":"yeni̇-yil-makyaj","value":"YENİ YIL MAKYAJ"},{"id":"9424","key":"discovery-box","value":"Discovery Box"},{"id":"10589","key":"offers-lp","value":"Offers LP"},{"id":"22734","key":"30-aninda-i̇ndi̇ri̇m","value":"%30 ANINDA İNDİRİM"},{"id":"4323","key":"yeni̇-ürünler","value":"YENİ ÜRÜNLER"}]},"texture":null,"undertone":null,"unit_of_measure":null,"unit_size":null,"unit_size_formatted":null,"upc":"020714622633","vto":{"is_color_experience":null,"is_foundation_experience":null}},{"color_family":null,"coverage_options":null,"cross_sell":null,"display_status":7,"finish":null,"finish_options":null,"fragrances":[{"family":null,"key":null,"value":null}],"iln_listing":null,"iln_version_number":null,"inventory_status":"Active","is_active":true,"is_coming_soon":null,"is_default_sku":false,"is_discountable":true,"is_displayable":null,"is_engravable":null,"is_fragrance":null,"is_giftable":null,"is_giftwrap":false,"is_inactive":null,"is_multi_shaded":null,"is_out_of_stock":null,"is_preorder":false,"is_preorderable":null,"is_promotional":null,"is_replenishable":false,"is_search_suppressed":null,"is_searchable":true,"is_shaded":null,"is_sized":null,"is_sold_out":null,"is_under_weight_hazmat":false,"is_vto_enabled":null,"life_of_product":"Basic Reorder","material_code":"7PWGAC0000","media":{"large":[{"alt":"All About Shadow Tekli Göz Farı","height":1200,"position":1,"src":"/media/export/cms/products/1200x1500/cl_sku_7PWGAC_1200x1500_0.png","type":"image","width":1500}],"medium":[{"alt":"All About Shadow Tekli Göz Farı","height":600,"position":2,"src":"/media/export/cms/products/600x750/cl_sku_7PWGAC_600x750_0.png","type":"image","width":750}],"model":null,"poster":null,"small":[{"alt":"All About Shadow Tekli Göz Farı","height":1200,"position":3,"src":"/media/export/cms/products/1200x1500/cl_sku_7PWGAC_1200x1500_0.png","type":"image","width":1500}],"smoosh":[{"alt":"All About Shadow Tekli Göz Farı","height":1200,"position":0,"src":"/media/export/cms/products/1200x1500/swatches_v3/32_ns_ng.png","type":"image","width":1500}],"xl":null},"out_of_stock_threshold":null,"perlgem":{"SKU_BASE_ID":49858},"preorder_date":null,"prices":[{"currency":"TRY","exclude_tax":{"original_price":185,"original_price_formatted":"185.00 TL","price":185,"price_formatted":"185.00 TL","price_per_unit":null,"price_per_unit_formatted":""},"include_tax":{"original_price":185,"original_price_formatted":"185.00 TL","price":185,"price_formatted":"185.00 TL","price_per_unit":null,"price_per_unit_formatted":""},"is_discounted":false}],"purchase_limit":null,"replenishment":{"message":"Never run low on your favourites. Sign up for Auto-Ship. Learn more >"},"reviews":{"average_rating":null,"number_of_questions":null,"number_of_reviews":null},"set_components":null,"shade_groups":null,"shades":[{"description":"","hex_val":"#443022","image":{"height":null,"src":"","width":null},"name":"French Roast - Soft Matte","smoosh_design":{"group_id":null,"name":"32::none::none"}}],"sizes":[{"key":1,"value":null}],"skin":{"tone":null,"type":null,"type_description":null},"sku_badge":null,"sku_badge_image":null,"sku_display_order":0,"sku_id":"7PWGAC","sku_promo_messaging":null,"sku_type":"SE","sku_url":null,"tags":{"total":13,"items":[{"id":"1592","key":"makyaj","value":"MAKYAJ"},{"id":"1590","key":"i̇ndi̇ri̇mli̇-ürünler","value":"İNDİRİMLİ ÜRÜNLER"},{"id":"9423","key":"seasonal1","value":"seasonal1"},{"id":"1598","key":"göz-fari","value":"GÖZ FARI"},{"id":"9427","key":"whatsnew","value":"what'snew"},{"id":"27171","key":"day4flashsale","value":"Day4FlashSale"},{"id":"13562","key":"yeni̇-yil-makyaj","value":"YENİ YIL MAKYAJ"},{"id":"9424","key":"discovery-box","value":"Discovery Box"},{"id":"27172","key":"day5flashsale","value":"Day5FlashSale"},{"id":"10589","key":"offers-lp","value":"Offers LP"},{"id":"1575","key":"en-çok-satanlar","value":"En Çok Satanlar"},{"id":"22734","key":"30-aninda-i̇ndi̇ri̇m","value":"%30 ANINDA İNDİRİM"},{"id":"4323","key":"yeni̇-ürünler","value":"YENİ ÜRÜNLER"}]},"texture":null,"undertone":null,"unit_of_measure":null,"unit_size":null,"unit_size_formatted":null,"upc":"020714620813","vto":{"is_color_experience":null,"is_foundation_experience":null}},{"color_family":null,"coverage_options":null,"cross_sell":null,"display_status":7,"finish":null,"finish_options":null,"fragrances":[{"family":null,"key":null,"value":null}],"iln_listing":null,"iln_version_number":null,"inventory_status":"Active","is_active":true,"is_coming_soon":null,"is_default_sku":false,"is_discountable":true,"is_displayable":null,"is_engravable":null,"is_fragrance":null,"is_giftable":null,"is_giftwrap":false,"is_inactive":null,"is_multi_shaded":null,"is_out_of_stock":null,"is_preorder":false,"is_preorderable":null,"is_promotional":null,"is_replenishable":true,"is_search_suppressed":null,"is_searchable":true,"is_shaded":null,"is_sized":null,"is_sold_out":null,"is_under_weight_hazmat":false,"is_vto_enabled":null,"life_of_product":"Basic Reorder","material_code":"7PWGCA0000","media":{"large":[{"alt":"All About Shadow Tekli Göz Farı","height":1200,"position":1,"src":"/media/export/cms/products/1200x1500/cl_sku_7PWGCA_1200x1500_0.png","type":"image","width":1500}],"medium":[{"alt":"All About Shadow Tekli Göz Farı","height":600,"position":2,"src":"/media/export/cms/products/600x750/cl_sku_7PWGCA_600x750_0.png","type":"image","width":750}],"model":null,"poster":null,"small":[{"alt":"All About Shadow Tekli Göz Farı","height":1200,"position":3,"src":"/media/export/cms/products/1200x1500/cl_sku_7PWGCA_1200x1500_0.png","type":"image","width":1500}],"smoosh":[{"alt":"All About Shadow Tekli Göz Farı","height":1200,"position":0,"src":"/media/export/cms/products/1200x1500/swatches_v3/32_ns_ng.png","type":"image","width":1500}],"xl":null},"out_of_stock_threshold":null,"perlgem":{"SKU_BASE_ID":49862},"preorder_date":null,"prices":[{"currency":"TRY","exclude_tax":{"original_price":185,"original_price_formatted":"185.00 TL","price":185,"price_formatted":"185.00 TL","price_per_unit":null,"price_per_unit_formatted":""},"include_tax":{"original_price":185,"original_price_formatted":"185.00 TL","price":185,"price_formatted":"185.00 TL","price_per_unit":null,"price_per_unit_formatted":""},"is_discounted":false}],"purchase_limit":null,"replenishment":{"message":"Never run low on your favourites. Sign up for Auto-Ship. Learn more >"},"reviews":{"average_rating":null,"number_of_questions":null,"number_of_reviews":null},"set_components":null,"shade_groups":null,"shades":[{"description":"","hex_val":"#AB486C","image":{"height":null,"src":"","width":null},"name":"Raspberry Beret","smoosh_design":{"group_id":null,"name":"32::none::none"}}],"sizes":[{"key":1,"value":null}],"skin":{"tone":null,"type":null,"type_description":null},"sku_badge":null,"sku_badge_image":null,"sku_display_order":0,"sku_id":"7PWGCA","sku_promo_messaging":null,"sku_type":"SE","sku_url":null,"tags":{"total":9,"items":[{"id":"1590","key":"i̇ndi̇ri̇mli̇-ürünler","value":"İNDİRİMLİ ÜRÜNLER"},{"id":"9423","key":"seasonal1","value":"seasonal1"},{"id":"1598","key":"göz-fari","value":"GÖZ FARI"},{"id":"9427","key":"whatsnew","value":"what'snew"},{"id":"13562","key":"yeni̇-yil-makyaj","value":"YENİ YIL MAKYAJ"},{"id":"19288","key":"sale","value":"sale"},{"id":"9424","key":"discovery-box","value":"Discovery Box"},{"id":"10589","key":"offers-lp","value":"Offers LP"},{"id":"4323","key":"yeni̇-ürünler","value":"YENİ ÜRÜNLER"}]},"texture":null,"undertone":null,"unit_of_measure":null,"unit_size":null,"unit_size_formatted":null,"upc":"020714622374","vto":{"is_color_experience":null,"is_foundation_experience":null}}]},"sub_display_name":null,"sub_header":null,"tags":{"total":17,"items":[{"id":"1592","key":"makyaj","parent_tag_id":null,"product_display_order":85,"value":"MAKYAJ"},{"id":"1590","key":"i̇ndi̇ri̇mli̇-ürünler","parent_tag_id":null,"product_display_order":45,"value":"İNDİRİMLİ ÜRÜNLER"},{"id":"9423","key":"seasonal1","parent_tag_id":"9420","product_display_order":11,"value":"seasonal1"},{"id":"1598","key":"göz-fari","parent_tag_id":"1592","product_display_order":0,"value":"GÖZ FARI"},{"id":"9427","key":"whatsnew","parent_tag_id":"9420","product_display_order":0,"value":"what'snew"},{"id":"27171","key":"day4flashsale","parent_tag_id":"1590","product_display_order":49,"value":"Day4FlashSale"},{"id":"13562","key":"yeni̇-yil-makyaj","parent_tag_id":"13561","product_display_order":19,"value":"YENİ YIL MAKYAJ"},{"id":"17859","key":"çok-satanlar","parent_tag_id":null,"product_display_order":91,"value":"ÇOK SATANLAR"},{"id":"2644","key":"alışverişi-tamamla","parent_tag_id":null,"product_display_order":0,"value":"Alışverişi Tamamla"},{"id":"19288","key":"sale","parent_tag_id":"1590","product_display_order":0,"value":"sale"},{"id":"9424","key":"discovery-box","parent_tag_id":"9420","product_display_order":1,"value":"Discovery Box"},{"id":"27172","key":"day5flashsale","parent_tag_id":"1590","product_display_order":0,"value":"Day5FlashSale"},{"id":"10589","key":"offers-lp","parent_tag_id":null,"product_display_order":5,"value":"Offers LP"},{"id":"1575","key":"en-çok-satanlar","parent_tag_id":null,"product_display_order":167,"value":"En Çok Satanlar"},{"id":"22734","key":"30-aninda-i̇ndi̇ri̇m","parent_tag_id":"1590","product_display_order":0,"value":"%30 ANINDA İNDİRİM"},{"id":"4323","key":"yeni̇-ürünler","parent_tag_id":null,"product_display_order":397,"value":"YENİ ÜRÜNLER"},{"id":"27174","key":"day7flashsale","parent_tag_id":"1590","product_display_order":0,"value":"Day7FlashSale"}]},"usage":[{"content":"<UL><LI>Sünger uygulama fırçasıyla göz kapaklarınıza ve tercihe göre kirpik diplerinize istediğiniz yoğunlukta uygulayın.</LI><LI>Farklı renkleri karıştırın ve dilediğiniz gibi gölgelendirin.</LI></UL>","label":"PRODUCT USAGE","type":"product_usage"},{"content":null,"label":"HOW DOES IT WORK","type":"how_does_it_work"},{"content":null,"label":"WHO IT IS FOR","type":"who_it_is_for"},{"content":null,"label":"GREAT TO KNOW","type":"great_to_know"},{"content":null,"label":"WHAT_IT_DOES","type":"what_it_does"},{"content":"Tek bir dokunuşla yoğun renk veren yapısı ve kremsi dokusuyla yepyeni bir far deneyimi yaşatıyor. All About Shadow Göz Farı, içeriğindeki yoğun pigmentler sayesinde sadece bir dokunuşla yoğun renk verirken uzun süre kalıcılık sağlıyor. All About Shadow Göz Farı'nı en farklılaştıran yanı; kendine özgü katmanlanırma özelliği ve farklı renklerin en kolay şekilde birleştirilebilmesidir. Böylece&nbsp; yoğun görünüm veren kremsi yapısı, göz kapaklarının pürüzsüz ve gerçek renklerde görünmesini sağlar.","label":"WHAT_IT_IS","type":"what_it_is"}],"objectID":"27031"},{"benefit":{"statement":null,"benefits":null},"brand":null,"collection":null,"coverage":null,"cross_sell":[{"sku_id":"7PWL05","sort_key":1},{"sku_id":"6CY401","sort_key":2},{"sku_id":"62A412","sort_key":3},{"sku_id":"7PWH1X","sort_key":4},{"sku_id":"7W5C01","sort_key":5},{"sku_id":"7NYF04","sort_key":6}],"default_category":{"id":"1598","key":"göz-fari"},"description":"Renklerden birini baz olarak kullanın, diğerini ise çerçevelemek için. Birikmeyen ve solmayan renkler. Oftalmologlar tarafından test edilmiştir ve konktakt lens kullanıcıları için uygundur. Aynalı kompakt dizaynı uygulama ipucu verir ve uygulama fırçası içerir.","display_mode":null,"display_name":"All About Shadow İkili Göz Farı","display_status":7,"finish":null,"form":null,"formula_type":null,"fragrance_family":null,"indexable_keywords":[{"value":"göz farı"},{"value":" renkli"},{"value":" far"}],"is_hazmat":false,"is_product_coming_soon":null,"is_product_displayable":true,"is_product_searchable":true,"is_product_shoppable":true,"is_product_sold_out":null,"is_product_temporarily_out_of_stock":null,"is_search_suppressed":null,"key_ingredient":null,"media":{"large":null,"medium":null,"poster":null,"small":null,"videos":[{"position":null,"poster":{"height":null,"src":null,"width":null},"provider":null,"src":null},{"position":null,"poster":{"height":null,"src":null,"width":null},"provider":null,"src":null},{"position":null,"poster":{"height":null,"src":null,"width":null},"provider":null,"src":null}],"xl":null},"meta":{"description":null,"keywords":"eye shadow, colour, sombra"},"parent_category":[{"id":"1598","value":"GÖZ FARI"},{"id":"1592","value":"MAKYAJ"}],"product_badge":null,"product_id":"27032","product_title_tag":null,"product_type":"Shaded","product_url":"/product/1598/27032/makyaj/goz-fari/all-about-shadow-ikili-goz-far","reviews":{"average_rating":null,"number_of_questions":null,"number_of_reviews":null},"shade_groups":null,"short_description":"Göz makyajını kolaylaştırmak için bir araya getirilen en ideal iki renkten oluşur. Uzun süre kalıcı, çekici renkler. Çift taraflı uygulama fırçası içerir.","skin":null,"skin_goal":null,"skus":{"total":1,"items":[{"color_family":null,"coverage_options":null,"cross_sell":null,"display_status":7,"finish":null,"finish_options":null,"fragrances":[{"family":null,"key":null,"value":null}],"iln_listing":null,"iln_version_number":null,"inventory_status":"Active","is_active":true,"is_coming_soon":null,"is_default_sku":false,"is_discountable":true,"is_displayable":null,"is_engravable":null,"is_fragrance":null,"is_giftable":null,"is_giftwrap":false,"is_inactive":null,"is_multi_shaded":null,"is_out_of_stock":null,"is_preorder":false,"is_preorderable":null,"is_promotional":null,"is_replenishable":false,"is_search_suppressed":null,"is_searchable":true,"is_shaded":null,"is_sized":null,"is_sold_out":null,"is_under_weight_hazmat":false,"is_vto_enabled":null,"life_of_product":"Basic Reorder","material_code":"7PWK230000","media":{"large":[{"alt":"All About Shadow İkili Göz Farı","height":1200,"position":1,"src":"/media/export/cms/products/1200x1500/cl_sku_7PWK23_1200x1500_0.png","type":"image","width":1500}],"medium":[{"alt":"All About Shadow İkili Göz Farı","height":600,"position":2,"src":"/media/export/cms/products/600x750/cl_sku_7PWK23_600x750_0.png","type":"image","width":750}],"model":null,"poster":null,"small":[{"alt":"All About Shadow İkili Göz Farı","height":1200,"position":3,"src":"/media/export/cms/products/1200x1500/cl_sku_7PWK23_1200x1500_0.png","type":"image","width":1500}],"smoosh":[{"alt":"All About Shadow İkili Göz Farı","height":1200,"position":0,"src":"/media/export/cms/products/1200x1500/swatches_v3/64_ns_ng.png","type":"image","width":1500}],"xl":null},"out_of_stock_threshold":null,"perlgem":{"SKU_BASE_ID":50624},"preorder_date":null,"prices":[{"currency":"TRY","exclude_tax":{"original_price":210,"original_price_formatted":"210.00 TL","price":210,"price_formatted":"210.00 TL","price_per_unit":null,"price_per_unit_formatted":""},"include_tax":{"original_price":210,"original_price_formatted":"210.00 TL","price":210,"price_formatted":"210.00 TL","price_per_unit":null,"price_per_unit_formatted":""},"is_discounted":false}],"purchase_limit":null,"replenishment":{"message":null},"reviews":{"average_rating":null,"number_of_questions":null,"number_of_reviews":null},"set_components":null,"shade_groups":null,"shades":[{"description":"","hex_val":"#d0b8bb","image":{"height":null,"src":"","width":null},"name":"Cocktail Hour","smoosh_design":{"group_id":null,"name":"64::none::none"}}],"sizes":[{"key":1,"value":null}],"skin":{"tone":null,"type":null,"type_description":null},"sku_badge":null,"sku_badge_image":null,"sku_display_order":0,"sku_id":"7PWK23","sku_promo_messaging":null,"sku_type":"SE","sku_url":null,"tags":{"total":6,"items":[{"id":"13562","key":"yeni̇-yil-makyaj","value":"YENİ YIL MAKYAJ"},{"id":"12537","key":"çok-satan-makyaj-ürünleri̇","value":"ÇOK SATAN MAKYAJ ÜRÜNLERİ"},{"id":"22734","key":"30-aninda-i̇ndi̇ri̇m","value":"%30 ANINDA İNDİRİM"},{"id":"2644","key":"alışverişi-tamamla","value":"Alışverişi Tamamla"},{"id":"1598","key":"göz-fari","value":"GÖZ FARI"},{"id":"13701","key":"online-exclusives","value":"Online Exclusives"}]},"texture":null,"undertone":null,"unit_of_measure":null,"unit_size":null,"unit_size_formatted":null,"upc":"020714587123","vto":{"is_color_experience":null,"is_foundation_experience":null}}]},"sub_display_name":null,"sub_header":null,"tags":{"total":17,"items":[{"id":"9424","key":"discovery-box","parent_tag_id":"9420","product_display_order":1,"value":"Discovery Box"},{"id":"13562","key":"yeni̇-yil-makyaj","parent_tag_id":"13561","product_display_order":23,"value":"YENİ YIL MAKYAJ"},{"id":"9423","key":"seasonal1","parent_tag_id":"9420","product_display_order":1,"value":"seasonal1"},{"id":"9427","key":"whatsnew","parent_tag_id":"9420","product_display_order":0,"value":"what'snew"},{"id":"10589","key":"offers-lp","parent_tag_id":null,"product_display_order":3,"value":"Offers LP"},{"id":"4323","key":"yeni̇-ürünler","parent_tag_id":null,"product_display_order":398,"value":"YENİ ÜRÜNLER"},{"id":"12537","key":"çok-satan-makyaj-ürünleri̇","parent_tag_id":"1592","product_display_order":2,"value":"ÇOK SATAN MAKYAJ ÜRÜNLERİ"},{"id":"22734","key":"30-aninda-i̇ndi̇ri̇m","parent_tag_id":"1590","product_display_order":0,"value":"%30 ANINDA İNDİRİM"},{"id":"2644","key":"alışverişi-tamamla","parent_tag_id":null,"product_display_order":0,"value":"Alışverişi Tamamla"},{"id":"1592","key":"makyaj","parent_tag_id":null,"product_display_order":86,"value":"MAKYAJ"},{"id":"27172","key":"day5flashsale","parent_tag_id":"1590","product_display_order":0,"value":"Day5FlashSale"},{"id":"27171","key":"day4flashsale","parent_tag_id":"1590","product_display_order":50,"value":"Day4FlashSale"},{"id":"13770","key":"recommended-clinique-favourites","parent_tag_id":null,"product_display_order":15,"value":"Recommended Clinique Favourites"},{"id":"1598","key":"göz-fari","parent_tag_id":"1592","product_display_order":1,"value":"GÖZ FARI"},{"id":"27174","key":"day7flashsale","parent_tag_id":"1590","product_display_order":0,"value":"Day7FlashSale"},{"id":"1575","key":"en-çok-satanlar","parent_tag_id":null,"product_display_order":155,"value":"En Çok Satanlar"},{"id":"13701","key":"online-exclusives","parent_tag_id":"9420","product_display_order":3,"value":"Online Exclusives"}]},"usage":[{"content":"<UL><LI>Sünger uygulama fırçasını kirpik hizasından kaş kemiğine kadar, tüm göz kapağına uygulayın. </LI><LI>Süngerli uygulama fırçasını birbirini tamamlayan renkleri dilediğiniz gibi gölgelendirme yapmak veya renkleri karıştırmak için kullanın. </LI><LI>Daha ayrıntılı uygulamalar için Clinique Fırça Koleksiyonu içerisindeki uzman ürünlerini inceleyebilirsiniz. </LI><LI>Tercih ettiğiniz Clinique makyaj temizleyicisi ile makyajınızı çıkarın.</LI></UL>","label":"PRODUCT USAGE","type":"product_usage"},{"content":null,"label":"HOW DOES IT WORK","type":"how_does_it_work"},{"content":null,"label":"WHO IT IS FOR","type":"who_it_is_for"},{"content":null,"label":"GREAT TO KNOW","type":"great_to_know"},{"content":null,"label":"WHAT_IT_DOES","type":"what_it_does"},{"content":"Renklerden birini baz olarak kullanın, diğerini ise çerçevelemek için. Birikmeyen ve solmayan renkler. Oftalmologlar tarafından test edilmiştir ve konktakt lens kullanıcıları için uygundur. Aynalı kompakt dizaynı uygulama ipucu verir ve uygulama fırçası içerir.","label":"WHAT_IT_IS","type":"what_it_is"}],"objectID":"27032"},{"benefit":{"statement":null,"benefits":null},"brand":null,"collection":null,"coverage":null,"cross_sell":[{"sku_id":"7PWGCJ","sort_key":1},{"sku_id":"75X317","sort_key":2},{"sku_id":"6LG901","sort_key":3},{"sku_id":"7PWK15","sort_key":4},{"sku_id":"7W5C02","sort_key":5},{"sku_id":"618J21","sort_key":6}],"default_category":{"id":"1598","key":"göz-fari"},"description":"Renkleri ister yalnız başına ister gölgelendirerek farklı görünümler yaratmak için kullanabilirsiniz. Birikmeyen ve solmayan renkler. Oftalmologlar tarafından test edilmiştir ve konktakt lens kullanıcıları için uygundur. Aynalı kompakt dizaynı uygulama ipucu verir ve uygulama fırçası içerir.","display_mode":null,"display_name":"All About Shadow Dörtlü Göz Farı","display_status":7,"finish":null,"form":null,"formula_type":null,"fragrance_family":null,"indexable_keywords":[{"value":"göz farı"},{"value":" renkli"},{"value":" far"}],"is_hazmat":false,"is_product_coming_soon":null,"is_product_displayable":true,"is_product_searchable":true,"is_product_shoppable":true,"is_product_sold_out":null,"is_product_temporarily_out_of_stock":null,"is_search_suppressed":null,"key_ingredient":null,"media":{"large":null,"medium":null,"poster":null,"small":null,"videos":[{"position":null,"poster":{"height":null,"src":null,"width":null},"provider":null,"src":null},{"position":null,"poster":{"height":null,"src":null,"width":null},"provider":null,"src":null},{"position":null,"poster":{"height":null,"src":null,"width":null},"provider":null,"src":null}],"xl":null},"meta":{"description":null,"keywords":"eye shadow, colour, sombra"},"parent_category":[{"id":"1598","value":"GÖZ FARI"},{"id":"1592","value":"MAKYAJ"}],"product_badge":null,"product_id":"27033","product_title_tag":null,"product_type":"Shaded","product_url":"/product/1598/27033/makyaj/goz-fari/all-about-shadow-dortlu-goz-far","reviews":{"average_rating":5,"number_of_questions":null,"number_of_reviews":4},"shade_groups":null,"short_description":"İster doğal, ister dramatik bakışlar yaratın. Uzun süre kalıcı, çekici renkler. Çift taraflı sünger uygulama fırçası içerir.","skin":null,"skin_goal":null,"skus":{"total":3,"items":[{"color_family":null,"coverage_options":null,"cross_sell":null,"display_status":7,"finish":null,"finish_options":null,"fragrances":[{"family":null,"key":null,"value":null}],"iln_listing":null,"iln_version_number":null,"inventory_status":"Active","is_active":true,"is_coming_soon":null,"is_default_sku":false,"is_discountable":true,"is_displayable":null,"is_engravable":null,"is_fragrance":null,"is_giftable":null,"is_giftwrap":false,"is_inactive":null,"is_multi_shaded":null,"is_out_of_stock":null,"is_preorder":false,"is_preorderable":null,"is_promotional":null,"is_replenishable":false,"is_search_suppressed":null,"is_searchable":true,"is_shaded":null,"is_sized":null,"is_sold_out":null,"is_under_weight_hazmat":false,"is_vto_enabled":null,"life_of_product":"Basic Reorder","material_code":"7PWL100000","media":{"large":[{"alt":"All About Shadow Dörtlü Göz Farı","height":1200,"position":1,"src":"/media/export/cms/products/1200x1500/cl_sku_7PWL10_1200x1500_0.png","type":"image","width":1500}],"medium":[{"alt":"All About Shadow Dörtlü Göz Farı","height":600,"position":2,"src":"/media/export/cms/products/600x750/cl_sku_7PWL10_600x750_0.png","type":"image","width":750}],"model":null,"poster":null,"small":[{"alt":"All About Shadow Dörtlü Göz Farı","height":1200,"position":3,"src":"/media/export/cms/products/1200x1500/cl_sku_7PWL10_1200x1500_0.png","type":"image","width":1500}],"smoosh":[{"alt":"All About Shadow Dörtlü Göz Farı","height":1200,"position":0,"src":"/media/export/cms/products/1200x1500/swatches_v3/32_ns_ng.png","type":"image","width":1500}],"xl":null},"out_of_stock_threshold":null,"perlgem":{"SKU_BASE_ID":49914},"preorder_date":null,"prices":[{"currency":"TRY","exclude_tax":{"original_price":299,"original_price_formatted":"299.00 TL","price":299,"price_formatted":"299.00 TL","price_per_unit":null,"price_per_unit_formatted":""},"include_tax":{"original_price":299,"original_price_formatted":"299.00 TL","price":299,"price_formatted":"299.00 TL","price_per_unit":null,"price_per_unit_formatted":""},"is_discounted":false}],"purchase_limit":null,"replenishment":{"message":"Never run low on your favourites. Sign up for Auto-Ship. Learn more >"},"reviews":{"average_rating":null,"number_of_questions":null,"number_of_reviews":null},"set_components":null,"shade_groups":null,"shades":[{"description":"","hex_val":"#643d67","image":{"height":null,"src":"","width":null},"name":"Going Steady","smoosh_design":{"group_id":null,"name":"32::none::none"}}],"sizes":[{"key":1,"value":null}],"skin":{"tone":null,"type":null,"type_description":null},"sku_badge":null,"sku_badge_image":null,"sku_display_order":0,"sku_id":"7PWL10","sku_promo_messaging":null,"sku_type":"SE","sku_url":null,"tags":{"total":15,"items":[{"id":"10589","key":"offers-lp","value":"Offers LP"},{"id":"13561","key":"yeni̇-yil-buti̇ği̇","value":"YENİ YIL BUTİĞİ"},{"id":"9423","key":"seasonal1","value":"seasonal1"},{"id":"1602","key":"hedi̇yeler-setler","value":"HEDİYELER & SETLER"},{"id":"12537","key":"çok-satan-makyaj-ürünleri̇","value":"ÇOK SATAN MAKYAJ ÜRÜNLERİ"},{"id":"4323","key":"yeni̇-ürünler","value":"YENİ ÜRÜNLER"},{"id":"9427","key":"whatsnew","value":"what'snew"},{"id":"1575","key":"en-çok-satanlar","value":"En Çok Satanlar"},{"id":"13701","key":"online-exclusives","value":"Online Exclusives"},{"id":"13562","key":"yeni̇-yil-makyaj","value":"YENİ YIL MAKYAJ"},{"id":"1598","key":"göz-fari","value":"GÖZ FARI"},{"id":"16422","key":"gifts","value":"Gifts"},{"id":"22734","key":"30-aninda-i̇ndi̇ri̇m","value":"%30 ANINDA İNDİRİM"},{"id":"13770","key":"recommended-clinique-favourites","value":"Recommended Clinique Favourites"},{"id":"9424","key":"discovery-box","value":"Discovery Box"}]},"texture":null,"undertone":null,"unit_of_measure":null,"unit_size":null,"unit_size_formatted":null,"upc":"020714587390","vto":{"is_color_experience":null,"is_foundation_experience":null}},{"color_family":null,"coverage_options":null,"cross_sell":null,"display_status":7,"finish":null,"finish_options":null,"fragrances":[{"family":null,"key":null,"value":null}],"iln_listing":null,"iln_version_number":null,"inventory_status":"Active","is_active":true,"is_coming_soon":null,"is_default_sku":false,"is_discountable":true,"is_displayable":null,"is_engravable":null,"is_fragrance":null,"is_giftable":null,"is_giftwrap":false,"is_inactive":null,"is_multi_shaded":null,"is_out_of_stock":null,"is_preorder":false,"is_preorderable":null,"is_promotional":null,"is_replenishable":true,"is_search_suppressed":null,"is_searchable":true,"is_shaded":null,"is_sized":null,"is_sold_out":null,"is_under_weight_hazmat":false,"is_vto_enabled":null,"life_of_product":"Basic Reorder","material_code":"7PWL110000","media":{"large":[{"alt":"All About Shadow Dörtlü Göz Farı","height":1200,"position":1,"src":"/media/export/cms/products/1200x1500/cl_sku_7PWL11_1200x1500_0.png","type":"image","width":1500}],"medium":[{"alt":"All About Shadow Dörtlü Göz Farı","height":600,"position":2,"src":"/media/export/cms/products/600x750/cl_sku_7PWL11_600x750_0.png","type":"image","width":750}],"model":null,"poster":null,"small":[{"alt":"All About Shadow Dörtlü Göz Farı","height":1200,"position":3,"src":"/media/export/cms/products/1200x1500/cl_sku_7PWL11_1200x1500_0.png","type":"image","width":1500}],"smoosh":[{"alt":"All About Shadow Dörtlü Göz Farı","height":1200,"position":0,"src":"/media/export/cms/products/1200x1500/swatches_v3/32_ns_ng.png","type":"image","width":1500}],"xl":null},"out_of_stock_threshold":null,"perlgem":{"SKU_BASE_ID":49915},"preorder_date":null,"prices":[{"currency":"TRY","exclude_tax":{"original_price":299,"original_price_formatted":"299.00 TL","price":299,"price_formatted":"299.00 TL","price_per_unit":null,"price_per_unit_formatted":""},"include_tax":{"original_price":299,"original_price_formatted":"299.00 TL","price":299,"price_formatted":"299.00 TL","price_per_unit":null,"price_per_unit_formatted":""},"is_discounted":false}],"purchase_limit":null,"replenishment":{"message":"Never run low on your favourites. Sign up for Auto-Ship. Learn more >"},"reviews":{"average_rating":null,"number_of_questions":null,"number_of_reviews":null},"set_components":null,"shade_groups":null,"shades":[{"description":"","hex_val":"#0d3d5c","image":{"height":null,"src":"","width":null},"name":"Galaxy","smoosh_design":{"group_id":null,"name":"32::none::none"}}],"sizes":[{"key":1,"value":null}],"skin":{"tone":null,"type":null,"type_description":null},"sku_badge":null,"sku_badge_image":null,"sku_display_order":0,"sku_id":"7PWL11","sku_promo_messaging":null,"sku_type":"SE","sku_url":null,"tags":{"total":14,"items":[{"id":"10589","key":"offers-lp","value":"Offers LP"},{"id":"9423","key":"seasonal1","value":"seasonal1"},{"id":"1602","key":"hedi̇yeler-setler","value":"HEDİYELER & SETLER"},{"id":"12537","key":"çok-satan-makyaj-ürünleri̇","value":"ÇOK SATAN MAKYAJ ÜRÜNLERİ"},{"id":"4323","key":"yeni̇-ürünler","value":"YENİ ÜRÜNLER"},{"id":"9427","key":"whatsnew","value":"what'snew"},{"id":"1575","key":"en-çok-satanlar","value":"En Çok Satanlar"},{"id":"13701","key":"online-exclusives","value":"Online Exclusives"},{"id":"13562","key":"yeni̇-yil-makyaj","value":"YENİ YIL MAKYAJ"},{"id":"1598","key":"göz-fari","value":"GÖZ FARI"},{"id":"16422","key":"gifts","value":"Gifts"},{"id":"22734","key":"30-aninda-i̇ndi̇ri̇m","value":"%30 ANINDA İNDİRİM"},{"id":"13770","key":"recommended-clinique-favourites","value":"Recommended Clinique Favourites"},{"id":"9424","key":"discovery-box","value":"Discovery Box"}]},"texture":null,"undertone":null,"unit_of_measure":null,"unit_size":null,"unit_size_formatted":null,"upc":"020714587406","vto":{"is_color_experience":null,"is_foundation_experience":null}},{"color_family":null,"coverage_options":null,"cross_sell":null,"display_status":7,"finish":null,"finish_options":null,"fragrances":[{"family":null,"key":null,"value":null}],"iln_listing":null,"iln_version_number":null,"inventory_status":"Active","is_active":true,"is_coming_soon":null,"is_default_sku":false,"is_discountable":true,"is_displayable":null,"is_engravable":null,"is_fragrance":null,"is_giftable":null,"is_giftwrap":false,"is_inactive":null,"is_multi_shaded":null,"is_out_of_stock":null,"is_preorder":false,"is_preorderable":null,"is_promotional":null,"is_replenishable":false,"is_search_suppressed":null,"is_searchable":true,"is_shaded":null,"is_sized":null,"is_sold_out":null,"is_under_weight_hazmat":false,"is_vto_enabled":null,"life_of_product":"Basic Reorder","material_code":"7PWL060000","media":{"large":[{"alt":"All About Shadow Dörtlü Göz Farı","height":1200,"position":1,"src":"/media/export/cms/products/1200x1500/cl_sku_7PWL06_1200x1500_0.png","type":"image","width":1500}],"medium":[{"alt":"All About Shadow Dörtlü Göz Farı","height":600,"position":2,"src":"/media/export/cms/products/600x750/cl_sku_7PWL06_600x750_0.png","type":"image","width":750}],"model":null,"poster":null,"small":[{"alt":"All About Shadow Dörtlü Göz Farı","height":1200,"position":3,"src":"/media/export/cms/products/1200x1500/cl_sku_7PWL06_1200x1500_0.png","type":"image","width":1500}],"smoosh":[{"alt":"All About Shadow Dörtlü Göz Farı","height":1200,"position":0,"src":"/media/export/cms/products/1200x1500/swatches_v3/32_ns_ng.png","type":"image","width":1500}],"xl":null},"out_of_stock_threshold":null,"perlgem":{"SKU_BASE_ID":49910},"preorder_date":null,"prices":[{"currency":"TRY","exclude_tax":{"original_price":299,"original_price_formatted":"299.00 TL","price":299,"price_formatted":"299.00 TL","price_per_unit":null,"price_per_unit_formatted":""},"include_tax":{"original_price":299,"original_price_formatted":"299.00 TL","price":299,"price_formatted":"299.00 TL","price_per_unit":null,"price_per_unit_formatted":""},"is_discounted":false}],"purchase_limit":null,"replenishment":{"message":"Never run low on your favourites. Sign up for Auto-Ship. Learn more >"},"reviews":{"average_rating":null,"number_of_questions":null,"number_of_reviews":null},"set_components":null,"shade_groups":null,"shades":[{"description":"","hex_val":"#8d5649","image":{"height":null,"src":"","width":null},"name":"Pink Chocolate","smoosh_design":{"group_id":null,"name":"32::none::none"}}],"sizes":[{"key":1,"value":null}],"skin":{"tone":null,"type":null,"type_description":null},"sku_badge":null,"sku_badge_image":null,"sku_display_order":0,"sku_id":"7PWL06","sku_promo_messaging":null,"sku_type":"SE","sku_url":null,"tags":{"total":1,"items":[{"id":"1598","key":"göz-fari","value":"GÖZ FARI"}]},"texture":null,"undertone":null,"unit_of_measure":null,"unit_size":null,"unit_size_formatted":null,"upc":"020714587352","vto":{"is_color_experience":null,"is_foundation_experience":null}}]},"sub_display_name":null,"sub_header":null,"tags":{"total":15,"items":[{"id":"10589","key":"offers-lp","parent_tag_id":null,"product_display_order":4,"value":"Offers LP"},{"id":"13561","key":"yeni̇-yil-buti̇ği̇","parent_tag_id":null,"product_display_order":1,"value":"YENİ YIL BUTİĞİ"},{"id":"9423","key":"seasonal1","parent_tag_id":"9420","product_display_order":1,"value":"seasonal1"},{"id":"1602","key":"hedi̇yeler-setler","parent_tag_id":"1600","product_display_order":0,"value":"HEDİYELER & SETLER"},{"id":"12537","key":"çok-satan-makyaj-ürünleri̇","parent_tag_id":"1592","product_display_order":0,"value":"ÇOK SATAN MAKYAJ ÜRÜNLERİ"},{"id":"4323","key":"yeni̇-ürünler","parent_tag_id":null,"product_display_order":399,"value":"YENİ ÜRÜNLER"},{"id":"9427","key":"whatsnew","parent_tag_id":"9420","product_display_order":0,"value":"what'snew"},{"id":"1575","key":"en-çok-satanlar","parent_tag_id":null,"product_display_order":72,"value":"En Çok Satanlar"},{"id":"13701","key":"online-exclusives","parent_tag_id":"9420","product_display_order":4,"value":"Online Exclusives"},{"id":"13562","key":"yeni̇-yil-makyaj","parent_tag_id":"13561","product_display_order":37,"value":"YENİ YIL MAKYAJ"},{"id":"1598","key":"göz-fari","parent_tag_id":"1592","product_display_order":2,"value":"GÖZ FARI"},{"id":"16422","key":"gifts","parent_tag_id":"1585","product_display_order":0,"value":"Gifts"},{"id":"22734","key":"30-aninda-i̇ndi̇ri̇m","parent_tag_id":"1590","product_display_order":0,"value":"%30 ANINDA İNDİRİM"},{"id":"13770","key":"recommended-clinique-favourites","parent_tag_id":null,"product_display_order":3,"value":"Recommended Clinique Favourites"},{"id":"9424","key":"discovery-box","parent_tag_id":"9420","product_display_order":0,"value":"Discovery Box"}]},"usage":[{"content":"<UL><LI>Sünger uygulama fırçasını kirpik hizasından kaş kemiğine kadar, tüm göz kapağına uygulayın.</LI><LI>Süngerli uygulama fırçasını birbirini tamamlayan renkleri dilediğiniz gibi gölgelendirme yapmak veya renkleri karıştırmak için kullanın.</LI><LI>Daha ayrıntılı uygulamalar için Clinique Fırça Koleksiyonu içerisindeki uzman ürünlerini inceleyebilirsiniz.</LI><LI>Tercih ettiğiniz Clinique makyaj temizleyicisi ile makyajınızı çıkarın.</LI></UL>","label":"PRODUCT USAGE","type":"product_usage"},{"content":null,"label":"HOW DOES IT WORK","type":"how_does_it_work"},{"content":null,"label":"WHO IT IS FOR","type":"who_it_is_for"},{"content":null,"label":"GREAT TO KNOW","type":"great_to_know"},{"content":null,"label":"WHAT_IT_DOES","type":"what_it_does"},{"content":"Renkleri ister yalnız başına ister gölgelendirerek farklı görünümler yaratmak için kullanabilirsiniz. Birikmeyen ve solmayan renkler. Oftalmologlar tarafından test edilmiştir ve konktakt lens kullanıcıları için uygundur. Aynalı kompakt dizaynı uygulama ipucu verir ve uygulama fırçası içerir.","label":"WHAT_IT_IS","type":"what_it_is"}],"objectID":"27033"},{"benefit":{"statement":null,"benefits":null},"brand":null,"collection":null,"coverage":null,"cross_sell":[{"sku_id":"7WL801","sort_key":1},{"sku_id":"6TCR01","sort_key":2},{"sku_id":"7KXN01","sort_key":3},{"sku_id":"65EM01","sort_key":4},{"sku_id":"Z21901","sort_key":5},{"sku_id":"7ELF01","sort_key":6}],"default_category":{"id":"23296","key":"yüz-ci̇lt-temi̇zleyi̇ci̇"},"description":"<P>Derinlemesine ve hassas temizlik sağlayan temizleme jeli, kuru ve normal ciltler için uygundur. Cildi kurutmadan canlı ve rahat bir his yaratmaya yardımcı olur. Cildi rahat bir tıraşa hazırlamaya katkıda bulunur.</P><P>&nbsp;Yağı ve kiri temizleyen nazik temizleyici içerikler ile cildi kurutmadan derinlemesine temizlemeye, cildi rahatlatmaya yardımcı olur<BR>- Aloe ve Sükroz gibi anti-irritanlar ile cildi yatıştırmayı, pürüzsüzleştirmeyi destekler.<BR>- Kolayca durulanır.</P>","display_mode":null,"display_name":"Clinique for Men Yüz Temizleme Jeli","display_status":7,"finish":null,"form":null,"formula_type":null,"fragrance_family":null,"indexable_keywords":[{"value":"3-step"},{"value":" cleanse"}],"is_hazmat":false,"is_product_coming_soon":null,"is_product_displayable":true,"is_product_searchable":true,"is_product_shoppable":true,"is_product_sold_out":null,"is_product_temporarily_out_of_stock":null,"is_search_suppressed":null,"key_ingredient":null,"media":{"large":null,"medium":null,"poster":null,"small":null,"videos":[{"position":null,"poster":{"height":null,"src":null,"width":null},"provider":null,"src":null},{"position":null,"poster":{"height":null,"src":null,"width":null},"provider":null,"src":null},{"position":null,"poster":{"height":null,"src":null,"width":null},"provider":null,"src":null}],"xl":null},"meta":{"description":null,"keywords":"3-step, cleanse, ssfm, skin supplies for men"},"parent_category":[{"id":"23296","value":"YÜZ & CİLT TEMİZLEYİCİ"},{"id":"1667","value":"CİLT BAKIMI"}],"product_badge":null,"product_id":"29404","product_title_tag":null,"product_type":"Other","product_url":"/product/23296/29404/cilt-bakimi/yuz-cilt-temizleyici/clinique-for-men-yuz-temizleme-jeli","reviews":{"average_rating":null,"number_of_questions":null,"number_of_reviews":null},"shade_groups":null,"short_description":"Derinlemesine ve hassas temizlik sağlayan temizleme jeli, kuru ve normal ciltler için uygundur.","skin":null,"skin_goal":null,"skus":{"total":1,"items":[{"color_family":null,"coverage_options":null,"cross_sell":null,"display_status":7,"finish":null,"finish_options":null,"fragrances":[{"family":null,"key":null,"value":null}],"iln_listing":null,"iln_version_number":null,"inventory_status":"Active","is_active":true,"is_coming_soon":null,"is_default_sku":false,"is_discountable":true,"is_displayable":null,"is_engravable":null,"is_fragrance":null,"is_giftable":null,"is_giftwrap":false,"is_inactive":null,"is_multi_shaded":null,"is_out_of_stock":null,"is_preorder":false,"is_preorderable":null,"is_promotional":null,"is_replenishable":false,"is_search_suppressed":null,"is_searchable":true,"is_shaded":null,"is_sized":null,"is_sold_out":null,"is_under_weight_hazmat":false,"is_vto_enabled":null,"life_of_product":"Basic Reorder","material_code":"Z4KH010001","media":{"large":[{"alt":"Clinique for Men Yüz Temizleme Jeli","height":1200,"position":0,"src":"/media/export/cms/products/1200x1500/cl_sku_Z4KH01_1200x1500_0.png","type":"image","width":1500}],"medium":[{"alt":"Clinique for Men Yüz Temizleme Jeli","height":600,"position":1,"src":"/media/export/cms/products/600x750/cl_sku_Z4KH01_600x750_0.png","type":"image","width":750}],"model":null,"poster":null,"small":[{"alt":"Clinique for Men Yüz Temizleme Jeli","height":1200,"position":2,"src":"/media/export/cms/products/1200x1500/cl_sku_Z4KH01_1200x1500_0.png","type":"image","width":1500}],"smoosh":null,"xl":null},"out_of_stock_threshold":null,"perlgem":{"SKU_BASE_ID":53502},"preorder_date":null,"prices":[{"currency":"TRY","exclude_tax":{"original_price":215,"original_price_formatted":"215.00 TL","price":215,"price_formatted":"215.00 TL","price_per_unit":null,"price_per_unit_formatted":""},"include_tax":{"original_price":215,"original_price_formatted":"215.00 TL","price":215,"price_formatted":"215.00 TL","price_per_unit":null,"price_per_unit_formatted":""},"is_discounted":false}],"purchase_limit":null,"replenishment":{"message":"Recommended Auto-Ship cycle: 8 weeks  Learn more >"},"reviews":{"average_rating":null,"number_of_questions":null,"number_of_reviews":null},"set_components":null,"shade_groups":null,"shades":null,"sizes":[{"key":1,"value":"200 ml"}],"skin":{"tone":null,"type":null,"type_description":null},"sku_badge":null,"sku_badge_image":null,"sku_display_order":1,"sku_id":"Z4KH01","sku_promo_messaging":null,"sku_type":"SE","sku_url":null,"tags":{"total":23,"items":[{"id":"13561","key":"yeni̇-yil-buti̇ği̇","value":"YENİ YIL BUTİĞİ"},{"id":"4323","key":"yeni̇-ürünler","value":"YENİ ÜRÜNLER"},{"id":"1624","key":"tiraş-temi̇zleme","value":"TIRAŞ & TEMİZLEME"},{"id":"27174","key":"day7flashsale","value":"Day7FlashSale"},{"id":"27168","key":"day1flashsale","value":"Day1FlashSale"},{"id":"13565","key":"yeni̇-yil-erkek-bakimi","value":"YENİ YIL ERKEK BAKIMI"},{"id":"24180","key":"tamamlayici-ürünler","value":"TAMAMLAYICI ÜRÜNLER"},{"id":"12824","key":"özel-bakim","value":"ÖZEL BAKIM"},{"id":"1612","key":"arındırma","value":"Arındırma"},{"id":"12950","key":"çok-satan-erkek-bakim-tiraş-ürünleri̇","value":"ÇOK SATAN ERKEK BAKIM & TIRAŞ ÜRÜNLERİ"},{"id":"10589","key":"offers-lp","value":"Offers LP"},{"id":"1609","key":"erkek-ci̇lt-bakimi-traş","value":"ERKEK CİLT BAKIMI & TRAŞ"},{"id":"1626","key":"ci̇lt-bakimi","value":"CİLT BAKIMI"},{"id":"9423","key":"seasonal1","value":"seasonal1"},{"id":"1611","key":"temizleme","value":"Temizleme"},{"id":"1610","key":"3-adımlı-cilt-bakım-sistemi","value":"3 Adımlı Cilt Bakım Sistemi "},{"id":"2669","key":"hedi̇yeler-setler","value":"HEDİYELER & SETLER"},{"id":"1625","key":"cilt-bakım","value":"Cilt Bakım"},{"id":"1575","key":"en-çok-satanlar","value":"En Çok Satanlar"},{"id":"27172","key":"day5flashsale","value":"Day5FlashSale"},{"id":"1613","key":"3-adımlı-cilt-bakım-sistemi","value":"3 Adımlı Cilt Bakım Sistemi"},{"id":"23296","key":"yüz-ci̇lt-temi̇zleyi̇ci̇","value":"YÜZ & CİLT TEMİZLEYİCİ"},{"id":"1619","key":"hedi̇yeler-setler","value":"HEDİYELER & SETLER"}]},"texture":null,"undertone":null,"unit_of_measure":null,"unit_size":null,"unit_size_formatted":null,"upc":"020714672072","vto":{"is_color_experience":null,"is_foundation_experience":null}}]},"sub_display_name":null,"sub_header":null,"tags":{"total":23,"items":[{"id":"13561","key":"yeni̇-yil-buti̇ği̇","parent_tag_id":null,"product_display_order":0,"value":"YENİ YIL BUTİĞİ"},{"id":"4323","key":"yeni̇-ürünler","parent_tag_id":null,"product_display_order":341,"value":"YENİ ÜRÜNLER"},{"id":"1624","key":"tiraş-temi̇zleme","parent_tag_id":"1623","product_display_order":5,"value":"TIRAŞ & TEMİZLEME"},{"id":"27174","key":"day7flashsale","parent_tag_id":"1590","product_display_order":0,"value":"Day7FlashSale"},{"id":"27168","key":"day1flashsale","parent_tag_id":"1590","product_display_order":0,"value":"Day1FlashSale"},{"id":"13565","key":"yeni̇-yil-erkek-bakimi","parent_tag_id":"13561","product_display_order":0,"value":"YENİ YIL ERKEK BAKIMI"},{"id":"24180","key":"tamamlayici-ürünler","parent_tag_id":"1667","product_display_order":0,"value":"TAMAMLAYICI ÜRÜNLER"},{"id":"12824","key":"özel-bakim","parent_tag_id":"1625","product_display_order":0,"value":"ÖZEL BAKIM"},{"id":"1612","key":"arındırma","parent_tag_id":"1610","product_display_order":0,"value":"Arındırma"},{"id":"12950","key":"çok-satan-erkek-bakim-tiraş-ürünleri̇","parent_tag_id":"1609","product_display_order":1,"value":"ÇOK SATAN ERKEK BAKIM & TIRAŞ ÜRÜNLERİ"},{"id":"10589","key":"offers-lp","parent_tag_id":null,"product_display_order":6,"value":"Offers LP"},{"id":"1609","key":"erkek-ci̇lt-bakimi-traş","parent_tag_id":null,"product_display_order":30,"value":"ERKEK CİLT BAKIMI & TRAŞ"},{"id":"1626","key":"ci̇lt-bakimi","parent_tag_id":"1625","product_display_order":0,"value":"CİLT BAKIMI"},{"id":"9423","key":"seasonal1","parent_tag_id":"9420","product_display_order":1,"value":"seasonal1"},{"id":"1611","key":"temizleme","parent_tag_id":"1610","product_display_order":0,"value":"Temizleme"},{"id":"1610","key":"3-adımlı-cilt-bakım-sistemi","parent_tag_id":"1609","product_display_order":0,"value":"3 Adımlı Cilt Bakım Sistemi "},{"id":"2669","key":"hedi̇yeler-setler","parent_tag_id":"1570","product_display_order":0,"value":"HEDİYELER & SETLER"},{"id":"1625","key":"cilt-bakım","parent_tag_id":"1609","product_display_order":0,"value":"Cilt Bakım"},{"id":"1575","key":"en-çok-satanlar","parent_tag_id":null,"product_display_order":41,"value":"En Çok Satanlar"},{"id":"27172","key":"day5flashsale","parent_tag_id":"1590","product_display_order":164,"value":"Day5FlashSale"},{"id":"1613","key":"3-adımlı-cilt-bakım-sistemi","parent_tag_id":"1610","product_display_order":0,"value":"3 Adımlı Cilt Bakım Sistemi"},{"id":"23296","key":"yüz-ci̇lt-temi̇zleyi̇ci̇","parent_tag_id":"1667","product_display_order":1,"value":"YÜZ & CİLT TEMİZLEYİCİ"},{"id":"1619","key":"hedi̇yeler-setler","parent_tag_id":"1618","product_display_order":0,"value":"HEDİYELER & SETLER"}]},"usage":[{"content":"• Kiri ve cilt yüzeyindeki fazla yağı temizlemek için ıslak cildinize köpürterek uygulayın. Aynı zamanda sakalın daha yumuşak uzamasını sağlar.<br>• İyice yıkayın ve havlu ile kurulayın. Sabahları, tıraş rutininiz ile devam edin. <br>• Harika bir cilt için Clinique For Men Arındırıcı Losyonları ve Nemlendiricileri ile devam edin. <br>","label":"PRODUCT USAGE","type":"product_usage"},{"content":null,"label":"HOW DOES IT WORK","type":"how_does_it_work"},{"content":null,"label":"WHO IT IS FOR","type":"who_it_is_for"},{"content":null,"label":"GREAT TO KNOW","type":"great_to_know"},{"content":null,"label":"WHAT_IT_DOES","type":"what_it_does"},{"content":"<P>Derinlemesine ve hassas temizlik sağlayan temizleme jeli, kuru ve normal ciltler için uygundur. Cildi kurutmadan canlı ve rahat bir his yaratmaya yardımcı olur. Cildi rahat bir tıraşa hazırlamaya katkıda bulunur.</P><P>&nbsp;Yağı ve kiri temizleyen nazik temizleyici içerikler ile cildi kurutmadan derinlemesine temizlemeye, cildi rahatlatmaya yardımcı olur<BR>- Aloe ve Sükroz gibi anti-irritanlar ile cildi yatıştırmayı, pürüzsüzleştirmeyi destekler.<BR>- Kolayca durulanır.</P>","label":"WHAT_IT_IS","type":"what_it_is"}],"objectID":"29404"},{"benefit":{"statement":null,"benefits":null},"brand":null,"collection":null,"coverage":null,"cross_sell":[{"sku_id":"6TCR01","sort_key":1},{"sku_id":"7KXN01","sort_key":2},{"sku_id":"7ELF01","sort_key":3},{"sku_id":"Z4KH01","sort_key":4},{"sku_id":"65EM01","sort_key":5},{"sku_id":"Z21901","sort_key":6}],"default_category":{"id":"1687","key":"yüz-nemlendi̇ri̇ci̇"},"description":"<b>Nedir?</b><br>Çizgi, kırışık ve donuk cilt görünümünü ile savaşmaya ve daha genç bir görünüm sağlamaya yardımcı olur.<br><br><b>Ne İşe Yarar?</b><br>Gün boyu nemlendirme sağlayan formül; çizgi, kırışık ve donuk cilt görünümünü ile savaşmaya ve daha genç bir görünüm sağlamaya yardımcı olur. Cilt tarafından kolayca emilimini destekler.<br><br><b>Nasıl Kullanılır?</b><ul><li>Günde iki defa sabah ve akşam olmak üzere kullanılır.</li><li>Göz çevresinden kaçınarak yüz ve boyun çevresine uygulanır. </li></ul>","display_mode":null,"display_name":"Clinique for Men Erkek Yaşlanma Karşıtı Nemlendirici","display_status":7,"finish":null,"form":null,"formula_type":null,"fragrance_family":null,"indexable_keywords":null,"is_hazmat":false,"is_product_coming_soon":null,"is_product_displayable":true,"is_product_searchable":true,"is_product_shoppable":true,"is_product_sold_out":null,"is_product_temporarily_out_of_stock":null,"is_search_suppressed":null,"key_ingredient":null,"media":{"large":null,"medium":null,"poster":null,"small":null,"videos":[{"position":null,"poster":{"height":null,"src":null,"width":null},"provider":null,"src":null},{"position":null,"poster":{"height":null,"src":null,"width":null},"provider":null,"src":null},{"position":null,"poster":{"height":null,"src":null,"width":null},"provider":null,"src":null}],"xl":null},"meta":{"description":null,"keywords":"ssfm, skin supplies for men"},"parent_category":[{"id":"1687","value":"YÜZ NEMLENDİRİCİ"},{"id":"1667","value":"CİLT BAKIMI"}],"product_badge":null,"product_id":"29405","product_title_tag":null,"product_type":"Other","product_url":"/product/1687/29405/cilt-bakimi/yuz-nemlendirici/clinique-for-men-erkek-yaslanma-karst-nemlendirici","reviews":{"average_rating":null,"number_of_questions":null,"number_of_reviews":null},"shade_groups":null,"short_description":"Çizgi, kırışık ve donuk cilt görünümünü ile savaşmaya ve daha genç bir görünüm sağlamaya yardımcı olur.","skin":null,"skin_goal":null,"skus":{"total":1,"items":[{"color_family":null,"coverage_options":null,"cross_sell":null,"display_status":7,"finish":null,"finish_options":null,"fragrances":[{"family":null,"key":null,"value":null}],"iln_listing":null,"iln_version_number":null,"inventory_status":"Active","is_active":true,"is_coming_soon":null,"is_default_sku":false,"is_discountable":true,"is_displayable":null,"is_engravable":null,"is_fragrance":null,"is_giftable":null,"is_giftwrap":false,"is_inactive":null,"is_multi_shaded":null,"is_out_of_stock":null,"is_preorder":false,"is_preorderable":null,"is_promotional":null,"is_replenishable":false,"is_search_suppressed":null,"is_searchable":true,"is_shaded":null,"is_sized":null,"is_sold_out":null,"is_under_weight_hazmat":false,"is_vto_enabled":null,"life_of_product":"Basic Reorder","material_code":"V12F010000","media":{"large":[{"alt":"Clinique for Men Erkek Yaşlanma Karşıtı Nemlendirici","height":1200,"position":0,"src":"/media/export/cms/products/1200x1500/cl_sku_V12F01_1200x1500_0.png","type":"image","width":1500}],"medium":[{"alt":"Clinique for Men Erkek Yaşlanma Karşıtı Nemlendirici","height":600,"position":1,"src":"/media/export/cms/products/600x750/cl_sku_V12F01_600x750_0.png","type":"image","width":750}],"model":null,"poster":null,"small":[{"alt":"Clinique for Men Erkek Yaşlanma Karşıtı Nemlendirici","height":1200,"position":2,"src":"/media/export/cms/products/1200x1500/cl_sku_V12F01_1200x1500_0.png","type":"image","width":1500}],"smoosh":null,"xl":null},"out_of_stock_threshold":null,"perlgem":{"SKU_BASE_ID":124389},"preorder_date":null,"prices":[{"currency":"TRY","exclude_tax":{"original_price":309,"original_price_formatted":"309.00 TL","price":309,"price_formatted":"309.00 TL","price_per_unit":null,"price_per_unit_formatted":""},"include_tax":{"original_price":309,"original_price_formatted":"309.00 TL","price":309,"price_formatted":"309.00 TL","price_per_unit":null,"price_per_unit_formatted":""},"is_discounted":false}],"purchase_limit":null,"replenishment":{"message":null},"reviews":{"average_rating":null,"number_of_questions":null,"number_of_reviews":null},"set_components":null,"shade_groups":null,"shades":null,"sizes":[{"key":1,"value":"100ML/3.4FLOZ"}],"skin":{"tone":null,"type":null,"type_description":null},"sku_badge":null,"sku_badge_image":null,"sku_display_order":0,"sku_id":"V12F01","sku_promo_messaging":null,"sku_type":"SE","sku_url":null,"tags":{"total":1,"items":[{"id":"1687","key":"yüz-nemlendi̇ri̇ci̇","value":"YÜZ NEMLENDİRİCİ"}]},"texture":null,"undertone":null,"unit_of_measure":null,"unit_size":null,"unit_size_formatted":null,"upc":"192333099773","vto":{"is_color_experience":null,"is_foundation_experience":null}}]},"sub_display_name":null,"sub_header":null,"tags":{"total":19,"items":[{"id":"1621","key":"erkek-özel-cilt-bakımı","parent_tag_id":"1620","product_display_order":0,"value":"Erkek Özel Cilt Bakımı"},{"id":"1687","key":"yüz-nemlendi̇ri̇ci̇","parent_tag_id":"1667","product_display_order":138,"value":"YÜZ NEMLENDİRİCİ"},{"id":"13565","key":"yeni̇-yil-erkek-bakimi","parent_tag_id":"13561","product_display_order":0,"value":"YENİ YIL ERKEK BAKIMI"},{"id":"1609","key":"erkek-ci̇lt-bakimi-traş","parent_tag_id":null,"product_display_order":21,"value":"ERKEK CİLT BAKIMI & TRAŞ"},{"id":"1610","key":"3-adımlı-cilt-bakım-sistemi","parent_tag_id":"1609","product_display_order":0,"value":"3 Adımlı Cilt Bakım Sistemi "},{"id":"9423","key":"seasonal1","parent_tag_id":"9420","product_display_order":1,"value":"seasonal1"},{"id":"4034","key":"yüz-serumlari","parent_tag_id":"1667","product_display_order":0,"value":"YÜZ SERUMLARI"},{"id":"12943","key":"anti-aging-kirişiklik-karşiti","parent_tag_id":"1625","product_display_order":0,"value":"ANTI AGING & KIRIŞIKLIK KARŞITI"},{"id":"1667","key":"ci̇lt-bakimi","parent_tag_id":null,"product_display_order":2,"value":"CİLT BAKIMI"},{"id":"4323","key":"yeni̇-ürünler","parent_tag_id":null,"product_display_order":348,"value":"YENİ ÜRÜNLER"},{"id":"1626","key":"ci̇lt-bakimi","parent_tag_id":"1625","product_display_order":0,"value":"CİLT BAKIMI"},{"id":"27172","key":"day5flashsale","parent_tag_id":"1590","product_display_order":169,"value":"Day5FlashSale"},{"id":"1611","key":"temizleme","parent_tag_id":"1610","product_display_order":1,"value":"Temizleme"},{"id":"27174","key":"day7flashsale","parent_tag_id":"1590","product_display_order":0,"value":"Day7FlashSale"},{"id":"10589","key":"offers-lp","parent_tag_id":null,"product_display_order":8,"value":"Offers LP"},{"id":"1625","key":"cilt-bakım","parent_tag_id":"1609","product_display_order":0,"value":"Cilt Bakım"},{"id":"1619","key":"hedi̇yeler-setler","parent_tag_id":"1618","product_display_order":0,"value":"HEDİYELER & SETLER"},{"id":"12950","key":"çok-satan-erkek-bakim-tiraş-ürünleri̇","parent_tag_id":"1609","product_display_order":0,"value":"ÇOK SATAN ERKEK BAKIM & TIRAŞ ÜRÜNLERİ"},{"id":"27168","key":"day1flashsale","parent_tag_id":"1590","product_display_order":0,"value":"Day1FlashSale"}]},"usage":[{"content":"<ul><li>Günde iki defa sabah ve akşam olmak üzere kullanılır.</li><li>Göz çevresinden kaçınarak yüz ve boyun çevresine uygulanır.</li></ul>","label":"PRODUCT USAGE","type":"product_usage"},{"content":null,"label":"HOW DOES IT WORK","type":"how_does_it_work"},{"content":null,"label":"WHO IT IS FOR","type":"who_it_is_for"},{"content":null,"label":"GREAT TO KNOW","type":"great_to_know"},{"content":null,"label":"WHAT_IT_DOES","type":"what_it_does"},{"content":"<P>Gün boyu nemlendirme sağlayan formül; çizgi, kırışık ve donuk cilt görünümünü ile savaşmaya ve daha genç bir görünüm sağlamaya yardımcı olur. Cildi güçlendirme ve sıkılaştırmaya katkıda bulunur. Cilt tarafından kolayca emilimini destekler.</P><P><BR>- E Vitamini, Kafein ve Sükroz gibi güçlü anti-oksidanlar ve yatıştırıcı anti-irritan içerikler ile cildi yatıştırmaya yardımcı olur <BR>- Sodyum Hiyalüronat, Gliserin ve Zeytin Skualeni ile cildi nemlendirmeye katkıda bulunur.</P>","label":"WHAT_IT_IS","type":"what_it_is"}],"objectID":"29405"},{"benefit":{"statement":null,"benefits":null},"brand":null,"collection":null,"coverage":null,"cross_sell":[{"sku_id":"6TCR01","sort_key":1},{"sku_id":"7KXN01","sort_key":2},{"sku_id":"67FF01","sort_key":3},{"sku_id":"Z4KJ01","sort_key":4},{"sku_id":"65EN01","sort_key":5},{"sku_id":"Z21901","sort_key":6}],"default_category":{"id":"1626","key":"ci̇lt-bakimi"},"description":"Hafif ve yağsız formülüyle cildin nem bariyerini güçlendirir.","display_mode":null,"display_name":"Clinique for Men Yağlanma ve Parlama Karşıtı Nemlendirici","display_status":7,"finish":null,"form":null,"formula_type":null,"fragrance_family":null,"indexable_keywords":null,"is_hazmat":false,"is_product_coming_soon":null,"is_product_displayable":true,"is_product_searchable":true,"is_product_shoppable":true,"is_product_sold_out":null,"is_product_temporarily_out_of_stock":null,"is_search_suppressed":null,"key_ingredient":null,"media":{"large":null,"medium":null,"poster":null,"small":null,"videos":[{"position":null,"poster":{"height":null,"src":null,"width":null},"provider":null,"src":null},{"position":null,"poster":{"height":null,"src":null,"width":null},"provider":null,"src":null},{"position":null,"poster":{"height":null,"src":null,"width":null},"provider":null,"src":null}],"xl":null},"meta":{"description":null,"keywords":"ssfm, skin supplies for men"},"parent_category":[{"id":"1626","value":"CİLT BAKIMI"},{"id":"1625","value":"Cilt Bakım"},{"id":"1609","value":"ERKEK CİLT BAKIMI & TRAŞ"}],"product_badge":null,"product_id":"29406","product_title_tag":null,"product_type":"Other","product_url":"/product/1626/29406/erkek-cilt-bakimi-tras/cilt-bakm/cilt-bakimi/clinique-for-men-yaglanma-ve-parlama-karst-nemlendirici","reviews":{"average_rating":null,"number_of_questions":null,"number_of_reviews":null},"shade_groups":null,"short_description":"Yağsız su bazlı nemlendirici özelliğiyle cildin nem bariyerini güçlendirir.","skin":null,"skin_goal":null,"skus":{"total":1,"items":[{"color_family":null,"coverage_options":null,"cross_sell":null,"display_status":7,"finish":null,"finish_options":null,"fragrances":[{"family":null,"key":null,"value":null}],"iln_listing":null,"iln_version_number":null,"inventory_status":"Active","is_active":true,"is_coming_soon":null,"is_default_sku":false,"is_discountable":true,"is_displayable":null,"is_engravable":null,"is_fragrance":null,"is_giftable":null,"is_giftwrap":false,"is_inactive":null,"is_multi_shaded":null,"is_out_of_stock":null,"is_preorder":false,"is_preorderable":null,"is_promotional":null,"is_replenishable":false,"is_search_suppressed":null,"is_searchable":true,"is_shaded":null,"is_sized":null,"is_sold_out":null,"is_under_weight_hazmat":false,"is_vto_enabled":null,"life_of_product":"Basic Reorder","material_code":"Z218010001","media":{"large":[{"alt":"Clinique for Men Yağlanma ve Parlama Karşıtı Nemlendirici","height":1200,"position":0,"src":"/media/export/cms/products/1200x1500/cl_sku_Z21801_1200x1500_0.png","type":"image","width":1500}],"medium":[{"alt":"Clinique for Men Yağlanma ve Parlama Karşıtı Nemlendirici","height":600,"position":1,"src":"/media/export/cms/products/600x750/cl_sku_Z21801_600x750_0.png","type":"image","width":750}],"model":null,"poster":null,"small":[{"alt":"Clinique for Men Yağlanma ve Parlama Karşıtı Nemlendirici","height":1200,"position":2,"src":"/media/export/cms/products/1200x1500/cl_sku_Z21801_1200x1500_0.png","type":"image","width":1500}],"smoosh":null,"xl":null},"out_of_stock_threshold":null,"perlgem":{"SKU_BASE_ID":53504},"preorder_date":null,"prices":[{"currency":"TRY","exclude_tax":{"original_price":295,"original_price_formatted":"295.00 TL","price":295,"price_formatted":"295.00 TL","price_per_unit":null,"price_per_unit_formatted":""},"include_tax":{"original_price":295,"original_price_formatted":"295.00 TL","price":295,"price_formatted":"295.00 TL","price_per_unit":null,"price_per_unit_formatted":""},"is_discounted":false}],"purchase_limit":null,"replenishment":{"message":"Recommended Auto-Ship cycle: 6 weeks  Learn more >"},"reviews":{"average_rating":null,"number_of_questions":null,"number_of_reviews":null},"set_components":null,"shade_groups":null,"shades":null,"sizes":[{"key":1,"value":"100 ml"}],"skin":{"tone":null,"type":null,"type_description":null},"sku_badge":null,"sku_badge_image":null,"sku_display_order":0,"sku_id":"Z21801","sku_promo_messaging":null,"sku_type":"SE","sku_url":null,"tags":{"total":18,"items":[{"id":"13565","key":"yeni̇-yil-erkek-bakimi","value":"YENİ YIL ERKEK BAKIMI"},{"id":"1625","key":"cilt-bakım","value":"Cilt Bakım"},{"id":"1611","key":"temizleme","value":"Temizleme"},{"id":"25016","key":"top-sellers","value":"Top Sellers"},{"id":"13561","key":"yeni̇-yil-buti̇ği̇","value":"YENİ YIL BUTİĞİ"},{"id":"12796","key":"yağlanma-karşiti-ürünler","value":"YAĞLANMA KARŞITI ÜRÜNLER"},{"id":"1575","key":"en-çok-satanlar","value":"En Çok Satanlar"},{"id":"12950","key":"çok-satan-erkek-bakim-tiraş-ürünleri̇","value":"ÇOK SATAN ERKEK BAKIM & TIRAŞ ÜRÜNLERİ"},{"id":"12942","key":"mens-oil-control","value":"Men's Oil Control"},{"id":"1610","key":"3-adımlı-cilt-bakım-sistemi","value":"3 Adımlı Cilt Bakım Sistemi "},{"id":"4323","key":"yeni̇-ürünler","value":"YENİ ÜRÜNLER"},{"id":"1621","key":"erkek-özel-cilt-bakımı","value":"Erkek Özel Cilt Bakımı"},{"id":"10589","key":"offers-lp","value":"Offers LP"},{"id":"1609","key":"erkek-ci̇lt-bakimi-traş","value":"ERKEK CİLT BAKIMI & TRAŞ"},{"id":"1613","key":"3-adımlı-cilt-bakım-sistemi","value":"3 Adımlı Cilt Bakım Sistemi"},{"id":"1614","key":"nemlendirme","value":"Nemlendirme"},{"id":"1687","key":"yüz-nemlendi̇ri̇ci̇","value":"YÜZ NEMLENDİRİCİ"},{"id":"1626","key":"ci̇lt-bakimi","value":"CİLT BAKIMI"}]},"texture":null,"undertone":null,"unit_of_measure":null,"unit_size":null,"unit_size_formatted":null,"upc":"020714649555","vto":{"is_color_experience":null,"is_foundation_experience":null}}]},"sub_display_name":null,"sub_header":null,"tags":{"total":18,"items":[{"id":"13565","key":"yeni̇-yil-erkek-bakimi","parent_tag_id":"13561","product_display_order":0,"value":"YENİ YIL ERKEK BAKIMI"},{"id":"1625","key":"cilt-bakım","parent_tag_id":"1609","product_display_order":0,"value":"Cilt Bakım"},{"id":"1611","key":"temizleme","parent_tag_id":"1610","product_display_order":1,"value":"Temizleme"},{"id":"25016","key":"top-sellers","parent_tag_id":"4323","product_display_order":0,"value":"Top Sellers"},{"id":"13561","key":"yeni̇-yil-buti̇ği̇","parent_tag_id":null,"product_display_order":0,"value":"YENİ YIL BUTİĞİ"},{"id":"12796","key":"yağlanma-karşiti-ürünler","parent_tag_id":"1667","product_display_order":0,"value":"YAĞLANMA KARŞITI ÜRÜNLER"},{"id":"1575","key":"en-çok-satanlar","parent_tag_id":null,"product_display_order":30,"value":"En Çok Satanlar"},{"id":"12950","key":"çok-satan-erkek-bakim-tiraş-ürünleri̇","parent_tag_id":"1609","product_display_order":0,"value":"ÇOK SATAN ERKEK BAKIM & TIRAŞ ÜRÜNLERİ"},{"id":"12942","key":"mens-oil-control","parent_tag_id":"1625","product_display_order":0,"value":"Men's Oil Control"},{"id":"1610","key":"3-adımlı-cilt-bakım-sistemi","parent_tag_id":"1609","product_display_order":5,"value":"3 Adımlı Cilt Bakım Sistemi "},{"id":"4323","key":"yeni̇-ürünler","parent_tag_id":null,"product_display_order":328,"value":"YENİ ÜRÜNLER"},{"id":"1621","key":"erkek-özel-cilt-bakımı","parent_tag_id":"1620","product_display_order":0,"value":"Erkek Özel Cilt Bakımı"},{"id":"10589","key":"offers-lp","parent_tag_id":null,"product_display_order":9,"value":"Offers LP"},{"id":"1609","key":"erkek-ci̇lt-bakimi-traş","parent_tag_id":null,"product_display_order":6,"value":"ERKEK CİLT BAKIMI & TRAŞ"},{"id":"1613","key":"3-adımlı-cilt-bakım-sistemi","parent_tag_id":"1610","product_display_order":0,"value":"3 Adımlı Cilt Bakım Sistemi"},{"id":"1614","key":"nemlendirme","parent_tag_id":"1610","product_display_order":0,"value":"Nemlendirme"},{"id":"1687","key":"yüz-nemlendi̇ri̇ci̇","parent_tag_id":"1667","product_display_order":147,"value":"YÜZ NEMLENDİRİCİ"},{"id":"1626","key":"ci̇lt-bakimi","parent_tag_id":"1625","product_display_order":0,"value":"CİLT BAKIMI"}]},"usage":[{"content":"<ul><li>Sabah ve akşam olmak üzere günde iki defa kullanın.</li><li>Yüz ve boyun çevresine veya ihtiyaca göre belli bir bölgeye uygulayabilirsiniz. </li></ul>","label":"PRODUCT USAGE","type":"product_usage"},{"content":null,"label":"HOW DOES IT WORK","type":"how_does_it_work"},{"content":null,"label":"WHO IT IS FOR","type":"who_it_is_for"},{"content":null,"label":"GREAT TO KNOW","type":"great_to_know"},{"content":null,"label":"WHAT_IT_DOES","type":"what_it_does"},{"content":"<P>Hafif formül, yağlanmayı kontrol altına alarak mat bir görünüm yaratmaya , parlamayı önlemeye yardımcı olur. Cildi yağlandırmadan nemlendirerek, cildin daha güçlü olmasını destekler.</P><P>&nbsp;Gliserin ve Sodyum Hiyalüronat ile hafif yapılı nemlendirme sağlamaya yardımcı olur. Dimethicone, cildi rahatlatmaya katkıda bulunur.<BR>- Silika ile yağlı ciltleri dengelemeye katkıda bulunur.<BR>- Hafif yapılı, yağsız formül kalıntı bırakmadan kolayca emilimi destekler.</P>","label":"WHAT_IT_IS","type":"what_it_is"}],"objectID":"29406"},{"benefit":{"statement":null,"benefits":null},"brand":null,"collection":null,"coverage":null,"cross_sell":[{"sku_id":"Z4KH01","sort_key":1},{"sku_id":"65EM01","sort_key":2},{"sku_id":"7WL801","sort_key":3},{"sku_id":"7KXN01","sort_key":4},{"sku_id":"7ELF01","sort_key":5},{"sku_id":"67FF01","sort_key":6}],"default_category":{"id":"1687","key":"yüz-nemlendi̇ri̇ci̇"},"description":"<P>Cilt yüzeyini derinlemesine arındırarak daha pürüzsüz ve temiz bir cildin ortaya çıkmasına yardımcı olur. Nemlendiricinin daha derine işlemesini sağlar. Daha rahat bir tıraş için cildi hazırlar.</P><P>Gliserin ve Sodyum Hiyalüronat ile tüm gün cildin nem seviyesini artırmaya yardımcı olur.&nbsp; Doğal Nemlendirme Faktörü cildin doğal yağ ve nem dengesini korur.<BR>- Ayçiçeği özü, Arpa ve Salatalık Özü ile cildi güçlenmesini destekler. Böylece cilt daha iyi nemlenir<BR>- Hafif yapılı, yağsız formül kalıntı bırakmadan kolayca emilime katkıda bulunur.</P>","display_mode":null,"display_name":"Clinique For Men Kuru Ciltler İçin Nemlendirici","display_status":3,"finish":null,"form":null,"formula_type":null,"fragrance_family":null,"indexable_keywords":[{"value":"ssfm"},{"value":" skin supplies for men"}],"is_hazmat":false,"is_product_coming_soon":null,"is_product_displayable":true,"is_product_searchable":true,"is_product_shoppable":true,"is_product_sold_out":null,"is_product_temporarily_out_of_stock":null,"is_search_suppressed":null,"key_ingredient":null,"media":{"large":null,"medium":null,"poster":null,"small":null,"videos":[{"position":null,"poster":{"height":null,"src":null,"width":null},"provider":null,"src":null},{"position":null,"poster":{"height":null,"src":null,"width":null},"provider":null,"src":null},{"position":null,"poster":{"height":null,"src":null,"width":null},"provider":null,"src":null}],"xl":null},"meta":{"description":null,"keywords":"ssfm, skin supplies for men"},"parent_category":[{"id":"1687","value":"YÜZ NEMLENDİRİCİ"},{"id":"1667","value":"CİLT BAKIMI"}],"product_badge":null,"product_id":"29576","product_title_tag":null,"product_type":"Other","product_url":"/product/1687/29576/cilt-bakimi/yuz-nemlendirici/clinique-for-men-kuru-ciltler-icin-nemlendirici","reviews":{"average_rating":null,"number_of_questions":null,"number_of_reviews":null},"shade_groups":null,"short_description":"Normal ve kuru ciltler için gün boyu nemlendirme sağlar.","skin":null,"skin_goal":null,"skus":{"total":1,"items":[{"color_family":null,"coverage_options":null,"cross_sell":null,"display_status":3,"finish":null,"finish_options":null,"fragrances":[{"family":null,"key":null,"value":null}],"iln_listing":null,"iln_version_number":null,"inventory_status":"Active","is_active":true,"is_coming_soon":null,"is_default_sku":false,"is_discountable":true,"is_displayable":null,"is_engravable":null,"is_fragrance":null,"is_giftable":null,"is_giftwrap":false,"is_inactive":null,"is_multi_shaded":null,"is_out_of_stock":null,"is_preorder":false,"is_preorderable":null,"is_promotional":null,"is_replenishable":false,"is_search_suppressed":null,"is_searchable":true,"is_shaded":null,"is_sized":null,"is_sold_out":null,"is_under_weight_hazmat":false,"is_vto_enabled":null,"life_of_product":"Basic Reorder","material_code":"Z219010000","media":{"large":[{"alt":"Clinique For Men Kuru Ciltler İçin Nemlendirici","height":1200,"position":0,"src":"/media/export/cms/products/1200x1500/cl_sku_Z21901_1200x1500_0.png","type":"image","width":1500}],"medium":[{"alt":"Clinique For Men Kuru Ciltler İçin Nemlendirici","height":600,"position":1,"src":"/media/export/cms/products/600x750/cl_sku_Z21901_600x750_0.png","type":"image","width":750}],"model":null,"poster":null,"small":[{"alt":"Clinique For Men Kuru Ciltler İçin Nemlendirici","height":1200,"position":2,"src":"/media/export/cms/products/1200x1500/cl_sku_Z21901_1200x1500_0.png","type":"image","width":1500}],"smoosh":null,"xl":null},"out_of_stock_threshold":null,"perlgem":{"SKU_BASE_ID":53697},"preorder_date":null,"prices":[{"currency":"TRY","exclude_tax":{"original_price":295,"original_price_formatted":"295.00 TL","price":295,"price_formatted":"295.00 TL","price_per_unit":295,"price_per_unit_formatted":"295.00 TL / 100ml"},"include_tax":{"original_price":295,"original_price_formatted":"295.00 TL","price":295,"price_formatted":"295.00 TL","price_per_unit":295,"price_per_unit_formatted":"295.00 TL / 100ml"},"is_discounted":false}],"purchase_limit":null,"replenishment":{"message":"Recommended Auto-Ship cycle: 6 weeks  Learn more >"},"reviews":{"average_rating":null,"number_of_questions":null,"number_of_reviews":null},"set_components":null,"shade_groups":null,"shades":null,"sizes":[{"key":1,"value":"100ml"}],"skin":{"tone":null,"type":null,"type_description":null},"sku_badge":null,"sku_badge_image":null,"sku_display_order":1,"sku_id":"Z21901","sku_promo_messaging":null,"sku_type":"SE","sku_url":null,"tags":{"total":19,"items":[{"id":"4323","key":"yeni̇-ürünler","value":"YENİ ÜRÜNLER"},{"id":"1613","key":"3-adımlı-cilt-bakım-sistemi","value":"3 Adımlı Cilt Bakım Sistemi"},{"id":"13565","key":"yeni̇-yil-erkek-bakimi","value":"YENİ YIL ERKEK BAKIMI"},{"id":"1687","key":"yüz-nemlendi̇ri̇ci̇","value":"YÜZ NEMLENDİRİCİ"},{"id":"4034","key":"yüz-serumlari","value":"YÜZ SERUMLARI"},{"id":"1619","key":"hedi̇yeler-setler","value":"HEDİYELER & SETLER"},{"id":"9427","key":"whatsnew","value":"what'snew"},{"id":"12950","key":"çok-satan-erkek-bakim-tiraş-ürünleri̇","value":"ÇOK SATAN ERKEK BAKIM & TIRAŞ ÜRÜNLERİ"},{"id":"1609","key":"erkek-ci̇lt-bakimi-traş","value":"ERKEK CİLT BAKIMI & TRAŞ"},{"id":"1575","key":"en-çok-satanlar","value":"En Çok Satanlar"},{"id":"1614","key":"nemlendirme","value":"Nemlendirme"},{"id":"13561","key":"yeni̇-yil-buti̇ği̇","value":"YENİ YIL BUTİĞİ"},{"id":"1626","key":"ci̇lt-bakimi","value":"CİLT BAKIMI"},{"id":"24180","key":"tamamlayici-ürünler","value":"TAMAMLAYICI ÜRÜNLER"},{"id":"1611","key":"temizleme","value":"Temizleme"},{"id":"10589","key":"offers-lp","value":"Offers LP"},{"id":"1610","key":"3-adımlı-cilt-bakım-sistemi","value":"3 Adımlı Cilt Bakım Sistemi "},{"id":"1625","key":"cilt-bakım","value":"Cilt Bakım"},{"id":"1667","key":"ci̇lt-bakimi","value":"CİLT BAKIMI"}]},"texture":null,"undertone":null,"unit_of_measure":"ml","unit_size":100,"unit_size_formatted":"100ml","upc":"020714649562","vto":{"is_color_experience":null,"is_foundation_experience":null}}]},"sub_display_name":null,"sub_header":null,"tags":{"total":19,"items":[{"id":"4323","key":"yeni̇-ürünler","parent_tag_id":null,"product_display_order":359,"value":"YENİ ÜRÜNLER"},{"id":"1613","key":"3-adımlı-cilt-bakım-sistemi","parent_tag_id":"1610","product_display_order":0,"value":"3 Adımlı Cilt Bakım Sistemi"},{"id":"13565","key":"yeni̇-yil-erkek-bakimi","parent_tag_id":"13561","product_display_order":0,"value":"YENİ YIL ERKEK BAKIMI"},{"id":"1687","key":"yüz-nemlendi̇ri̇ci̇","parent_tag_id":"1667","product_display_order":136,"value":"YÜZ NEMLENDİRİCİ"},{"id":"4034","key":"yüz-serumlari","parent_tag_id":"1667","product_display_order":0,"value":"YÜZ SERUMLARI"},{"id":"1619","key":"hedi̇yeler-setler","parent_tag_id":"1618","product_display_order":1,"value":"HEDİYELER & SETLER"},{"id":"9427","key":"whatsnew","parent_tag_id":"9420","product_display_order":1,"value":"what'snew"},{"id":"12950","key":"çok-satan-erkek-bakim-tiraş-ürünleri̇","parent_tag_id":"1609","product_display_order":1,"value":"ÇOK SATAN ERKEK BAKIM & TIRAŞ ÜRÜNLERİ"},{"id":"1609","key":"erkek-ci̇lt-bakimi-traş","parent_tag_id":null,"product_display_order":7,"value":"ERKEK CİLT BAKIMI & TRAŞ"},{"id":"1575","key":"en-çok-satanlar","parent_tag_id":null,"product_display_order":63,"value":"En Çok Satanlar"},{"id":"1614","key":"nemlendirme","parent_tag_id":"1610","product_display_order":0,"value":"Nemlendirme"},{"id":"13561","key":"yeni̇-yil-buti̇ği̇","parent_tag_id":null,"product_display_order":0,"value":"YENİ YIL BUTİĞİ"},{"id":"1626","key":"ci̇lt-bakimi","parent_tag_id":"1625","product_display_order":0,"value":"CİLT BAKIMI"},{"id":"24180","key":"tamamlayici-ürünler","parent_tag_id":"1667","product_display_order":0,"value":"TAMAMLAYICI ÜRÜNLER"},{"id":"1611","key":"temizleme","parent_tag_id":"1610","product_display_order":1,"value":"Temizleme"},{"id":"10589","key":"offers-lp","parent_tag_id":null,"product_display_order":3,"value":"Offers LP"},{"id":"1610","key":"3-adımlı-cilt-bakım-sistemi","parent_tag_id":"1609","product_display_order":0,"value":"3 Adımlı Cilt Bakım Sistemi "},{"id":"1625","key":"cilt-bakım","parent_tag_id":"1609","product_display_order":0,"value":"Cilt Bakım"},{"id":"1667","key":"ci̇lt-bakimi","parent_tag_id":null,"product_display_order":3,"value":"CİLT BAKIMI"}]},"usage":[{"content":"<UL><LI>Sabah ve akşam olmak üzere günde iki kez kullanın.</LI><LI>Cildinizi temizledikten sonra pamuk ile toniği yüzünüze ve boynunuza uygulayın.</LI><LI>Sadece haricen kullanim içindir. Göz çevresi ve dudaklardan kaçının.</LI><LI>Daha sonra nemlendirici sürün.</LI><LI>Mükemmel bir cilt için, hergün Clinique Erkek Yüz Sabunu ve Nemlendiricisiyle bakımınızı destekleyin<BR><BR></LI></UL>","label":"PRODUCT USAGE","type":"product_usage"},{"content":null,"label":"HOW DOES IT WORK","type":"how_does_it_work"},{"content":null,"label":"WHO IT IS FOR","type":"who_it_is_for"},{"content":null,"label":"GREAT TO KNOW","type":"great_to_know"},{"content":null,"label":"WHAT_IT_DOES","type":"what_it_does"},{"content":"<P>Cilt yüzeyini derinlemesine arındırarak daha pürüzsüz ve temiz bir cildin ortaya çıkmasına yardımcı olur. Nemlendiricinin daha derine işlemesini sağlar. Daha rahat bir tıraş için cildi hazırlar.</P><P>Gliserin ve Sodyum Hiyalüronat ile tüm gün cildin nem seviyesini artırmaya yardımcı olur.&nbsp; Doğal Nemlendirme Faktörü cildin doğal yağ ve nem dengesini korur.<BR>- Ayçiçeği özü, Arpa ve Salatalık Özü ile cildi güçlenmesini destekler. Böylece cilt daha iyi nemlenir<BR>- Hafif yapılı, yağsız formül kalıntı bırakmadan kolayca emilime katkıda bulunur.</P>","label":"WHAT_IT_IS","type":"what_it_is"}],"objectID":"29576"},{"benefit":{"statement":null,"benefits":null},"brand":null,"collection":null,"coverage":null,"cross_sell":[{"sku_id":"7NYF01","sort_key":1},{"sku_id":"7C7K01","sort_key":2},{"sku_id":"7WCP08","sort_key":3},{"sku_id":"7THM04","sort_key":4},{"sku_id":"7PWK15","sort_key":5},{"sku_id":"6HLC01","sort_key":6}],"default_category":{"id":"1593","key":"allik"},"description":"<P>Canlı ve doğal görünümlü allık sayesinde yanaklarınızda ipeksi bir görünüm elde edebilirsiniz. Uzun süre kalıcı formülü sayesinde, kolayca uygulayıp tüm gün baharın keyfini çıkarın!</P><P class=MsoNormal style=\"MARGIN: 0cm 0cm 0pt\">&nbsp;</P>","display_mode":null,"display_name":"Cheek Pop Allık","display_status":7,"finish":null,"form":null,"formula_type":null,"fragrance_family":null,"indexable_keywords":[{"value":"blush"},{"value":" color"},{"value":" powder"},{"value":" daisy"},{"value":" allık"},{"value":"renkli"},{"value":" bahar"},{"value":" çiçek"}],"is_hazmat":false,"is_product_coming_soon":null,"is_product_displayable":true,"is_product_searchable":true,"is_product_shoppable":false,"is_product_sold_out":null,"is_product_temporarily_out_of_stock":null,"is_search_suppressed":null,"key_ingredient":null,"media":{"large":[{"alt":"Cheek Pop Allık","height":1200,"position":0,"src":"/media/export/cms/products/1200x1500/cl_prod_29770_1200x1500_0.png","type":"image","width":1500},{"alt":"Cheek Pop Allık","height":1200,"position":1,"src":"/media/export/cms/products/1200x1500/cl_prod_29770_1200x1500_1.png","type":"image","width":1500}],"medium":null,"poster":null,"small":[{"alt":"Cheek Pop Allık","height":1200,"position":2,"src":"/media/export/cms/products/1200x1500/cl_prod_29770_1200x1500_0.png","type":"image","width":1500},{"alt":"Cheek Pop Allık","height":1200,"position":3,"src":"/media/export/cms/products/1200x1500/cl_prod_29770_1200x1500_1.png","type":"image","width":1500}],"videos":[{"position":null,"poster":{"height":null,"src":null,"width":null},"provider":null,"src":null},{"position":null,"poster":{"height":null,"src":null,"width":null},"provider":null,"src":null},{"position":null,"poster":{"height":null,"src":null,"width":null},"provider":null,"src":null}],"xl":null},"meta":{"description":null,"keywords":"blush, color, powder, daisy, "},"parent_category":[{"id":"1593","value":"ALLIK"},{"id":"1592","value":"MAKYAJ"}],"product_badge":null,"product_id":"29770","product_title_tag":null,"product_type":"Shaded","product_url":"/product/1593/29770/makyaj/allik/cheek-pop-allk/ozel-koleksiyon","reviews":{"average_rating":5,"number_of_questions":null,"number_of_reviews":2},"shade_groups":null,"short_description":"En çok oylanan.Canlı ve doğal görünümlü allık","skin":null,"skin_goal":null,"skus":{"total":2,"items":[{"color_family":null,"coverage_options":null,"cross_sell":null,"display_status":1,"finish":null,"finish_options":null,"fragrances":[{"family":null,"key":null,"value":null}],"iln_listing":null,"iln_version_number":null,"inventory_status":"Sold Out","is_active":null,"is_coming_soon":null,"is_default_sku":false,"is_discountable":true,"is_displayable":null,"is_engravable":null,"is_fragrance":null,"is_giftable":null,"is_giftwrap":false,"is_inactive":null,"is_multi_shaded":null,"is_out_of_stock":null,"is_preorder":false,"is_preorderable":null,"is_promotional":null,"is_replenishable":false,"is_search_suppressed":null,"is_searchable":true,"is_shaded":null,"is_sized":null,"is_sold_out":true,"is_under_weight_hazmat":false,"is_vto_enabled":null,"life_of_product":"Limited life","material_code":"7THL180000","media":{"large":[{"alt":"Cheek Pop Allık","height":1200,"position":1,"src":"/media/export/cms/products/1200x1500/cl_sku_7THL18_1200x1500_0.png","type":"image","width":1500}],"medium":[{"alt":"Cheek Pop Allık","height":600,"position":2,"src":"/media/export/cms/products/600x750/cl_sku_7THL18_600x750_0.png","type":"image","width":750}],"model":null,"poster":null,"small":[{"alt":"Cheek Pop Allık","height":1200,"position":3,"src":"/media/export/cms/products/1200x1500/cl_sku_7THL18_1200x1500_0.png","type":"image","width":1500}],"smoosh":[{"alt":"Cheek Pop Allık","height":1200,"position":0,"src":"/media/export/cms/products/1200x1500/swatches_v3/35_ns_ng.png","type":"image","width":1500}],"xl":null},"out_of_stock_threshold":null,"perlgem":{"SKU_BASE_ID":74599},"preorder_date":null,"prices":[{"currency":"TRY","exclude_tax":{"original_price":105,"original_price_formatted":"105.00 TL","price":105,"price_formatted":"105.00 TL","price_per_unit":null,"price_per_unit_formatted":""},"include_tax":{"original_price":105,"original_price_formatted":"105.00 TL","price":105,"price_formatted":"105.00 TL","price_per_unit":null,"price_per_unit_formatted":""},"is_discounted":false}],"purchase_limit":null,"replenishment":{"message":null},"reviews":{"average_rating":null,"number_of_questions":null,"number_of_reviews":null},"set_components":null,"shade_groups":null,"shades":[{"description":"","hex_val":"#e79da4","image":{"height":null,"src":"","width":null},"name":"Pink Honey","smoosh_design":{"group_id":null,"name":"35::none::none"}}],"sizes":[{"key":1,"value":null}],"skin":{"tone":null,"type":null,"type_description":null},"sku_badge":null,"sku_badge_image":null,"sku_display_order":0,"sku_id":"7THL18","sku_promo_messaging":null,"sku_type":"SE","sku_url":null,"tags":{"total":8,"items":[{"id":"27172","key":"day5flashsale","value":"Day5FlashSale"},{"id":"1593","key":"allik","value":"ALLIK"},{"id":"25016","key":"top-sellers","value":"Top Sellers"},{"id":"12537","key":"çok-satan-makyaj-ürünleri̇","value":"ÇOK SATAN MAKYAJ ÜRÜNLERİ"},{"id":"1575","key":"en-çok-satanlar","value":"En Çok Satanlar"},{"id":"27174","key":"day7flashsale","value":"Day7FlashSale"},{"id":"27171","key":"day4flashsale","value":"Day4FlashSale"},{"id":"19288","key":"sale","value":"sale"}]},"texture":null,"undertone":null,"unit_of_measure":null,"unit_size":null,"unit_size_formatted":null,"upc":"020714857684","vto":{"is_color_experience":null,"is_foundation_experience":null}},{"color_family":null,"coverage_options":null,"cross_sell":null,"display_status":1,"finish":null,"finish_options":null,"fragrances":[{"family":null,"key":null,"value":null}],"iln_listing":null,"iln_version_number":null,"inventory_status":"Sold Out","is_active":null,"is_coming_soon":null,"is_default_sku":false,"is_discountable":false,"is_displayable":null,"is_engravable":null,"is_fragrance":null,"is_giftable":null,"is_giftwrap":false,"is_inactive":null,"is_multi_shaded":null,"is_out_of_stock":null,"is_preorder":false,"is_preorderable":null,"is_promotional":null,"is_replenishable":false,"is_search_suppressed":null,"is_searchable":true,"is_shaded":null,"is_sized":null,"is_sold_out":true,"is_under_weight_hazmat":false,"is_vto_enabled":null,"life_of_product":"Limited life","material_code":"7THL170000","media":{"large":[{"alt":"Cheek Pop Allık","height":1200,"position":1,"src":"/media/export/cms/products/1200x1500/cl_sku_7THL17_1200x1500_0.png","type":"image","width":1500}],"medium":[{"alt":"Cheek Pop Allık","height":600,"position":2,"src":"/media/export/cms/products/600x750/cl_sku_7THL17_600x750_0.png","type":"image","width":750}],"model":null,"poster":null,"small":[{"alt":"Cheek Pop Allık","height":1200,"position":3,"src":"/media/export/cms/products/1200x1500/cl_sku_7THL17_1200x1500_0.png","type":"image","width":1500}],"smoosh":[{"alt":"Cheek Pop Allık","height":1200,"position":0,"src":"/media/export/cms/products/1200x1500/swatches_v3/35_ns_ng.png","type":"image","width":1500}],"xl":null},"out_of_stock_threshold":null,"perlgem":{"SKU_BASE_ID":74597},"preorder_date":null,"prices":[{"currency":"TRY","exclude_tax":{"original_price":105,"original_price_formatted":"105.00 TL","price":105,"price_formatted":"105.00 TL","price_per_unit":null,"price_per_unit_formatted":""},"include_tax":{"original_price":105,"original_price_formatted":"105.00 TL","price":105,"price_formatted":"105.00 TL","price_per_unit":null,"price_per_unit_formatted":""},"is_discounted":false}],"purchase_limit":null,"replenishment":{"message":null},"reviews":{"average_rating":null,"number_of_questions":null,"number_of_reviews":null},"set_components":null,"shade_groups":null,"shades":[{"description":"","hex_val":"#aa514a","image":{"height":null,"src":"","width":null},"name":"Black Honey Pop","smoosh_design":{"group_id":null,"name":"35::none::none"}}],"sizes":[{"key":1,"value":null}],"skin":{"tone":null,"type":null,"type_description":null},"sku_badge":null,"sku_badge_image":null,"sku_display_order":0,"sku_id":"7THL17","sku_promo_messaging":null,"sku_type":"SE","sku_url":null,"tags":{"total":11,"items":[{"id":"15513","key":"recommended-for-students","value":"Recommended for Students"},{"id":"27172","key":"day5flashsale","value":"Day5FlashSale"},{"id":"1628","key":"-evde-bakim","value":"# EVDE BAKIM"},{"id":"1593","key":"allik","value":"ALLIK"},{"id":"25016","key":"top-sellers","value":"Top Sellers"},{"id":"12537","key":"çok-satan-makyaj-ürünleri̇","value":"ÇOK SATAN MAKYAJ ÜRÜNLERİ"},{"id":"1575","key":"en-çok-satanlar","value":"En Çok Satanlar"},{"id":"27174","key":"day7flashsale","value":"Day7FlashSale"},{"id":"27171","key":"day4flashsale","value":"Day4FlashSale"},{"id":"1592","key":"makyaj","value":"MAKYAJ"},{"id":"19288","key":"sale","value":"sale"}]},"texture":null,"undertone":null,"unit_of_measure":null,"unit_size":null,"unit_size_formatted":null,"upc":"020714857677","vto":{"is_color_experience":null,"is_foundation_experience":null}}]},"sub_display_name":null,"sub_header":null,"tags":{"total":20,"items":[{"id":"1602","key":"hedi̇yeler-setler","parent_tag_id":"1600","product_display_order":1,"value":"HEDİYELER & SETLER"},{"id":"15513","key":"recommended-for-students","parent_tag_id":"4323","product_display_order":0,"value":"Recommended for Students"},{"id":"9427","key":"whatsnew","parent_tag_id":"9420","product_display_order":1,"value":"what'snew"},{"id":"27172","key":"day5flashsale","parent_tag_id":"1590","product_display_order":64,"value":"Day5FlashSale"},{"id":"10589","key":"offers-lp","parent_tag_id":null,"product_display_order":0,"value":"Offers LP"},{"id":"1628","key":"-evde-bakim","parent_tag_id":null,"product_display_order":541,"value":"# EVDE BAKIM"},{"id":"13563","key":"yeni̇-yil-ci̇lt-bakimi","parent_tag_id":"13561","product_display_order":1,"value":"YENİ YIL CİLT BAKIMI"},{"id":"1593","key":"allik","parent_tag_id":"1592","product_display_order":0,"value":"ALLIK"},{"id":"25016","key":"top-sellers","parent_tag_id":"4323","product_display_order":0,"value":"Top Sellers"},{"id":"4323","key":"yeni̇-ürünler","parent_tag_id":null,"product_display_order":360,"value":"YENİ ÜRÜNLER"},{"id":"12537","key":"çok-satan-makyaj-ürünleri̇","parent_tag_id":"1592","product_display_order":1,"value":"ÇOK SATAN MAKYAJ ÜRÜNLERİ"},{"id":"1575","key":"en-çok-satanlar","parent_tag_id":null,"product_display_order":31,"value":"En Çok Satanlar"},{"id":"27174","key":"day7flashsale","parent_tag_id":"1590","product_display_order":0,"value":"Day7FlashSale"},{"id":"27171","key":"day4flashsale","parent_tag_id":"1590","product_display_order":0,"value":"Day4FlashSale"},{"id":"13770","key":"recommended-clinique-favourites","parent_tag_id":null,"product_display_order":20,"value":"Recommended Clinique Favourites"},{"id":"13565","key":"yeni̇-yil-erkek-bakimi","parent_tag_id":"13561","product_display_order":1,"value":"YENİ YIL ERKEK BAKIMI"},{"id":"1592","key":"makyaj","parent_tag_id":null,"product_display_order":106,"value":"MAKYAJ"},{"id":"13562","key":"yeni̇-yil-makyaj","parent_tag_id":"13561","product_display_order":26,"value":"YENİ YIL MAKYAJ"},{"id":"9425","key":"top-rated-makeup","parent_tag_id":"9420","product_display_order":1,"value":"top rated makeup"},{"id":"19288","key":"sale","parent_tag_id":"1590","product_display_order":0,"value":"sale"}]},"usage":[{"content":"<UL><LI>Fırça yardımıyla az bir miktar alıp elmacık kemiklerinizin üzerine uygulayın.</LI><LI>Hafifçe elmacık kemiklerinizden burun hizasına kadar uygulayın.</LI><LI>İstediğiniz tonu bulana kadar birkaç kez tekrarlayabilirsiniz. </LI></UL>","label":"PRODUCT USAGE","type":"product_usage"},{"content":null,"label":"HOW DOES IT WORK","type":"how_does_it_work"},{"content":"Tüm Cilt Tipleri (1,2,3,4)","label":"WHO IT IS FOR","type":"who_it_is_for"},{"content":null,"label":"GREAT TO KNOW","type":"great_to_know"},{"content":"Canlı ve doğal görünümlü allık sayesinde yanaklarınızda ipeksi bir görünüm elde edebilirsiniz. Uzun süre kalıcı formülü sayesinde, kolayca uygulanır .<br><br><b>Nasıl Kullanılır?</b><br><ul><li>Fırçanın üzerine ürünü alın ve yanak elmalarına uygulayın. </li> </li><li>Ürünü iyi bir şekilde cildinize dağıtın.</li><li>İstediğiniz parlaklığa sahip olmak için tekrar uygulayın.</li></ul>","label":"WHAT_IT_DOES","type":"what_it_does"},{"content":"Canlı ve doğal ve ipeksi bir görünüm.","label":"WHAT_IT_IS","type":"what_it_is"}],"objectID":"29770"},{"benefit":{"statement":null,"benefits":null},"brand":null,"collection":null,"coverage":null,"cross_sell":[{"sku_id":"6KN901","sort_key":1},{"sku_id":"6EM601","sort_key":2},{"sku_id":"6WPR01","sort_key":3},{"sku_id":"71MC01","sort_key":4},{"sku_id":"68G501","sort_key":5},{"sku_id":"6WPR01","sort_key":6}],"default_category":{"id":"23296","key":"yüz-ci̇lt-temi̇zleyi̇ci̇"},"description":"<P>&nbsp;Gözeneklerin tıkanmasını engellemeye yardımcı olur.<BR>Cildi arındırır.</P><P>Laminaria Sacharina Özü sivilcelenmeye sebep olabilecek, gözenek tıkanmasını önlemeye yardımcı olur<BR>- Kafein, Sükroz, Deniz Mercanı Özü ve Kola Özü sivilcelenme sonucu oluşan irritasyonu ve kızarıklık görünümünü&nbsp; yatıştırmaya yardımcı olur<B><U></U></B><BR><BR><BR></P>","display_mode":null,"display_name":"Anti-Blemish Clinical Siyah Nokta ve Sivilce Karşıtı Bakım Jeli","display_status":7,"finish":null,"form":null,"formula_type":null,"fragrance_family":null,"indexable_keywords":[{"value":"sivilce"},{"value":" akne"},{"value":" sivilceli"},{"value":" tedavi"}],"is_hazmat":true,"is_product_coming_soon":null,"is_product_displayable":true,"is_product_searchable":true,"is_product_shoppable":true,"is_product_sold_out":null,"is_product_temporarily_out_of_stock":null,"is_search_suppressed":null,"key_ingredient":null,"media":{"large":null,"medium":null,"poster":null,"small":null,"videos":[{"position":null,"poster":{"height":null,"src":null,"width":null},"provider":null,"src":null},{"position":null,"poster":{"height":null,"src":null,"width":null},"provider":null,"src":null},{"position":null,"poster":{"height":null,"src":null,"width":null},"provider":null,"src":null}],"xl":null},"meta":{"description":null,"keywords":"spot clearing, blemish"},"parent_category":[{"id":"23296","value":"YÜZ & CİLT TEMİZLEYİCİ"},{"id":"1667","value":"CİLT BAKIMI"}],"product_badge":null,"product_id":"29793","product_title_tag":null,"product_type":"Sized","product_url":"/product/23296/29793/cilt-bakimi/yuz-cilt-temizleyici/anti-blemish-clinical-siyah-nokta-ve-sivilce-karst-bakm-jeli","reviews":{"average_rating":2.7,"number_of_questions":null,"number_of_reviews":15},"shade_groups":null,"short_description":"<P class=typographybody1-sc-1fbxrya-6 style=\"BACKGROUND: white; MARGIN: 0cm 0cm 0pt\"><SPAN style='FONT-SIZE: 11pt; FONT-FAMILY: \"Calibri\",sans-serif; COLOR: black; mso-ascii-theme-font: minor-latin; mso-fareast-font-family: Calibri; mso-fareast-theme-font: minor-latin; mso-hansi-theme-font: minor-latin; mso-bidi-theme-font: minor-latin; mso-fareast-language: EN-US'>Cilt pürüzlerinin azaltılmasına ve yatıştırılmasına yardımcı olur.<?xml:namespace prefix = \"o\" ns = \"urn:schemas-microsoft-com:office:office\" /><o:p></o:p></SPAN></P>","skin":null,"skin_goal":null,"skus":{"total":2,"items":[{"color_family":null,"coverage_options":null,"cross_sell":null,"display_status":7,"finish":null,"finish_options":null,"fragrances":[{"family":null,"key":null,"value":null}],"iln_listing":null,"iln_version_number":null,"inventory_status":"Active","is_active":true,"is_coming_soon":null,"is_default_sku":false,"is_discountable":true,"is_displayable":null,"is_engravable":null,"is_fragrance":null,"is_giftable":null,"is_giftwrap":false,"is_inactive":null,"is_multi_shaded":null,"is_out_of_stock":null,"is_preorder":false,"is_preorderable":null,"is_promotional":null,"is_replenishable":true,"is_search_suppressed":null,"is_searchable":true,"is_shaded":null,"is_sized":null,"is_sold_out":null,"is_under_weight_hazmat":null,"is_vto_enabled":null,"life_of_product":"Basic Reorder","material_code":"7WJ8010001","media":{"large":[{"alt":"Anti-Blemish Clinical Siyah Nokta ve Sivilce Karşıtı Bakım Jeli","height":1200,"position":0,"src":"/media/export/cms/products/1200x1500/cl_sku_7WJ801_1200x1500_0.png","type":"image","width":1500}],"medium":[{"alt":"Anti-Blemish Clinical Siyah Nokta ve Sivilce Karşıtı Bakım Jeli","height":600,"position":1,"src":"/media/export/cms/products/600x750/cl_sku_7WJ801_600x750_0.png","type":"image","width":750}],"model":null,"poster":null,"small":[{"alt":"Anti-Blemish Clinical Siyah Nokta ve Sivilce Karşıtı Bakım Jeli","height":1200,"position":2,"src":"/media/export/cms/products/1200x1500/cl_sku_7WJ801_1200x1500_0.png","type":"image","width":1500}],"smoosh":null,"xl":null},"out_of_stock_threshold":null,"perlgem":{"SKU_BASE_ID":54210},"preorder_date":null,"prices":[{"currency":"TRY","exclude_tax":{"original_price":149,"original_price_formatted":"149.00 TL","price":149,"price_formatted":"149.00 TL","price_per_unit":null,"price_per_unit_formatted":""},"include_tax":{"original_price":149,"original_price_formatted":"149.00 TL","price":149,"price_formatted":"149.00 TL","price_per_unit":null,"price_per_unit_formatted":""},"is_discounted":false}],"purchase_limit":null,"replenishment":{"message":"Recommended Auto-Ship cycle: 6 weeks  Learn more >"},"reviews":{"average_rating":null,"number_of_questions":null,"number_of_reviews":null},"set_components":null,"shade_groups":null,"shades":null,"sizes":[{"key":1,"value":"15 ml"}],"skin":{"tone":null,"type":null,"type_description":null},"sku_badge":null,"sku_badge_image":null,"sku_display_order":1,"sku_id":"7WJ801","sku_promo_messaging":null,"sku_type":"SE","sku_url":null,"tags":{"total":2,"items":[{"id":"25565","key":"justarrivednew","value":"justarrivednew"},{"id":"23296","key":"yüz-ci̇lt-temi̇zleyi̇ci̇","value":"YÜZ & CİLT TEMİZLEYİCİ"}]},"texture":null,"undertone":null,"unit_of_measure":null,"unit_size":null,"unit_size_formatted":null,"upc":"020714612221","vto":{"is_color_experience":null,"is_foundation_experience":null}},{"color_family":null,"coverage_options":null,"cross_sell":null,"display_status":7,"finish":null,"finish_options":null,"fragrances":[{"family":null,"key":null,"value":null}],"iln_listing":null,"iln_version_number":null,"inventory_status":"Active","is_active":true,"is_coming_soon":null,"is_default_sku":true,"is_discountable":true,"is_displayable":null,"is_engravable":null,"is_fragrance":null,"is_giftable":null,"is_giftwrap":false,"is_inactive":null,"is_multi_shaded":null,"is_out_of_stock":null,"is_preorder":false,"is_preorderable":null,"is_promotional":null,"is_replenishable":true,"is_search_suppressed":null,"is_searchable":true,"is_shaded":null,"is_sized":null,"is_sold_out":null,"is_under_weight_hazmat":null,"is_vto_enabled":null,"life_of_product":"Basic Reorder","material_code":"Z2JG010001","media":{"large":[{"alt":"Anti-Blemish Clinical Siyah Nokta ve Sivilce Karşıtı Bakım Jeli","height":1200,"position":0,"src":"/media/export/cms/products/1200x1500/cl_sku_Z2JG01_1200x1500_0.png","type":"image","width":1500}],"medium":[{"alt":"Anti-Blemish Clinical Siyah Nokta ve Sivilce Karşıtı Bakım Jeli","height":600,"position":1,"src":"/media/export/cms/products/600x750/cl_sku_Z2JG01_600x750_0.png","type":"image","width":750}],"model":null,"poster":null,"small":[{"alt":"Anti-Blemish Clinical Siyah Nokta ve Sivilce Karşıtı Bakım Jeli","height":1200,"position":2,"src":"/media/export/cms/products/1200x1500/cl_sku_Z2JG01_1200x1500_0.png","type":"image","width":1500}],"smoosh":null,"xl":null},"out_of_stock_threshold":null,"perlgem":{"SKU_BASE_ID":54211},"preorder_date":null,"prices":[{"currency":"TRY","exclude_tax":{"original_price":255,"original_price_formatted":"255.00 TL","price":255,"price_formatted":"255.00 TL","price_per_unit":null,"price_per_unit_formatted":""},"include_tax":{"original_price":255,"original_price_formatted":"255.00 TL","price":255,"price_formatted":"255.00 TL","price_per_unit":null,"price_per_unit_formatted":""},"is_discounted":false}],"purchase_limit":null,"replenishment":{"message":"Recommended Auto-Ship cycle: 12 weeks  Learn more >"},"reviews":{"average_rating":null,"number_of_questions":null,"number_of_reviews":null},"set_components":null,"shade_groups":null,"shades":null,"sizes":[{"key":1,"value":"30 ml"}],"skin":{"tone":null,"type":null,"type_description":null},"sku_badge":null,"sku_badge_image":null,"sku_display_order":1,"sku_id":"Z2JG01","sku_promo_messaging":null,"sku_type":"SE","sku_url":null,"tags":{"total":20,"items":[{"id":"1671","key":"başlangıç-kiti","value":"Başlangıç Kiti"},{"id":"1979","key":"sivilce","value":"Sivilce"},{"id":"4323","key":"yeni̇-ürünler","value":"YENİ ÜRÜNLER"},{"id":"1621","key":"erkek-özel-cilt-bakımı","value":"Erkek Özel Cilt Bakımı"},{"id":"10589","key":"offers-lp","value":"Offers LP"},{"id":"25016","key":"top-sellers","value":"Top Sellers"},{"id":"1668","key":"sivilce","value":"Sivilce"},{"id":"1667","key":"ci̇lt-bakimi","value":"CİLT BAKIMI"},{"id":"1670","key":"harika-cilt-sistemi","value":"Harika Cilt Sistemi"},{"id":"13563","key":"yeni̇-yil-ci̇lt-bakimi","value":"YENİ YIL CİLT BAKIMI"},{"id":"1672","key":"cilt-bakım-uzmanları","value":"Cilt Bakım Uzmanları"},{"id":"1669","key":"harika-cilde-başlangıç-kiti","value":"Harika Cilde Başlangıç Kiti"},{"id":"1619","key":"hedi̇yeler-setler","value":"HEDİYELER & SETLER"},{"id":"1628","key":"-evde-bakim","value":"# EVDE BAKIM"},{"id":"9426","key":"top-rated-skin-care","value":"top rated skin care"},{"id":"13770","key":"recommended-clinique-favourites","value":"Recommended Clinique Favourites"},{"id":"1575","key":"en-çok-satanlar","value":"En Çok Satanlar"},{"id":"13568","key":"249-tl-ve-alti-ci̇lt-bakimmakyajparfüm-setleri̇","value":"249 TL VE ALTI CİLT BAKIM&MAKYAJ&PARFÜM SETLERİ"},{"id":"16741","key":"siyah-nokta-karşıtı","value":"Siyah Nokta Karşıtı"},{"id":"23296","key":"yüz-ci̇lt-temi̇zleyi̇ci̇","value":"YÜZ & CİLT TEMİZLEYİCİ"}]},"texture":null,"undertone":null,"unit_of_measure":null,"unit_size":null,"unit_size_formatted":null,"upc":"020714653651","vto":{"is_color_experience":null,"is_foundation_experience":null}}]},"sub_display_name":null,"sub_header":null,"tags":{"total":21,"items":[{"id":"1671","key":"başlangıç-kiti","parent_tag_id":"1668","product_display_order":0,"value":"Başlangıç Kiti"},{"id":"1979","key":"sivilce","parent_tag_id":"1668","product_display_order":0,"value":"Sivilce"},{"id":"4323","key":"yeni̇-ürünler","parent_tag_id":null,"product_display_order":393,"value":"YENİ ÜRÜNLER"},{"id":"1621","key":"erkek-özel-cilt-bakımı","parent_tag_id":"1620","product_display_order":0,"value":"Erkek Özel Cilt Bakımı"},{"id":"10589","key":"offers-lp","parent_tag_id":null,"product_display_order":1,"value":"Offers LP"},{"id":"25016","key":"top-sellers","parent_tag_id":"4323","product_display_order":0,"value":"Top Sellers"},{"id":"25565","key":"justarrivednew","parent_tag_id":null,"product_display_order":2,"value":"justarrivednew"},{"id":"1668","key":"sivilce","parent_tag_id":"1667","product_display_order":1,"value":"Sivilce"},{"id":"1667","key":"ci̇lt-bakimi","parent_tag_id":null,"product_display_order":150,"value":"CİLT BAKIMI"},{"id":"1670","key":"harika-cilt-sistemi","parent_tag_id":"1668","product_display_order":0,"value":"Harika Cilt Sistemi"},{"id":"13563","key":"yeni̇-yil-ci̇lt-bakimi","parent_tag_id":"13561","product_display_order":0,"value":"YENİ YIL CİLT BAKIMI"},{"id":"1672","key":"cilt-bakım-uzmanları","parent_tag_id":"1668","product_display_order":0,"value":"Cilt Bakım Uzmanları"},{"id":"1669","key":"harika-cilde-başlangıç-kiti","parent_tag_id":"1668","product_display_order":0,"value":"Harika Cilde Başlangıç Kiti"},{"id":"1619","key":"hedi̇yeler-setler","parent_tag_id":"1618","product_display_order":0,"value":"HEDİYELER & SETLER"},{"id":"1628","key":"-evde-bakim","parent_tag_id":null,"product_display_order":99,"value":"# EVDE BAKIM"},{"id":"9426","key":"top-rated-skin-care","parent_tag_id":"9420","product_display_order":1,"value":"top rated skin care"},{"id":"13770","key":"recommended-clinique-favourites","parent_tag_id":null,"product_display_order":16,"value":"Recommended Clinique Favourites"},{"id":"1575","key":"en-çok-satanlar","parent_tag_id":null,"product_display_order":142,"value":"En Çok Satanlar"},{"id":"13568","key":"249-tl-ve-alti-ci̇lt-bakimmakyajparfüm-setleri̇","parent_tag_id":"13561","product_display_order":0,"value":"249 TL VE ALTI CİLT BAKIM&MAKYAJ&PARFÜM SETLERİ"},{"id":"16741","key":"siyah-nokta-karşıtı","parent_tag_id":"1667","product_display_order":0,"value":"Siyah Nokta Karşıtı"},{"id":"23296","key":"yüz-ci̇lt-temi̇zleyi̇ci̇","parent_tag_id":"1667","product_display_order":1,"value":"YÜZ & CİLT TEMİZLEYİCİ"}]},"usage":[{"content":"<P><FONT size=3><FONT face=Calibri><STRONG>Nasıl kullanılır?<?xml:namespace prefix = \"o\" ns = \"urn:schemas-microsoft-com:office:office\" /><o:p></o:p></STRONG></FONT></FONT></P><P class=MsoNormal style=\"BACKGROUND: white; MARGIN: 0cm 0cm 8pt; LINE-HEIGHT: normal; TEXT-INDENT: -18pt; mso-margin-top-alt: auto; mso-margin-bottom-alt: auto; mso-list: l0 level1 lfo1; tab-stops: list 36.0pt\"><SPAN style=\"FONT-SIZE: 10pt; FONT-FAMILY: Symbol; COLOR: black; mso-fareast-font-family: Symbol; mso-bidi-font-family: Symbol; mso-bidi-font-size: 11.0pt\"><SPAN style=\"mso-list: Ignore\">·<SPAN style='FONT: 7pt \"Times New Roman\"'>&nbsp;&nbsp;&nbsp;&nbsp;&nbsp;&nbsp;&nbsp; </SPAN></SPAN></SPAN><SPAN style=\"COLOR: black; mso-bidi-font-family: Calibri; mso-bidi-theme-font: minor-latin\"><FONT size=3><FONT face=Calibri>Cildinizi temizledikten sonra ince bir tabaka şeklinde uygulayın.<o:p></o:p></FONT></FONT></SPAN></P><P class=MsoNormal style=\"BACKGROUND: white; MARGIN: 0cm 0cm 8pt; LINE-HEIGHT: normal; TEXT-INDENT: -18pt; mso-margin-top-alt: auto; mso-margin-bottom-alt: auto; mso-list: l0 level1 lfo1; tab-stops: list 36.0pt\"><SPAN style=\"FONT-SIZE: 10pt; FONT-FAMILY: Symbol; COLOR: black; mso-fareast-font-family: Symbol; mso-bidi-font-family: Symbol; mso-bidi-font-size: 11.0pt\"><SPAN style=\"mso-list: Ignore\">·<SPAN style='FONT: 7pt \"Times New Roman\"'>&nbsp;&nbsp;&nbsp;&nbsp;&nbsp;&nbsp;&nbsp; </SPAN></SPAN></SPAN><SPAN style=\"COLOR: black; mso-bidi-font-family: Calibri; mso-bidi-theme-font: minor-latin\"><FONT size=3><FONT face=Calibri>Eğer sivilceler için başka bir ürün kullanıyorsanız sadece lokal olarak sivilcenin üzerine uygulayın.<o:p></o:p></FONT></FONT></SPAN></P><P class=MsoNormal style=\"BACKGROUND: white; MARGIN: 0cm 0cm 8pt; LINE-HEIGHT: normal; TEXT-INDENT: -18pt; mso-margin-top-alt: auto; mso-margin-bottom-alt: auto; mso-list: l0 level1 lfo1; tab-stops: list 36.0pt\"><SPAN style=\"FONT-SIZE: 10pt; FONT-FAMILY: Symbol; COLOR: black; mso-fareast-font-family: Symbol; mso-bidi-font-family: Symbol; mso-bidi-font-size: 11.0pt\"><SPAN style=\"mso-list: Ignore\">·<SPAN style='FONT: 7pt \"Times New Roman\"'>&nbsp;&nbsp;&nbsp;&nbsp;&nbsp;&nbsp;&nbsp; </SPAN></SPAN></SPAN><SPAN style=\"COLOR: black; mso-bidi-font-family: Calibri; mso-bidi-theme-font: minor-latin\"><FONT size=3><FONT face=Calibri>Sivilce tedavisi görüyorsanız ekstra hassasiyet ve kuruluk yaratabilir. Bu gibi durumlarda kullanmadan önce lütfen doktorunuza danışın.<o:p></o:p></FONT></FONT></SPAN></P><P class=MsoNormal style=\"BACKGROUND: white; MARGIN: 0cm 0cm 8pt; LINE-HEIGHT: normal; TEXT-INDENT: -18pt; mso-margin-top-alt: auto; mso-margin-bottom-alt: auto; mso-list: l0 level1 lfo1; tab-stops: list 36.0pt\"><SPAN style=\"FONT-SIZE: 10pt; FONT-FAMILY: Symbol; COLOR: black; mso-fareast-font-family: Symbol; mso-bidi-font-family: Symbol; mso-bidi-font-size: 11.0pt\"><SPAN style=\"mso-list: Ignore\">·<SPAN style='FONT: 7pt \"Times New Roman\"'>&nbsp;&nbsp;&nbsp;&nbsp;&nbsp;&nbsp;&nbsp; </SPAN></SPAN></SPAN><SPAN style=\"COLOR: black; mso-bidi-font-family: Calibri; mso-bidi-theme-font: minor-latin\"><FONT size=3 face=Calibri>Aşırı kuruluk gözlenirse, ürünü gün aşırı kullanın.</FONT><o:p></o:p></SPAN></P><P><BR></P>","label":"PRODUCT USAGE","type":"product_usage"},{"content":null,"label":"HOW DOES IT WORK","type":"how_does_it_work"},{"content":"Tüm Cilt Tipleri (1,2,3,4)","label":"WHO IT IS FOR","type":"who_it_is_for"},{"content":null,"label":"GREAT TO KNOW","type":"great_to_know"},{"content":"<H5 style=\"BACKGROUND: white; MARGIN: 0cm 0cm 0pt\"><SPAN style='FONT-FAMILY: \"Calibri\",sans-serif; COLOR: black; mso-ascii-theme-font: minor-latin; mso-fareast-font-family: Calibri; mso-fareast-theme-font: minor-latin; mso-hansi-theme-font: minor-latin; mso-bidi-theme-font: minor-latin'><FONT size=3>Ne İşe Yarar?<?xml:namespace prefix = \"o\" ns = \"urn:schemas-microsoft-com:office:office\" /><o:p></o:p></FONT></SPAN></H5><P class=typographybody1-sc-1fbxrya-6 style=\"BACKGROUND: white; MARGIN: 0cm 0cm 0pt\"><SPAN style='FONT-SIZE: 11pt; FONT-FAMILY: \"Calibri\",sans-serif; COLOR: black; mso-ascii-theme-font: minor-latin; mso-fareast-font-family: Calibri; mso-fareast-theme-font: minor-latin; mso-hansi-theme-font: minor-latin; mso-bidi-theme-font: minor-latin; mso-fareast-language: EN-US'>Jel, uygulandıktan sonra sivilcenin üzerinde etki etmeye başlar. Sivilcenin istenmeyen görünümünü sakinleştirirken yenilerinin oluşmasını engellemeye yardımcı olur. Sivilceye yatkın ciltler ve aktif sivilcesi olanlar tüm yüzüne ya da sivilcelerin üzerine uygulayabilir. Cildi gözle görülür şekilde arındırmaya yardımcı olur.<BR><BR><STRONG>Aktif İçerikler</STRONG></SPAN></P><P class=typographybody1-sc-1fbxrya-6 style=\"BACKGROUND: white; MARGIN: 0cm 0cm 0pt\"><SPAN style='FONT-SIZE: 11pt; FONT-FAMILY: \"Calibri\",sans-serif; COLOR: black; mso-ascii-theme-font: minor-latin; mso-fareast-font-family: Calibri; mso-fareast-theme-font: minor-latin; mso-hansi-theme-font: minor-latin; mso-bidi-theme-font: minor-latin; mso-fareast-language: EN-US'></SPAN><SPAN style='FONT-SIZE: 11pt; FONT-FAMILY: \"Calibri\",sans-serif; COLOR: black; LINE-HEIGHT: 107%; mso-ascii-theme-font: minor-latin; mso-fareast-font-family: Calibri; mso-fareast-theme-font: minor-latin; mso-hansi-theme-font: minor-latin; mso-bidi-theme-font: minor-latin; mso-fareast-language: EN-US; mso-ansi-language: TR; mso-bidi-language: AR-SA'><BR>İçeriğindeki Salisilik Asit sayesinde cildi ölü derilerden arındırırken tıkanmış gözenekleri derinlemesine temizler. Laminaria Sacharina özü gibi sebum kontrolüne yardımcı olan içerikler sayesinde ciltte sivilceyi oluşturacak sebumun birikmesini engellemeye destek olur. Cadı fındığı içeriği, gözeneklerin sıkılaşmasını destekler ve cildin parlamasını önler. Benzalkonium Chloride gibi sivilce karşıtı içerikler sayesinde cilt yüzeyinde sivilce oluşturabilecek bakterileri yok eder ve oluşumlarına engel olur.</SPAN></P>","label":"WHAT_IT_DOES","type":"what_it_does"},{"content":"<P class=MsoNormal style=\"MARGIN: 0cm 0cm 0pt; LINE-HEIGHT: normal; TEXT-AUTOSPACE: ; mso-layout-grid-align: none\"><SPAN style='FONT-SIZE: 10pt; FONT-FAMILY: \"Segoe UI\",sans-serif; COLOR: black'>Merhaba sivilceler. Etrafınız sarıldı! <?xml:namespace prefix = \"o\" ns = \"urn:schemas-microsoft-com:office:office\" /><o:p></o:p></SPAN></P><H2 style=\"BACKGROUND: white; MARGIN: 9pt 0cm\"><SPAN style='FONT-SIZE: 10pt; FONT-FAMILY: \"Segoe UI\",sans-serif; COLOR: black; LINE-HEIGHT: 107%'>Anti Blemish sivilce karşıtı jel ile sivilce ve cilt problemlerine karşı anında etkili sonuçlar elde edin.<o:p></o:p></SPAN></H2><H5 style=\"BACKGROUND: white; MARGIN: 0cm 0cm 0pt\"><SPAN style='FONT-FAMILY: \"Calibri\",sans-serif; COLOR: black; mso-ascii-theme-font: minor-latin; mso-fareast-font-family: Calibri; mso-fareast-theme-font: minor-latin; mso-hansi-theme-font: minor-latin; mso-bidi-theme-font: minor-latin'><FONT size=3>Nedir?<o:p></o:p></FONT></SPAN></H5><P class=typographybody1-sc-1fbxrya-6 style=\"BACKGROUND: white; MARGIN: 0cm 0cm 0pt\"><SPAN style='FONT-SIZE: 11pt; FONT-FAMILY: \"Calibri\",sans-serif; COLOR: black; mso-ascii-theme-font: minor-latin; mso-fareast-font-family: Calibri; mso-fareast-theme-font: minor-latin; mso-hansi-theme-font: minor-latin; mso-bidi-theme-font: minor-latin; mso-fareast-language: EN-US'>Cilt pürüzlerinin azaltılmasına ve yatıştırılmasına yardımcı olur.<o:p></o:p></SPAN></P><P class=typographybody1-sc-1fbxrya-6 style=\"BACKGROUND: white; MARGIN: 0cm 0cm 0pt\"><SPAN style='FONT-SIZE: 11pt; FONT-FAMILY: \"Calibri\",sans-serif; COLOR: black; mso-ascii-theme-font: minor-latin; mso-fareast-font-family: Calibri; mso-fareast-theme-font: minor-latin; mso-hansi-theme-font: minor-latin; mso-bidi-theme-font: minor-latin; mso-fareast-language: EN-US'><o:p>&nbsp;</o:p></SPAN></P><H5 style=\"BACKGROUND: white; MARGIN: 0cm 0cm 0pt\"><SPAN style='FONT-FAMILY: \"Calibri\",sans-serif; COLOR: black; mso-ascii-theme-font: minor-latin; mso-fareast-font-family: Calibri; mso-fareast-theme-font: minor-latin; mso-hansi-theme-font: minor-latin; mso-bidi-theme-font: minor-latin'><FONT size=3>Kim İçin?<o:p></o:p></FONT></SPAN></H5><P class=typographybody1-sc-1fbxrya-6 style=\"BACKGROUND: white; MARGIN: 0cm 0cm 0pt\"><SPAN style='FONT-SIZE: 11pt; FONT-FAMILY: \"Calibri\",sans-serif; COLOR: black; mso-ascii-theme-font: minor-latin; mso-fareast-font-family: Calibri; mso-fareast-theme-font: minor-latin; mso-hansi-theme-font: minor-latin; mso-bidi-theme-font: minor-latin; mso-fareast-language: EN-US'>Tüm Cilt Tipleri (1,2,3,4)<o:p></o:p></SPAN></P>","label":"WHAT_IT_IS","type":"what_it_is"}],"objectID":"29793"},{"benefit":{"statement":null,"benefits":null},"brand":null,"collection":[{"key":"clinique-smart-collection","value":"clinique_smart_collection"}],"coverage":null,"cross_sell":[{"sku_id":"6WRE01","sort_key":1},{"sku_id":"6NFC01","sort_key":2},{"sku_id":"6WRE01","sort_key":3},{"sku_id":"7JJ001","sort_key":4},{"sku_id":"7KE601","sort_key":5}],"default_category":{"id":"4034","key":"yüz-serumlari"},"description":"Nedir? Güçlü serum, yaşlanmanın temel belirtilerinin görünümünü belirgin şekilde azaltmaya yardımcı olur. Ne Yapar? Daha eşit bir ton, arındırılmış bir doku ve çizgilerin görünümünde belirgin bir azalma dahil cilt görünümünüzde gözle görülür şekilde aşama kaydetmek için düzenli olarak günde iki kez kullanın. Temel İçerik Maddeleri / Teknoloji: Patentli Clinique Smart teknolojisi, cildinizin maruz kaldığı hasara özel şekildebakımını yapmaya yardımcı olur. Diğer içerik maddeleri arasında bir peptit karışımı, patentli enzimler, doğal kolajen destekleyici maddeler ve cilt görünümünü aydınlatıcı bitkisel maddeler yer alır.","display_mode":null,"display_name":"Smart Custom-Repair Serum Akıllı Onarım Serumu","display_status":7,"finish":null,"form":[{"key":"serum-form","value":"serum_form"}],"formula_type":null,"fragrance_family":null,"indexable_keywords":null,"is_hazmat":false,"is_product_coming_soon":null,"is_product_displayable":true,"is_product_searchable":true,"is_product_shoppable":true,"is_product_sold_out":null,"is_product_temporarily_out_of_stock":null,"is_search_suppressed":null,"key_ingredient":null,"media":{"large":[{"alt":"Smart Custom-Repair Serum Akıllı Onarım Serumu","height":1200,"position":0,"src":"/media/export/cms/products/1200x1500/cl_prod_30149_1200x1500_0.png","type":"image","width":1500}],"medium":null,"poster":null,"small":[{"alt":"Smart Custom-Repair Serum Akıllı Onarım Serumu","height":1200,"position":1,"src":"/media/export/cms/products/1200x1500/cl_prod_30149_1200x1500_0.png","type":"image","width":1500}],"videos":[{"position":null,"poster":{"height":null,"src":null,"width":null},"provider":null,"src":null},{"position":null,"poster":{"height":null,"src":null,"width":null},"provider":null,"src":null},{"position":null,"poster":{"height":null,"src":null,"width":null},"provider":null,"src":null}],"xl":null},"meta":{"description":null,"keywords":null},"parent_category":[{"id":"4034","value":"YÜZ SERUMLARI"},{"id":"1667","value":"CİLT BAKIMI"}],"product_badge":null,"product_id":"30149","product_title_tag":null,"product_type":"Sized","product_url":"/product/4034/30149/cilt-bakimi/yuz-serumlari/smart-custom-repair-serum-akll-onarm-serumu/akll-onarm-serumu","reviews":{"average_rating":4.2,"number_of_questions":null,"number_of_reviews":53},"shade_groups":null,"short_description":"Güçlü serum, yaşlanmanın temel belirtilerinin görünümünü belirgin şekilde azaltmaya yardımcı olur","skin":{"concern":[{"key":"anti-aging-concern","value":"anti_aging_concern"},{"key":"lineswrinkles-concern","value":"lineswrinkles_concern"}]},"skin_goal":null,"skus":{"total":3,"items":[{"color_family":null,"coverage_options":null,"cross_sell":null,"display_status":7,"finish":null,"finish_options":null,"fragrances":[{"family":null,"key":null,"value":null}],"iln_listing":null,"iln_version_number":null,"inventory_status":"Active","is_active":true,"is_coming_soon":null,"is_default_sku":false,"is_discountable":true,"is_displayable":null,"is_engravable":null,"is_fragrance":null,"is_giftable":null,"is_giftwrap":false,"is_inactive":null,"is_multi_shaded":null,"is_out_of_stock":null,"is_preorder":false,"is_preorderable":null,"is_promotional":null,"is_replenishable":false,"is_search_suppressed":null,"is_searchable":true,"is_shaded":null,"is_sized":null,"is_sold_out":null,"is_under_weight_hazmat":false,"is_vto_enabled":null,"life_of_product":"Basic Reorder","material_code":"Z7W3010001","media":{"large":[{"alt":"Smart Custom-Repair Serum Akıllı Onarım Serumu","height":1200,"position":0,"src":"/media/export/cms/products/1200x1500/cl_sku_Z7W301_1200x1500_0.png","type":"image","width":1500}],"medium":[{"alt":"Smart Custom-Repair Serum Akıllı Onarım Serumu","height":600,"position":1,"src":"/media/export/cms/products/600x750/cl_sku_Z7W301_600x750_0.png","type":"image","width":750},{"alt":"Smart Custom-Repair Serum Akıllı Onarım Serumu","height":600,"position":2,"src":"/media/export/cms/products/600x750/cl_sku_Z7W301_600x750_1.png","type":"image","width":750}],"model":null,"poster":null,"small":[{"alt":"Smart Custom-Repair Serum Akıllı Onarım Serumu","height":1200,"position":3,"src":"/media/export/cms/products/1200x1500/cl_sku_Z7W301_1200x1500_0.png","type":"image","width":1500}],"smoosh":null,"xl":null},"out_of_stock_threshold":null,"perlgem":{"SKU_BASE_ID":59603},"preorder_date":null,"prices":[{"currency":"TRY","exclude_tax":{"original_price":1160,"original_price_formatted":"1160.00 TL","price":1160,"price_formatted":"1160.00 TL","price_per_unit":null,"price_per_unit_formatted":""},"include_tax":{"original_price":1160,"original_price_formatted":"1160.00 TL","price":1160,"price_formatted":"1160.00 TL","price_per_unit":null,"price_per_unit_formatted":""},"is_discounted":false}],"purchase_limit":null,"replenishment":{"message":null},"reviews":{"average_rating":null,"number_of_questions":null,"number_of_reviews":null},"set_components":null,"shade_groups":null,"shades":null,"sizes":[{"key":1,"value":"100 ml"}],"skin":{"tone":null,"type":[{"key":"very-dry-skintype","value":"very_dry_skintype"},{"key":"dry-skintype","value":"dry_skintype"},{"key":"combination-skintype","value":"combination_skintype"},{"key":"oily-skintype","value":"oily_skintype"}],"type_description":null},"sku_badge":null,"sku_badge_image":null,"sku_display_order":0,"sku_id":"Z7W301","sku_promo_messaging":null,"sku_type":"SE","sku_url":null,"tags":{"total":19,"items":[{"id":"4034","key":"yüz-serumlari","value":"YÜZ SERUMLARI"},{"id":"1980","key":"yaşlanma-karşıtı","value":"Yaşlanma Karşıtı"},{"id":"1628","key":"-evde-bakim","value":"# EVDE BAKIM"},{"id":"24180","key":"tamamlayici-ürünler","value":"TAMAMLAYICI ÜRÜNLER"},{"id":"1667","key":"ci̇lt-bakimi","value":"CİLT BAKIMI"},{"id":"8194","key":"en-çok-satan-10","value":"En Çok Satan 10 "},{"id":"27172","key":"day5flashsale","value":"Day5FlashSale"},{"id":"15513","key":"recommended-for-students","value":"Recommended for Students"},{"id":"1685","key":"hedi̇yeler-setler","value":"HEDİYELER & SETLER"},{"id":"1674","key":"yaşlanma-karşıtı-bakım","value":"Yaşlanma Karşıtı Bakım"},{"id":"11731","key":"nail-enamel","value":"nail enamel"},{"id":"25016","key":"top-sellers","value":"Top Sellers"},{"id":"16320","key":"clinique-smart","value":"Clinique Smart"},{"id":"17859","key":"çok-satanlar","value":"ÇOK SATANLAR"},{"id":"13051","key":"skin-care-best-sellers","value":"Skin Care Best Sellers"},{"id":"13770","key":"recommended-clinique-favourites","value":"Recommended Clinique Favourites"},{"id":"1675","key":"koruma-önleme","value":"Koruma & Önleme"},{"id":"1687","key":"yüz-nemlendi̇ri̇ci̇","value":"YÜZ NEMLENDİRİCİ"},{"id":"13563","key":"yeni̇-yil-ci̇lt-bakimi","value":"YENİ YIL CİLT BAKIMI"}]},"texture":null,"undertone":null,"unit_of_measure":null,"unit_size":null,"unit_size_formatted":null,"upc":"020714698928","vto":{"is_color_experience":null,"is_foundation_experience":null}},{"color_family":null,"coverage_options":null,"cross_sell":null,"display_status":7,"finish":null,"finish_options":null,"fragrances":[{"family":null,"key":null,"value":null}],"iln_listing":null,"iln_version_number":null,"inventory_status":"Active","is_active":true,"is_coming_soon":null,"is_default_sku":true,"is_discountable":true,"is_displayable":null,"is_engravable":null,"is_fragrance":null,"is_giftable":null,"is_giftwrap":false,"is_inactive":null,"is_multi_shaded":null,"is_out_of_stock":null,"is_preorder":false,"is_preorderable":null,"is_promotional":null,"is_replenishable":false,"is_search_suppressed":null,"is_searchable":true,"is_shaded":null,"is_sized":null,"is_sold_out":null,"is_under_weight_hazmat":false,"is_vto_enabled":null,"life_of_product":"Basic Reorder","material_code":"Z512010001","media":{"large":[{"alt":"Smart Custom-Repair Serum Akıllı Onarım Serumu","height":1200,"position":0,"src":"/media/export/cms/products/1200x1500/cl_sku_Z51201_1200x1500_0.png","type":"image","width":1500}],"medium":[{"alt":"Smart Custom-Repair Serum Akıllı Onarım Serumu","height":600,"position":1,"src":"/media/export/cms/products/600x750/cl_sku_Z51201_600x750_0.png","type":"image","width":750}],"model":null,"poster":null,"small":[{"alt":"Smart Custom-Repair Serum Akıllı Onarım Serumu","height":1200,"position":2,"src":"/media/export/cms/products/1200x1500/cl_sku_Z51201_1200x1500_0.png","type":"image","width":1500}],"smoosh":null,"xl":null},"out_of_stock_threshold":null,"perlgem":{"SKU_BASE_ID":54733},"preorder_date":null,"prices":[{"currency":"TRY","exclude_tax":{"original_price":599,"original_price_formatted":"599.00 TL","price":599,"price_formatted":"599.00 TL","price_per_unit":null,"price_per_unit_formatted":""},"include_tax":{"original_price":599,"original_price_formatted":"599.00 TL","price":599,"price_formatted":"599.00 TL","price_per_unit":null,"price_per_unit_formatted":""},"is_discounted":false}],"purchase_limit":null,"replenishment":{"message":null},"reviews":{"average_rating":null,"number_of_questions":null,"number_of_reviews":null},"set_components":null,"shade_groups":null,"shades":null,"sizes":[{"key":1,"value":"30 ml"}],"skin":{"tone":null,"type":[{"key":"very-dry-skintype","value":"very_dry_skintype"},{"key":"dry-skintype","value":"dry_skintype"},{"key":"combination-skintype","value":"combination_skintype"},{"key":"oily-skintype","value":"oily_skintype"}],"type_description":null},"sku_badge":null,"sku_badge_image":null,"sku_display_order":0,"sku_id":"Z51201","sku_promo_messaging":null,"sku_type":"SE","sku_url":null,"tags":{"total":32,"items":[{"id":"4034","key":"yüz-serumlari","value":"YÜZ SERUMLARI"},{"id":"1980","key":"yaşlanma-karşıtı","value":"Yaşlanma Karşıtı"},{"id":"1628","key":"-evde-bakim","value":"# EVDE BAKIM"},{"id":"2644","key":"alışverişi-tamamla","value":"Alışverişi Tamamla"},{"id":"24180","key":"tamamlayici-ürünler","value":"TAMAMLAYICI ÜRÜNLER"},{"id":"27169","key":"day2flashsale","value":"Day2FlashSale"},{"id":"1667","key":"ci̇lt-bakimi","value":"CİLT BAKIMI"},{"id":"8194","key":"en-çok-satan-10","value":"En Çok Satan 10 "},{"id":"27172","key":"day5flashsale","value":"Day5FlashSale"},{"id":"1676","key":"724-onarım","value":"7/24 Onarım"},{"id":"13561","key":"yeni̇-yil-buti̇ği̇","value":"YENİ YIL BUTİĞİ"},{"id":"25565","key":"justarrivednew","value":"justarrivednew"},{"id":"15513","key":"recommended-for-students","value":"Recommended for Students"},{"id":"16422","key":"gifts","value":"Gifts"},{"id":"1685","key":"hedi̇yeler-setler","value":"HEDİYELER & SETLER"},{"id":"1674","key":"yaşlanma-karşıtı-bakım","value":"Yaşlanma Karşıtı Bakım"},{"id":"11731","key":"nail-enamel","value":"nail enamel"},{"id":"14715","key":"mothers-day-gift-sets","value":"Mother's Day Gift Sets"},{"id":"25016","key":"top-sellers","value":"Top Sellers"},{"id":"1590","key":"i̇ndi̇ri̇mli̇-ürünler","value":"İNDİRİMLİ ÜRÜNLER"},{"id":"9426","key":"top-rated-skin-care","value":"top rated skin care"},{"id":"16320","key":"clinique-smart","value":"Clinique Smart"},{"id":"2752","key":"çok-satan-ci̇lt-bakim-ürünleri̇","value":"ÇOK SATAN CİLT BAKIM ÜRÜNLERİ"},{"id":"17859","key":"çok-satanlar","value":"ÇOK SATANLAR"},{"id":"8312","key":"3-al","value":"3 Al"},{"id":"13051","key":"skin-care-best-sellers","value":"Skin Care Best Sellers"},{"id":"13770","key":"recommended-clinique-favourites","value":"Recommended Clinique Favourites"},{"id":"1675","key":"koruma-önleme","value":"Koruma & Önleme"},{"id":"1687","key":"yüz-nemlendi̇ri̇ci̇","value":"YÜZ NEMLENDİRİCİ"},{"id":"1693","key":"lekeler","value":"Lekeler"},{"id":"27174","key":"day7flashsale","value":"Day7FlashSale"},{"id":"13563","key":"yeni̇-yil-ci̇lt-bakimi","value":"YENİ YIL CİLT BAKIMI"}]},"texture":null,"undertone":null,"unit_of_measure":null,"unit_size":null,"unit_size_formatted":null,"upc":"020714674830","vto":{"is_color_experience":null,"is_foundation_experience":null}},{"color_family":null,"coverage_options":null,"cross_sell":null,"display_status":7,"finish":null,"finish_options":null,"fragrances":[{"family":null,"key":null,"value":null}],"iln_listing":null,"iln_version_number":null,"inventory_status":"Active","is_active":true,"is_coming_soon":null,"is_default_sku":false,"is_discountable":true,"is_displayable":null,"is_engravable":null,"is_fragrance":null,"is_giftable":null,"is_giftwrap":false,"is_inactive":null,"is_multi_shaded":null,"is_out_of_stock":null,"is_preorder":false,"is_preorderable":null,"is_promotional":null,"is_replenishable":false,"is_search_suppressed":null,"is_searchable":true,"is_shaded":null,"is_sized":null,"is_sold_out":null,"is_under_weight_hazmat":false,"is_vto_enabled":null,"life_of_product":"Basic Reorder","material_code":"Z7W2010001","media":{"large":[{"alt":"Smart Custom-Repair Serum Akıllı Onarım Serumu","height":1200,"position":0,"src":"/media/export/cms/products/1200x1500/cl_sku_Z7W201_1200x1500_0.png","type":"image","width":1500}],"medium":[{"alt":"Smart Custom-Repair Serum Akıllı Onarım Serumu","height":600,"position":1,"src":"/media/export/cms/products/600x750/cl_sku_Z7W201_600x750_0.png","type":"image","width":750}],"model":null,"poster":null,"small":[{"alt":"Smart Custom-Repair Serum Akıllı Onarım Serumu","height":1200,"position":2,"src":"/media/export/cms/products/1200x1500/cl_sku_Z7W201_1200x1500_0.png","type":"image","width":1500}],"smoosh":null,"xl":null},"out_of_stock_threshold":null,"perlgem":{"SKU_BASE_ID":56006},"preorder_date":null,"prices":[{"currency":"TRY","exclude_tax":{"original_price":885,"original_price_formatted":"885.00 TL","price":885,"price_formatted":"885.00 TL","price_per_unit":null,"price_per_unit_formatted":""},"include_tax":{"original_price":885,"original_price_formatted":"885.00 TL","price":885,"price_formatted":"885.00 TL","price_per_unit":null,"price_per_unit_formatted":""},"is_discounted":false}],"purchase_limit":null,"replenishment":{"message":null},"reviews":{"average_rating":null,"number_of_questions":null,"number_of_reviews":null},"set_components":null,"shade_groups":null,"shades":null,"sizes":[{"key":1,"value":"50 ml"}],"skin":{"tone":null,"type":[{"key":"very-dry-skintype","value":"very_dry_skintype"},{"key":"dry-skintype","value":"dry_skintype"},{"key":"combination-skintype","value":"combination_skintype"},{"key":"oily-skintype","value":"oily_skintype"}],"type_description":null},"sku_badge":null,"sku_badge_image":null,"sku_display_order":0,"sku_id":"Z7W201","sku_promo_messaging":null,"sku_type":"SE","sku_url":null,"tags":{"total":30,"items":[{"id":"4034","key":"yüz-serumlari","value":"YÜZ SERUMLARI"},{"id":"1980","key":"yaşlanma-karşıtı","value":"Yaşlanma Karşıtı"},{"id":"1628","key":"-evde-bakim","value":"# EVDE BAKIM"},{"id":"2644","key":"alışverişi-tamamla","value":"Alışverişi Tamamla"},{"id":"24180","key":"tamamlayici-ürünler","value":"TAMAMLAYICI ÜRÜNLER"},{"id":"27169","key":"day2flashsale","value":"Day2FlashSale"},{"id":"1667","key":"ci̇lt-bakimi","value":"CİLT BAKIMI"},{"id":"8194","key":"en-çok-satan-10","value":"En Çok Satan 10 "},{"id":"27172","key":"day5flashsale","value":"Day5FlashSale"},{"id":"1676","key":"724-onarım","value":"7/24 Onarım"},{"id":"1575","key":"en-çok-satanlar","value":"En Çok Satanlar"},{"id":"13561","key":"yeni̇-yil-buti̇ği̇","value":"YENİ YIL BUTİĞİ"},{"id":"15513","key":"recommended-for-students","value":"Recommended for Students"},{"id":"16422","key":"gifts","value":"Gifts"},{"id":"1685","key":"hedi̇yeler-setler","value":"HEDİYELER & SETLER"},{"id":"1674","key":"yaşlanma-karşıtı-bakım","value":"Yaşlanma Karşıtı Bakım"},{"id":"11731","key":"nail-enamel","value":"nail enamel"},{"id":"25016","key":"top-sellers","value":"Top Sellers"},{"id":"1590","key":"i̇ndi̇ri̇mli̇-ürünler","value":"İNDİRİMLİ ÜRÜNLER"},{"id":"9426","key":"top-rated-skin-care","value":"top rated skin care"},{"id":"16320","key":"clinique-smart","value":"Clinique Smart"},{"id":"2752","key":"çok-satan-ci̇lt-bakim-ürünleri̇","value":"ÇOK SATAN CİLT BAKIM ÜRÜNLERİ"},{"id":"17859","key":"çok-satanlar","value":"ÇOK SATANLAR"},{"id":"13051","key":"skin-care-best-sellers","value":"Skin Care Best Sellers"},{"id":"13770","key":"recommended-clinique-favourites","value":"Recommended Clinique Favourites"},{"id":"1675","key":"koruma-önleme","value":"Koruma & Önleme"},{"id":"1687","key":"yüz-nemlendi̇ri̇ci̇","value":"YÜZ NEMLENDİRİCİ"},{"id":"1693","key":"lekeler","value":"Lekeler"},{"id":"27174","key":"day7flashsale","value":"Day7FlashSale"},{"id":"13563","key":"yeni̇-yil-ci̇lt-bakimi","value":"YENİ YIL CİLT BAKIMI"}]},"texture":null,"undertone":null,"unit_of_measure":null,"unit_size":null,"unit_size_formatted":null,"upc":"020714698911","vto":{"is_color_experience":null,"is_foundation_experience":null}}]},"sub_display_name":null,"sub_header":null,"tags":{"total":33,"items":[{"id":"4034","key":"yüz-serumlari","parent_tag_id":"1667","product_display_order":0,"value":"YÜZ SERUMLARI"},{"id":"1980","key":"yaşlanma-karşıtı","parent_tag_id":"1674","product_display_order":0,"value":"Yaşlanma Karşıtı"},{"id":"1628","key":"-evde-bakim","parent_tag_id":null,"product_display_order":0,"value":"# EVDE BAKIM"},{"id":"2644","key":"alışverişi-tamamla","parent_tag_id":null,"product_display_order":0,"value":"Alışverişi Tamamla"},{"id":"24180","key":"tamamlayici-ürünler","parent_tag_id":"1667","product_display_order":0,"value":"TAMAMLAYICI ÜRÜNLER"},{"id":"27169","key":"day2flashsale","parent_tag_id":"1590","product_display_order":0,"value":"Day2FlashSale"},{"id":"1667","key":"ci̇lt-bakimi","parent_tag_id":null,"product_display_order":214,"value":"CİLT BAKIMI"},{"id":"8194","key":"en-çok-satan-10","parent_tag_id":null,"product_display_order":0,"value":"En Çok Satan 10 "},{"id":"27172","key":"day5flashsale","parent_tag_id":"1590","product_display_order":42,"value":"Day5FlashSale"},{"id":"1676","key":"724-onarım","parent_tag_id":"1674","product_display_order":0,"value":"7/24 Onarım"},{"id":"1575","key":"en-çok-satanlar","parent_tag_id":null,"product_display_order":42,"value":"En Çok Satanlar"},{"id":"13561","key":"yeni̇-yil-buti̇ği̇","parent_tag_id":null,"product_display_order":0,"value":"YENİ YIL BUTİĞİ"},{"id":"25565","key":"justarrivednew","parent_tag_id":null,"product_display_order":0,"value":"justarrivednew"},{"id":"15513","key":"recommended-for-students","parent_tag_id":"4323","product_display_order":0,"value":"Recommended for Students"},{"id":"16422","key":"gifts","parent_tag_id":"1585","product_display_order":30,"value":"Gifts"},{"id":"1685","key":"hedi̇yeler-setler","parent_tag_id":"1684","product_display_order":53,"value":"HEDİYELER & SETLER"},{"id":"1674","key":"yaşlanma-karşıtı-bakım","parent_tag_id":"1667","product_display_order":0,"value":"Yaşlanma Karşıtı Bakım"},{"id":"11731","key":"nail-enamel","parent_tag_id":"1592","product_display_order":0,"value":"nail enamel"},{"id":"14715","key":"mothers-day-gift-sets","parent_tag_id":"4323","product_display_order":0,"value":"Mother's Day Gift Sets"},{"id":"25016","key":"top-sellers","parent_tag_id":"4323","product_display_order":0,"value":"Top Sellers"},{"id":"1590","key":"i̇ndi̇ri̇mli̇-ürünler","parent_tag_id":null,"product_display_order":0,"value":"İNDİRİMLİ ÜRÜNLER"},{"id":"9426","key":"top-rated-skin-care","parent_tag_id":"9420","product_display_order":1,"value":"top rated skin care"},{"id":"16320","key":"clinique-smart","parent_tag_id":"1667","product_display_order":0,"value":"Clinique Smart"},{"id":"2752","key":"çok-satan-ci̇lt-bakim-ürünleri̇","parent_tag_id":"1667","product_display_order":0,"value":"ÇOK SATAN CİLT BAKIM ÜRÜNLERİ"},{"id":"17859","key":"çok-satanlar","parent_tag_id":null,"product_display_order":38,"value":"ÇOK SATANLAR"},{"id":"8312","key":"3-al","parent_tag_id":"1628","product_display_order":0,"value":"3 Al"},{"id":"13051","key":"skin-care-best-sellers","parent_tag_id":"1667","product_display_order":1,"value":"Skin Care Best Sellers"},{"id":"13770","key":"recommended-clinique-favourites","parent_tag_id":null,"product_display_order":2,"value":"Recommended Clinique Favourites"},{"id":"1675","key":"koruma-önleme","parent_tag_id":"1674","product_display_order":0,"value":"Koruma & Önleme"},{"id":"1687","key":"yüz-nemlendi̇ri̇ci̇","parent_tag_id":"1667","product_display_order":111,"value":"YÜZ NEMLENDİRİCİ"},{"id":"1693","key":"lekeler","parent_tag_id":"1667","product_display_order":0,"value":"Lekeler"},{"id":"27174","key":"day7flashsale","parent_tag_id":"1590","product_display_order":0,"value":"Day7FlashSale"},{"id":"13563","key":"yeni̇-yil-ci̇lt-bakimi","parent_tag_id":"13561","product_display_order":30,"value":"YENİ YIL CİLT BAKIMI"}]},"usage":[{"content":"<UL><LI>3 Adımlı Cilt Bakım sisteminden sonra günde 2 kere sabah ve akşam uygulayın.</LI><LI>Avucunuzun içine 2 pompa olacak şekilde sıkın.</LI><LI>Aşağıdan yukarıya doğru hareketle tüm yüzünüze uygulayın. Kalan serumu boynunuza uygulayın.</LI><LI>Daha iyi sonuçlar için sabahları güneş koruyucu kullanın.</LI></UL>","label":"PRODUCT USAGE","type":"product_usage"},{"content":null,"label":"HOW DOES IT WORK","type":"how_does_it_work"},{"content":"Tüm Cilt Tipleri (1,2,3,4)","label":"WHO IT IS FOR","type":"who_it_is_for"},{"content":null,"label":"GREAT TO KNOW","type":"great_to_know"},{"content":"Düzenli olarak günde iki kez kullanın ve gözle görülür şekilde cilt tonunda eşitlendiğini, cilt dokusunun iyileştiğini, çizgilerin azaldığını gözlemleyin.<br> <b> Temel İçerikler </ b> <br> Patentli Clinique Smart * ™ teknolojisi cildinizdeki endişenize göre kişiye özel onarım sunar. Peptitler, glukozamin ve Salisilik asit içeriğiyle ince çizgileri azaltmaya yardımcıdır. Aydınlatıcı C vitamini ve botanikler yardımı ile gözle görülür şekilde siyah noktaları ve ciltteki renk eşitsizliği/lekeleri azaltmaya yardımcı olur. <br> <b> Nasıl Kullanılır? </ b> <br> <ul> optimum sonuçlar için 3 adımlı cilt bakım sistemi ile cildinizi hazırlayın. <li> </ li> <li> Günde iki kez; sabah ve gece olmak üzere kullanabilirsiniz. </ li> </ li> 2-3 pump alınız. </ li> <li> Göz çevresinden kaçınarak temiz yüz ve boyun çevresine uygulayınız </ li> <li> Cilt endişenize uygun nemlendirici ile cildinizi nemlendirin. </ li> <li> İPUCU: daha iyi sonuçlar için sabah güneş koruyusu ile beraber kullanınız. </ li> </ ul>.","label":"WHAT_IT_DOES","type":"what_it_does"},{"content":"Devrim niteliğindeki serum, yaşlanmanın temel belirtilerinin görünümünü belirgin şekilde azaltmaya yardımcı olur","label":"WHAT_IT_IS","type":"what_it_is"}],"objectID":"30149"},{"benefit":{"statement":null,"benefits":null},"brand":null,"collection":null,"coverage":null,"cross_sell":[{"sku_id":"7NYF01","sort_key":1},{"sku_id":"749K04","sort_key":2},{"sku_id":"60MK01","sort_key":3},{"sku_id":"7T5R01","sort_key":4},{"sku_id":"7C7K02","sort_key":5},{"sku_id":"749K06","sort_key":6}],"default_category":{"id":"1593","key":"allik"},"description":"Kremsi ve pürüzsüz yapısı ile yanaklara anında ışıltılı ve doğal bir görünüm verir. Yağsızdır.<strong><br></strong>","display_mode":null,"display_name":"Chubby Stick Cheek Krem Allık","display_status":7,"finish":null,"form":null,"formula_type":null,"fragrance_family":null,"indexable_keywords":null,"is_hazmat":false,"is_product_coming_soon":null,"is_product_displayable":true,"is_product_searchable":true,"is_product_shoppable":true,"is_product_sold_out":null,"is_product_temporarily_out_of_stock":null,"is_search_suppressed":null,"key_ingredient":null,"media":{"large":null,"medium":null,"poster":null,"small":null,"videos":[{"position":null,"poster":{"height":null,"src":null,"width":null},"provider":null,"src":null},{"position":null,"poster":{"height":null,"src":null,"width":null},"provider":null,"src":null},{"position":null,"poster":{"height":null,"src":null,"width":null},"provider":null,"src":null}],"xl":null},"meta":{"description":null,"keywords":"cheek colour, blush, makeup"},"parent_category":[{"id":"1593","value":"ALLIK"},{"id":"1592","value":"MAKYAJ"}],"product_badge":null,"product_id":"30944","product_title_tag":null,"product_type":"Shaded","product_url":"/product/1593/30944/makyaj/allik/chubby-stick-cheek-krem-allk","reviews":{"average_rating":4,"number_of_questions":null,"number_of_reviews":7},"shade_groups":null,"short_description":null,"skin":null,"skin_goal":null,"skus":{"total":1,"items":[{"color_family":null,"coverage_options":null,"cross_sell":null,"display_status":7,"finish":null,"finish_options":null,"fragrances":[{"family":null,"key":null,"value":null}],"iln_listing":null,"iln_version_number":null,"inventory_status":"Active","is_active":true,"is_coming_soon":null,"is_default_sku":false,"is_discountable":true,"is_displayable":null,"is_engravable":null,"is_fragrance":null,"is_giftable":null,"is_giftwrap":false,"is_inactive":null,"is_multi_shaded":null,"is_out_of_stock":null,"is_preorder":false,"is_preorderable":null,"is_promotional":null,"is_replenishable":false,"is_search_suppressed":null,"is_searchable":true,"is_shaded":null,"is_sized":null,"is_sold_out":null,"is_under_weight_hazmat":false,"is_vto_enabled":null,"life_of_product":"Basic Reorder","material_code":"Z47M040001","media":{"large":[{"alt":"Chubby Stick Cheek Krem Allık","height":1200,"position":1,"src":"/media/export/cms/products/1200x1500/cl_sku_Z47M04_1200x1500_0.png","type":"image","width":1500}],"medium":[{"alt":"Chubby Stick Cheek Krem Allık","height":600,"position":2,"src":"/media/export/cms/products/600x750/cl_sku_Z47M04_600x750_0.png","type":"image","width":750}],"model":null,"poster":null,"small":[{"alt":"Chubby Stick Cheek Krem Allık","height":1200,"position":3,"src":"/media/export/cms/products/1200x1500/cl_sku_Z47M04_1200x1500_0.png","type":"image","width":1500}],"smoosh":[{"alt":"Chubby Stick Cheek Krem Allık","height":1200,"position":0,"src":"/media/export/cms/products/1200x1500/swatches_v3/82_ns_ng.png","type":"image","width":1500}],"xl":null},"out_of_stock_threshold":null,"perlgem":{"SKU_BASE_ID":55885},"preorder_date":null,"prices":[{"currency":"TRY","exclude_tax":{"original_price":195,"original_price_formatted":"195.00 TL","price":195,"price_formatted":"195.00 TL","price_per_unit":null,"price_per_unit_formatted":""},"include_tax":{"original_price":195,"original_price_formatted":"195.00 TL","price":195,"price_formatted":"195.00 TL","price_per_unit":null,"price_per_unit_formatted":""},"is_discounted":false}],"purchase_limit":null,"replenishment":{"message":null},"reviews":{"average_rating":null,"number_of_questions":null,"number_of_reviews":null},"set_components":null,"shade_groups":null,"shades":[{"description":"","hex_val":"#b46368","image":{"height":null,"src":"","width":null},"name":"Plumped Up Peony","smoosh_design":{"group_id":null,"name":"82::none::none"}}],"sizes":[{"key":1,"value":"6 g"}],"skin":{"tone":null,"type":null,"type_description":null},"sku_badge":null,"sku_badge_image":null,"sku_display_order":4,"sku_id":"Z47M04","sku_promo_messaging":null,"sku_type":"SE","sku_url":null,"tags":{"total":4,"items":[{"id":"27174","key":"day7flashsale","value":"Day7FlashSale"},{"id":"27172","key":"day5flashsale","value":"Day5FlashSale"},{"id":"27171","key":"day4flashsale","value":"Day4FlashSale"},{"id":"1593","key":"allik","value":"ALLIK"}]},"texture":null,"undertone":null,"unit_of_measure":null,"unit_size":null,"unit_size_formatted":null,"upc":"020714668808","vto":{"is_color_experience":null,"is_foundation_experience":null}}]},"sub_display_name":null,"sub_header":null,"tags":{"total":5,"items":[{"id":"27174","key":"day7flashsale","parent_tag_id":"1590","product_display_order":0,"value":"Day7FlashSale"},{"id":"27172","key":"day5flashsale","parent_tag_id":"1590","product_display_order":119,"value":"Day5FlashSale"},{"id":"1590","key":"i̇ndi̇ri̇mli̇-ürünler","parent_tag_id":null,"product_display_order":0,"value":"İNDİRİMLİ ÜRÜNLER"},{"id":"27171","key":"day4flashsale","parent_tag_id":"1590","product_display_order":0,"value":"Day4FlashSale"},{"id":"1593","key":"allik","parent_tag_id":"1592","product_display_order":0,"value":"ALLIK"}]},"usage":[{"content":"<UL><LI>En doğal sonucu almak için direkt olarak yanaklar üzerine uygulamayınız. </LI><LI>Parmak uçlarınıza bir miktar sürerek elmacık kemiklerinizden yanaklarınızın üst kısmına doğru hafifçe dağıtın. </LI><LI>Daha belirgin bir görünüm için aynı işlemi bir kez daha uygulayın.</LI></UL>","label":"PRODUCT USAGE","type":"product_usage"},{"content":null,"label":"HOW DOES IT WORK","type":"how_does_it_work"},{"content":null,"label":"WHO IT IS FOR","type":"who_it_is_for"},{"content":null,"label":"GREAT TO KNOW","type":"great_to_know"},{"content":null,"label":"WHAT_IT_DOES","type":"what_it_does"},{"content":"Kremsi ve pürüzsüz yapısı ile yanaklara anında ışıltılı ve doğal bir görünüm verir. Yağsızdır.<strong><br></strong>","label":"WHAT_IT_IS","type":"what_it_is"}],"objectID":"30944"},{"benefit":{"statement":null,"benefits":null},"brand":null,"collection":null,"coverage":null,"cross_sell":[{"sku_id":"Z87301","sort_key":1},{"sku_id":"Z87901","sort_key":2},{"sku_id":"Z87H01","sort_key":3}],"default_category":{"id":"1628","key":"-evde-bakim"},"description":"<P class=MsoNormal style=\"MARGIN: 0cm 0cm 0pt\"><FONT size=3><FONT face=Calibri>Moisture Surge Overnight 15 ml nem maskesi:<?xml:namespace prefix = \"o\" ns = \"urn:schemas-microsoft-com:office:office\" /><o:p></o:p></FONT></FONT></P><P class=MsoNormal style=\"MARGIN: 0cm 0cm 0pt\"><o:p><FONT size=3 face=Calibri>&nbsp;</FONT></o:p></P><P class=MsoNormal style=\"BACKGROUND: white; MARGIN: 0cm 0cm 0pt\"><FONT size=3><FONT face=Calibri><SPAN style=\"COLOR: black\">Cilt Tipleri:&nbsp;Tüm cilt tipleri için uygundur.</SPAN><o:p></o:p></FONT></FONT></P><P class=MsoNormal style=\"BACKGROUND: white; MARGIN: 0cm 0cm 0pt\"><o:p><FONT size=3 face=Calibri>&nbsp;</FONT></o:p></P><P class=MsoNormal style=\"BACKGROUND: white; MARGIN: 0cm 0cm 7.5pt; LINE-HEIGHT: 14.25pt\"><FONT size=3><FONT face=Calibri><SPAN style=\"COLOR: black\">Moisture Surge Overnight Nem Maskesi cildi sakinleştirerek yenilenmesini sağlamaya ve cildin nemi hapsetme özelliğini güçlendirmeye yardımcı olur. Cilt, ertesi sabah yumuşak, pürüzsüz görünüm kazandırarak ve rahat hissetmesinde katkıda bulunur.Etkili formül, uykuda geçirdiğiniz saatlerde gün boyu cildinizde oksidatif stres kaynaklı gelişen iritasyonu önlemeye ve gece boyunca sağladığı yoğun nem sayesinde cildin yenilenmesini sağlamaya yardımcı olur.</SPAN><o:p></o:p></FONT></FONT></P><P class=MsoNormal style=\"MARGIN: 0cm 0cm 0pt\"><o:p><FONT size=3 face=Calibri>&nbsp;</FONT></o:p></P><P class=MsoNormal style=\"MARGIN: 0cm 0cm 0pt\"><FONT size=3><FONT face=Calibri>Nasıl Kullanılır?<o:p></o:p></FONT></FONT></P><P class=MsoNormal style=\"MARGIN: 0cm 0cm 0pt\"><FONT size=3 face=Calibri>•Geceleri veya ihtiyacınız olduğu zamanlar kullanın.<BR>•Günlük cilt bakım rutininizi yaptıktan sonra tüm yüze eşit bir şekilde dağıtın<BR>•Cilt nemlendiriciyi absorbe edene kadar nazikçe masaj yaparak uygulayın.</FONT><o:p></o:p></P>","display_mode":null,"display_name":"Moisture Surge Overnight Maske Mini","display_status":7,"finish":null,"form":null,"formula_type":null,"fragrance_family":null,"indexable_keywords":null,"is_hazmat":false,"is_product_coming_soon":null,"is_product_displayable":true,"is_product_searchable":true,"is_product_shoppable":true,"is_product_sold_out":null,"is_product_temporarily_out_of_stock":null,"is_search_suppressed":null,"key_ingredient":null,"media":{"large":null,"medium":null,"poster":null,"small":null,"videos":[{"position":null,"poster":{"height":null,"src":null,"width":null},"provider":null,"src":null},{"position":null,"poster":{"height":null,"src":null,"width":null},"provider":null,"src":null},{"position":null,"poster":{"height":null,"src":null,"width":null},"provider":null,"src":null}],"xl":null},"meta":{"description":null,"keywords":null},"parent_category":[{"id":"1628","value":"# EVDE BAKIM"}],"product_badge":null,"product_id":"32315","product_title_tag":null,"product_type":"Sized","product_url":"/product/1628/32315/evde-bakim/moisture-surge-overnight-maske-mini","reviews":{"average_rating":null,"number_of_questions":null,"number_of_reviews":null},"shade_groups":null,"short_description":null,"skin":null,"skin_goal":null,"skus":{"total":1,"items":[{"color_family":null,"coverage_options":null,"cross_sell":null,"display_status":7,"finish":null,"finish_options":null,"fragrances":[{"family":null,"key":null,"value":null}],"iln_listing":null,"iln_version_number":null,"inventory_status":"Active","is_active":true,"is_coming_soon":null,"is_default_sku":false,"is_discountable":true,"is_displayable":null,"is_engravable":null,"is_fragrance":null,"is_giftable":null,"is_giftwrap":false,"is_inactive":null,"is_multi_shaded":null,"is_out_of_stock":null,"is_preorder":false,"is_preorderable":null,"is_promotional":null,"is_replenishable":false,"is_search_suppressed":null,"is_searchable":true,"is_shaded":null,"is_sized":null,"is_sold_out":null,"is_under_weight_hazmat":false,"is_vto_enabled":null,"life_of_product":"Discontinued","material_code":"Z87E010000","media":{"large":[{"alt":"Moisture Surge Overnight Maske Mini","height":1200,"position":0,"src":"/media/export/cms/products/1200x1500/cl_sku_Z87E01_1200x1500_0.png","type":"image","width":1500}],"medium":[{"alt":"Moisture Surge Overnight Maske Mini","height":600,"position":1,"src":"/media/export/cms/products/600x750/cl_sku_Z87E01_600x750_0.png","type":"image","width":750}],"model":null,"poster":null,"small":[{"alt":"Moisture Surge Overnight Maske Mini","height":1200,"position":2,"src":"/media/export/cms/products/1200x1500/cl_sku_Z87E01_1200x1500_0.png","type":"image","width":1500}],"smoosh":null,"xl":null},"out_of_stock_threshold":null,"perlgem":{"SKU_BASE_ID":58142},"preorder_date":null,"prices":[{"currency":"TRY","exclude_tax":{"original_price":89,"original_price_formatted":"89.00 TL","price":89,"price_formatted":"89.00 TL","price_per_unit":null,"price_per_unit_formatted":""},"include_tax":{"original_price":89,"original_price_formatted":"89.00 TL","price":89,"price_formatted":"89.00 TL","price_per_unit":null,"price_per_unit_formatted":""},"is_discounted":false}],"purchase_limit":null,"replenishment":{"message":null},"reviews":{"average_rating":null,"number_of_questions":null,"number_of_reviews":null},"set_components":null,"shade_groups":null,"shades":null,"sizes":[{"key":1,"value":"15 ml"}],"skin":{"tone":null,"type":null,"type_description":null},"sku_badge":null,"sku_badge_image":null,"sku_display_order":0,"sku_id":"Z87E01","sku_promo_messaging":null,"sku_type":"SE","sku_url":null,"tags":{"total":13,"items":[{"id":"13659","key":"travel-minis","value":"Travel Minis"},{"id":"2644","key":"alışverişi-tamamla","value":"Alışverişi Tamamla"},{"id":"17432","key":"minis","value":"Minis"},{"id":"13563","key":"yeni̇-yil-ci̇lt-bakimi","value":"YENİ YIL CİLT BAKIMI"},{"id":"27172","key":"day5flashsale","value":"Day5FlashSale"},{"id":"27174","key":"day7flashsale","value":"Day7FlashSale"},{"id":"1585","key":"hediye-merkezi","value":"Hediye Merkezi"},{"id":"18377","key":"kendi-hediye-setinizi-yaratın","value":"Kendi Hediye Setinizi Yaratın"},{"id":"1628","key":"-evde-bakim","value":"# EVDE BAKIM"},{"id":"16370","key":"online-özel","value":"Online Özel"},{"id":"27169","key":"day2flashsale","value":"Day2FlashSale"},{"id":"1682","key":"peeling-ürünleri̇","value":"PEELING ÜRÜNLERİ"},{"id":"1590","key":"i̇ndi̇ri̇mli̇-ürünler","value":"İNDİRİMLİ ÜRÜNLER"}]},"texture":null,"undertone":null,"unit_of_measure":null,"unit_size":null,"unit_size_formatted":null,"upc":"020714702380","vto":{"is_color_experience":null,"is_foundation_experience":null}}]},"sub_display_name":null,"sub_header":null,"tags":{"total":13,"items":[{"id":"13659","key":"travel-minis","parent_tag_id":"1667","product_display_order":1,"value":"Travel Minis"},{"id":"2644","key":"alışverişi-tamamla","parent_tag_id":null,"product_display_order":0,"value":"Alışverişi Tamamla"},{"id":"17432","key":"minis","parent_tag_id":"16370","product_display_order":74,"value":"Minis"},{"id":"13563","key":"yeni̇-yil-ci̇lt-bakimi","parent_tag_id":"13561","product_display_order":0,"value":"YENİ YIL CİLT BAKIMI"},{"id":"27172","key":"day5flashsale","parent_tag_id":"1590","product_display_order":182,"value":"Day5FlashSale"},{"id":"27174","key":"day7flashsale","parent_tag_id":"1590","product_display_order":0,"value":"Day7FlashSale"},{"id":"1585","key":"hediye-merkezi","parent_tag_id":null,"product_display_order":1,"value":"Hediye Merkezi"},{"id":"18377","key":"kendi-hediye-setinizi-yaratın","parent_tag_id":"2644","product_display_order":0,"value":"Kendi Hediye Setinizi Yaratın"},{"id":"1628","key":"-evde-bakim","parent_tag_id":null,"product_display_order":192,"value":"# EVDE BAKIM"},{"id":"16370","key":"online-özel","parent_tag_id":null,"product_display_order":0,"value":"Online Özel"},{"id":"27169","key":"day2flashsale","parent_tag_id":"1590","product_display_order":0,"value":"Day2FlashSale"},{"id":"1682","key":"peeling-ürünleri̇","parent_tag_id":"1667","product_display_order":0,"value":"PEELING ÜRÜNLERİ"},{"id":"1590","key":"i̇ndi̇ri̇mli̇-ürünler","parent_tag_id":null,"product_display_order":0,"value":"İNDİRİMLİ ÜRÜNLER"}]},"usage":[{"content":null,"label":"PRODUCT USAGE","type":"product_usage"},{"content":null,"label":"HOW DOES IT WORK","type":"how_does_it_work"},{"content":null,"label":"WHO IT IS FOR","type":"who_it_is_for"},{"content":null,"label":"GREAT TO KNOW","type":"great_to_know"},{"content":null,"label":"WHAT_IT_DOES","type":"what_it_does"},{"content":"<P class=MsoNormal style=\"MARGIN: 0cm 0cm 0pt\"><FONT size=3><FONT face=Calibri>Moisture Surge Overnight 15 ml nem maskesi:<?xml:namespace prefix = \"o\" ns = \"urn:schemas-microsoft-com:office:office\" /><o:p></o:p></FONT></FONT></P><P class=MsoNormal style=\"MARGIN: 0cm 0cm 0pt\"><o:p><FONT size=3 face=Calibri>&nbsp;</FONT></o:p></P><P class=MsoNormal style=\"BACKGROUND: white; MARGIN: 0cm 0cm 0pt\"><FONT size=3><FONT face=Calibri><SPAN style=\"COLOR: black\">Cilt Tipleri:&nbsp;Tüm cilt tipleri için uygundur.</SPAN><o:p></o:p></FONT></FONT></P><P class=MsoNormal style=\"BACKGROUND: white; MARGIN: 0cm 0cm 0pt\"><o:p><FONT size=3 face=Calibri>&nbsp;</FONT></o:p></P><P class=MsoNormal style=\"BACKGROUND: white; MARGIN: 0cm 0cm 7.5pt; LINE-HEIGHT: 14.25pt\"><FONT size=3><FONT face=Calibri><SPAN style=\"COLOR: black\">Moisture Surge Overnight Nem Maskesi cildi sakinleştirerek yenilenmesini sağlamaya ve cildin nemi hapsetme özelliğini güçlendirmeye yardımcı olur. Cilt, ertesi sabah yumuşak, pürüzsüz görünüm kazandırarak ve rahat hissetmesinde katkıda bulunur.Etkili formül, uykuda geçirdiğiniz saatlerde gün boyu cildinizde oksidatif stres kaynaklı gelişen iritasyonu önlemeye ve gece boyunca sağladığı yoğun nem sayesinde cildin yenilenmesini sağlamaya yardımcı olur.</SPAN><o:p></o:p></FONT></FONT></P><P class=MsoNormal style=\"MARGIN: 0cm 0cm 0pt\"><o:p><FONT size=3 face=Calibri>&nbsp;</FONT></o:p></P><P class=MsoNormal style=\"MARGIN: 0cm 0cm 0pt\"><FONT size=3><FONT face=Calibri>Nasıl Kullanılır?<o:p></o:p></FONT></FONT></P><P class=MsoNormal style=\"MARGIN: 0cm 0cm 0pt\"><FONT size=3 face=Calibri>•Geceleri veya ihtiyacınız olduğu zamanlar kullanın.<BR>•Günlük cilt bakım rutininizi yaptıktan sonra tüm yüze eşit bir şekilde dağıtın<BR>•Cilt nemlendiriciyi absorbe edene kadar nazikçe masaj yaparak uygulayın.</FONT><o:p></o:p></P>","label":"WHAT_IT_IS","type":"what_it_is"}],"objectID":"32315"},{"benefit":null,"brand":null,"collection":null,"coverage":null,"cross_sell":null,"default_category":{"id":"1754","key":"tesli̇mat-seçenekleri̇"},"description":null,"display_mode":null,"display_name":"Virtual Set #1","display_status":3,"finish":null,"form":null,"formula_type":null,"fragrance_family":null,"indexable_keywords":null,"is_hazmat":false,"is_product_coming_soon":null,"is_product_displayable":true,"is_product_searchable":true,"is_product_shoppable":false,"is_product_sold_out":null,"is_product_temporarily_out_of_stock":null,"is_search_suppressed":null,"key_ingredient":null,"media":{"large":null,"medium":null,"poster":null,"small":null,"videos":[{"position":null,"poster":{"height":null,"src":null,"width":null},"provider":null,"src":null},{"position":null,"poster":{"height":null,"src":null,"width":null},"provider":null,"src":null},{"position":null,"poster":{"height":null,"src":null,"width":null},"provider":null,"src":null}],"xl":null},"meta":{"description":null,"keywords":null},"parent_category":[{"id":"1754","value":"TESLİMAT SEÇENEKLERİ"}],"product_badge":null,"product_id":"33367","product_title_tag":null,"product_type":"Shaded","product_url":"/product/1754/33367/teslimat-secenekleri/virtual-set-1/saleable-items","reviews":{"average_rating":null,"number_of_questions":null,"number_of_reviews":null},"shade_groups":null,"short_description":null,"skin":null,"skin_goal":null,"skus":{"total":1,"items":[{"color_family":null,"coverage_options":null,"cross_sell":null,"display_status":3,"finish":null,"finish_options":null,"fragrances":[{"family":null,"key":null,"value":null}],"iln_listing":null,"iln_version_number":null,"inventory_status":"Sold Out","is_active":null,"is_coming_soon":null,"is_default_sku":false,"is_discountable":true,"is_displayable":null,"is_engravable":null,"is_fragrance":null,"is_giftable":null,"is_giftwrap":false,"is_inactive":null,"is_multi_shaded":null,"is_out_of_stock":null,"is_preorder":false,"is_preorderable":null,"is_promotional":null,"is_replenishable":false,"is_search_suppressed":null,"is_searchable":true,"is_shaded":null,"is_sized":null,"is_sold_out":true,"is_under_weight_hazmat":false,"is_vto_enabled":null,"life_of_product":"Discontinued","material_code":"CLTR010001","media":{"large":[{"alt":"Virtual Set #1","height":1200,"position":0,"src":"/media/export/cms/products/1200x1500/cl_sku_CLTR01_1200x1500_0.png","type":"image","width":1500}],"medium":[{"alt":"Virtual Set #1","height":600,"position":1,"src":"/media/export/cms/products/600x750/cl_sku_CLTR01_600x750_0.png","type":"image","width":750}],"model":null,"poster":null,"small":[{"alt":"Virtual Set #1","height":1200,"position":2,"src":"/media/export/cms/products/1200x1500/cl_sku_CLTR01_1200x1500_0.png","type":"image","width":1500}],"smoosh":null,"xl":null},"out_of_stock_threshold":null,"perlgem":{"SKU_BASE_ID":59480},"preorder_date":null,"prices":[{"currency":"TRY","exclude_tax":{"original_price":594,"original_price_formatted":"594.00 TL","price":594,"price_formatted":"594.00 TL","price_per_unit":null,"price_per_unit_formatted":null},"include_tax":{"original_price":594,"original_price_formatted":"594.00 TL","price":594,"price_formatted":"594.00 TL","price_per_unit":null,"price_per_unit_formatted":null},"is_discounted":false}],"purchase_limit":null,"replenishment":{"message":null},"reviews":{"average_rating":null,"number_of_questions":null,"number_of_reviews":null},"set_components":[{"product":{"display_name":"Blended Face Pudra - Transparency 3"},"quantity":1,"sku":{"shades":[{"description":"","hex_val":"#DBBCA4","name":"Transparency 3"}],"sizes":[{"key":0,"value":"35 g"}],"sku_id":null}},{"product":{"display_name":"Clinique For Men Yağsız Bronzlaştırıcı - 2 oz."},"quantity":1,"sku":{"shades":null,"sizes":[{"key":0,"value":"2 oz."}],"sku_id":null}},{"product":{"display_name":"Line Smoothing Gözaltı Kapatıcısı - Light"},"quantity":1,"sku":{"shades":[{"description":"","hex_val":"#D19C83","name":"Light"}],"sizes":[{"key":0,"value":"8 g"}],"sku_id":"65EF02"}}],"shade_groups":null,"shades":null,"sizes":[{"key":1,"value":null}],"skin":{"tone":null,"type":null,"type_description":null},"sku_badge":null,"sku_badge_image":null,"sku_display_order":1,"sku_id":"CLTR01","sku_promo_messaging":null,"sku_type":"SE","sku_url":null,"tags":{"total":1,"items":[{"id":"1754","key":"tesli̇mat-seçenekleri̇","value":"TESLİMAT SEÇENEKLERİ"}]},"texture":null,"undertone":null,"unit_of_measure":null,"unit_size":null,"unit_size_formatted":null,"upc":"023000000001","vto":{"is_color_experience":null,"is_foundation_experience":null}}]},"sub_display_name":null,"sub_header":null,"tags":{"total":1,"items":[{"id":"1754","key":"tesli̇mat-seçenekleri̇","parent_tag_id":null,"product_display_order":1,"value":"TESLİMAT SEÇENEKLERİ"}]},"usage":[{"content":null,"label":"PRODUCT USAGE","type":"product_usage"},{"content":null,"label":"HOW DOES IT WORK","type":"how_does_it_work"},{"content":null,"label":"WHO IT IS FOR","type":"who_it_is_for"},{"content":null,"label":"GREAT TO KNOW","type":"great_to_know"},{"content":null,"label":"WHAT_IT_DOES","type":"what_it_does"},{"content":null,"label":"WHAT_IT_IS","type":"what_it_is"}],"objectID":"33367"},{"benefit":{"statement":null,"benefits":null},"brand":null,"collection":null,"coverage":null,"cross_sell":[{"sku_id":"Z47M01","sort_key":1},{"sku_id":"749K07","sort_key":2},{"sku_id":"68A001","sort_key":3}],"default_category":{"id":"1578","key":"kadin-parfüm"},"description":"<P>Aromatics in White, kendine modern ve imza bir koku arayan genç kadınlar için özel olarak tasarlandı.<BR>• İmza: Beyazının Olağanüstü Çarpıcılığı<BR>• Kategori: Oryantal çiçek<BR>• Top Notalar: Menekşe yaprağı akorları, Laden Bitkisi ve Baharatların keskinliği<BR>• Orta Notalar: Portakal çiçekleri, Paçuli Kalbi, Gül Yapraklarının şeffaf zerafeti<BR>• Alt Notalar: Esmer Amber ve Misk Notalarının Reçine ile harmanlanması<BR></P>","display_mode":null,"display_name":"Aromatics in White Kadın Parfüm","display_status":7,"finish":null,"form":null,"formula_type":null,"fragrance_family":[{"key":"floral-fragrance","value":"floral_fragrance"},{"key":"woody-fragrance","value":"woody_fragrance"}],"indexable_keywords":[{"value":"parfüm"},{"value":" aromatics"},{"value":" aromatics in white"},{"value":" white"},{"value":" aroma"},{"value":" yeni"}],"is_hazmat":false,"is_product_coming_soon":null,"is_product_displayable":true,"is_product_searchable":true,"is_product_shoppable":true,"is_product_sold_out":null,"is_product_temporarily_out_of_stock":null,"is_search_suppressed":null,"key_ingredient":null,"media":{"large":null,"medium":null,"poster":null,"small":null,"videos":[{"position":null,"poster":{"height":null,"src":null,"width":null},"provider":null,"src":null},{"position":null,"poster":{"height":null,"src":null,"width":null},"provider":null,"src":null},{"position":null,"poster":{"height":null,"src":null,"width":null},"provider":null,"src":null}],"xl":null},"meta":{"description":null,"keywords":"clinique, aromatics, aromatics in white, parfum, perfume, fragrance, sillage, magnétique, Violette, Ciste ambré, Poivre du Sichuan,Pétales de Rose, Patchouli, Ambre Gris, Musc, Benjoin "},"parent_category":[{"id":"1578","value":"KADIN PARFÜM"},{"id":"1577","value":"PARFÜM"}],"product_badge":null,"product_id":"34311","product_title_tag":null,"product_type":"Sized","product_url":"/product/1578/34311/parfum/kadin-parfum/aromatics-in-white-kadn-parfum","reviews":{"average_rating":4.5,"number_of_questions":null,"number_of_reviews":11},"shade_groups":null,"short_description":null,"skin":null,"skin_goal":null,"skus":{"total":3,"items":[{"color_family":null,"coverage_options":null,"cross_sell":null,"display_status":7,"finish":null,"finish_options":null,"fragrances":[{"family":null,"key":null,"value":null}],"iln_listing":null,"iln_version_number":null,"inventory_status":"Active","is_active":true,"is_coming_soon":null,"is_default_sku":false,"is_discountable":true,"is_displayable":null,"is_engravable":null,"is_fragrance":null,"is_giftable":null,"is_giftwrap":false,"is_inactive":null,"is_multi_shaded":null,"is_out_of_stock":null,"is_preorder":false,"is_preorderable":null,"is_promotional":null,"is_replenishable":false,"is_search_suppressed":null,"is_searchable":true,"is_shaded":null,"is_sized":null,"is_sold_out":null,"is_under_weight_hazmat":false,"is_vto_enabled":null,"life_of_product":"Basic Reorder","material_code":"Z9F7010000","media":{"large":[{"alt":"Aromatics in White Kadın Parfüm","height":1200,"position":0,"src":"/media/export/cms/products/1200x1500/cl_sku_Z9F701_1200x1500_0.png","type":"image","width":1500}],"medium":[{"alt":"Aromatics in White Kadın Parfüm","height":600,"position":1,"src":"/media/export/cms/products/600x750/cl_sku_Z9F701_600x750_0.png","type":"image","width":750}],"model":null,"poster":null,"small":[{"alt":"Aromatics in White Kadın Parfüm","height":1200,"position":2,"src":"/media/export/cms/products/1200x1500/cl_sku_Z9F701_1200x1500_0.png","type":"image","width":1500}],"smoosh":null,"xl":null},"out_of_stock_threshold":null,"perlgem":{"SKU_BASE_ID":60828},"preorder_date":null,"prices":[{"currency":"TRY","exclude_tax":{"original_price":430,"original_price_formatted":"430.00 TL","price":430,"price_formatted":"430.00 TL","price_per_unit":null,"price_per_unit_formatted":""},"include_tax":{"original_price":430,"original_price_formatted":"430.00 TL","price":430,"price_formatted":"430.00 TL","price_per_unit":null,"price_per_unit_formatted":""},"is_discounted":false}],"purchase_limit":null,"replenishment":{"message":null},"reviews":{"average_rating":null,"number_of_questions":null,"number_of_reviews":null},"set_components":null,"shade_groups":null,"shades":null,"sizes":[{"key":1,"value":"30 ml"}],"skin":{"tone":null,"type":null,"type_description":null},"sku_badge":null,"sku_badge_image":null,"sku_display_order":0,"sku_id":"Z9F701","sku_promo_messaging":null,"sku_type":"SE","sku_url":null,"tags":{"total":13,"items":[{"id":"1578","key":"kadin-parfüm","value":"KADIN PARFÜM"},{"id":"15858","key":"aromatics-in-white","value":"AROMATICS IN WHITE"},{"id":"13564","key":"yeni̇-yil-parfüm","value":"YENİ YIL PARFÜM"},{"id":"13563","key":"yeni̇-yil-ci̇lt-bakimi","value":"YENİ YIL CİLT BAKIMI"},{"id":"13567","key":"499-tl-ve-alti-ci̇lt-bakimmakyajparfüm-setleri̇","value":"499 TL VE ALTI CİLT BAKIM&MAKYAJ&PARFÜM SETLERİ"},{"id":"4323","key":"yeni̇-ürünler","value":"YENİ ÜRÜNLER"},{"id":"1584","key":"hedi̇yeler-setler","value":"HEDİYELER & SETLER"},{"id":"1575","key":"en-çok-satanlar","value":"En Çok Satanlar"},{"id":"13568","key":"249-tl-ve-alti-ci̇lt-bakimmakyajparfüm-setleri̇","value":"249 TL VE ALTI CİLT BAKIM&MAKYAJ&PARFÜM SETLERİ"},{"id":"17859","key":"çok-satanlar","value":"ÇOK SATANLAR"},{"id":"1577","key":"parfüm","value":"PARFÜM"},{"id":"2644","key":"alışverişi-tamamla","value":"Alışverişi Tamamla"},{"id":"17432","key":"minis","value":"Minis"}]},"texture":null,"undertone":null,"unit_of_measure":null,"unit_size":null,"unit_size_formatted":null,"upc":"020714711788","vto":{"is_color_experience":null,"is_foundation_experience":null}},{"color_family":null,"coverage_options":null,"cross_sell":null,"display_status":7,"finish":null,"finish_options":null,"fragrances":[{"family":null,"key":null,"value":null}],"iln_listing":null,"iln_version_number":null,"inventory_status":"Active","is_active":true,"is_coming_soon":null,"is_default_sku":false,"is_discountable":true,"is_displayable":null,"is_engravable":null,"is_fragrance":null,"is_giftable":null,"is_giftwrap":false,"is_inactive":null,"is_multi_shaded":null,"is_out_of_stock":null,"is_preorder":false,"is_preorderable":null,"is_promotional":null,"is_replenishable":false,"is_search_suppressed":null,"is_searchable":true,"is_shaded":null,"is_sized":null,"is_sold_out":null,"is_under_weight_hazmat":false,"is_vto_enabled":null,"life_of_product":"Basic Reorder","material_code":"Z9F2010000","media":{"large":[{"alt":"Aromatics in White Kadın Parfüm","height":1200,"position":0,"src":"/media/export/cms/products/1200x1500/cl_sku_Z9F201_1200x1500_0.png","type":"image","width":1500}],"medium":[{"alt":"Aromatics in White Kadın Parfüm","height":600,"position":1,"src":"/media/export/cms/products/600x750/cl_sku_Z9F201_600x750_0.png","type":"image","width":750}],"model":null,"poster":null,"small":[{"alt":"Aromatics in White Kadın Parfüm","height":1200,"position":2,"src":"/media/export/cms/products/1200x1500/cl_sku_Z9F201_1200x1500_0.png","type":"image","width":1500}],"smoosh":null,"xl":null},"out_of_stock_threshold":null,"perlgem":{"SKU_BASE_ID":60829},"preorder_date":null,"prices":[{"currency":"TRY","exclude_tax":{"original_price":599,"original_price_formatted":"599.00 TL","price":599,"price_formatted":"599.00 TL","price_per_unit":null,"price_per_unit_formatted":""},"include_tax":{"original_price":599,"original_price_formatted":"599.00 TL","price":599,"price_formatted":"599.00 TL","price_per_unit":null,"price_per_unit_formatted":""},"is_discounted":false}],"purchase_limit":null,"replenishment":{"message":null},"reviews":{"average_rating":null,"number_of_questions":null,"number_of_reviews":null},"set_components":null,"shade_groups":null,"shades":null,"sizes":[{"key":1,"value":"50 ml"}],"skin":{"tone":null,"type":null,"type_description":null},"sku_badge":null,"sku_badge_image":null,"sku_display_order":0,"sku_id":"Z9F201","sku_promo_messaging":null,"sku_type":"SE","sku_url":null,"tags":{"total":19,"items":[{"id":"1578","key":"kadin-parfüm","value":"KADIN PARFÜM"},{"id":"15858","key":"aromatics-in-white","value":"AROMATICS IN WHITE"},{"id":"13564","key":"yeni̇-yil-parfüm","value":"YENİ YIL PARFÜM"},{"id":"13567","key":"499-tl-ve-alti-ci̇lt-bakimmakyajparfüm-setleri̇","value":"499 TL VE ALTI CİLT BAKIM&MAKYAJ&PARFÜM SETLERİ"},{"id":"4323","key":"yeni̇-ürünler","value":"YENİ ÜRÜNLER"},{"id":"27174","key":"day7flashsale","value":"Day7FlashSale"},{"id":"13770","key":"recommended-clinique-favourites","value":"Recommended Clinique Favourites"},{"id":"1584","key":"hedi̇yeler-setler","value":"HEDİYELER & SETLER"},{"id":"27170","key":"day3flashsale","value":"Day3FlashSale"},{"id":"1575","key":"en-çok-satanlar","value":"En Çok Satanlar"},{"id":"13568","key":"249-tl-ve-alti-ci̇lt-bakimmakyajparfüm-setleri̇","value":"249 TL VE ALTI CİLT BAKIM&MAKYAJ&PARFÜM SETLERİ"},{"id":"12523","key":"çok-satan-parfüm-ürünleri̇","value":"ÇOK SATAN PARFÜM ÜRÜNLERİ"},{"id":"27172","key":"day5flashsale","value":"Day5FlashSale"},{"id":"13566","key":"yeni̇-yil-ci̇lt-bakimmakyajparfüm-setleri̇","value":"YENİ YIL CİLT BAKIM&MAKYAJ&PARFÜM SETLERİ"},{"id":"17859","key":"çok-satanlar","value":"ÇOK SATANLAR"},{"id":"1577","key":"parfüm","value":"PARFÜM"},{"id":"16422","key":"gifts","value":"Gifts"},{"id":"15859","key":"aromatics-in-black","value":"AROMATICS IN BLACK"},{"id":"14715","key":"mothers-day-gift-sets","value":"Mother's Day Gift Sets"}]},"texture":null,"undertone":null,"unit_of_measure":null,"unit_size":0,"unit_size_formatted":null,"upc":"020714711733","vto":{"is_color_experience":null,"is_foundation_experience":null}},{"color_family":null,"coverage_options":null,"cross_sell":null,"display_status":7,"finish":null,"finish_options":null,"fragrances":[{"family":null,"key":null,"value":null}],"iln_listing":null,"iln_version_number":null,"inventory_status":"Active","is_active":true,"is_coming_soon":null,"is_default_sku":false,"is_discountable":true,"is_displayable":null,"is_engravable":null,"is_fragrance":null,"is_giftable":null,"is_giftwrap":false,"is_inactive":null,"is_multi_shaded":null,"is_out_of_stock":null,"is_preorder":false,"is_preorderable":null,"is_promotional":null,"is_replenishable":false,"is_search_suppressed":null,"is_searchable":true,"is_shaded":null,"is_sized":null,"is_sold_out":null,"is_under_weight_hazmat":false,"is_vto_enabled":null,"life_of_product":"Basic Reorder","material_code":"Z9F3010000","media":{"large":[{"alt":"Aromatics in White Kadın Parfüm","height":1200,"position":0,"src":"/media/export/cms/products/1200x1500/cl_sku_Z9F301_1200x1500_0.png","type":"image","width":1500}],"medium":[{"alt":"Aromatics in White Kadın Parfüm","height":600,"position":1,"src":"/media/export/cms/products/600x750/cl_sku_Z9F301_600x750_0.png","type":"image","width":750}],"model":null,"poster":null,"small":[{"alt":"Aromatics in White Kadın Parfüm","height":1200,"position":2,"src":"/media/export/cms/products/1200x1500/cl_sku_Z9F301_1200x1500_0.png","type":"image","width":1500}],"smoosh":null,"xl":null},"out_of_stock_threshold":null,"perlgem":{"SKU_BASE_ID":60830},"preorder_date":null,"prices":[{"currency":"TRY","exclude_tax":{"original_price":769,"original_price_formatted":"769.00 TL","price":769,"price_formatted":"769.00 TL","price_per_unit":76.9,"price_per_unit_formatted":"76.90 TL / 10ml"},"include_tax":{"original_price":769,"original_price_formatted":"769.00 TL","price":769,"price_formatted":"769.00 TL","price_per_unit":76.9,"price_per_unit_formatted":"76.90 TL / 10ml"},"is_discounted":false}],"purchase_limit":null,"replenishment":{"message":null},"reviews":{"average_rating":null,"number_of_questions":null,"number_of_reviews":null},"set_components":null,"shade_groups":null,"shades":null,"sizes":[{"key":1,"value":"100 ml"}],"skin":{"tone":null,"type":null,"type_description":null},"sku_badge":null,"sku_badge_image":null,"sku_display_order":0,"sku_id":"Z9F301","sku_promo_messaging":null,"sku_type":"SE","sku_url":null,"tags":{"total":19,"items":[{"id":"1578","key":"kadin-parfüm","value":"KADIN PARFÜM"},{"id":"15858","key":"aromatics-in-white","value":"AROMATICS IN WHITE"},{"id":"13564","key":"yeni̇-yil-parfüm","value":"YENİ YIL PARFÜM"},{"id":"13567","key":"499-tl-ve-alti-ci̇lt-bakimmakyajparfüm-setleri̇","value":"499 TL VE ALTI CİLT BAKIM&MAKYAJ&PARFÜM SETLERİ"},{"id":"4323","key":"yeni̇-ürünler","value":"YENİ ÜRÜNLER"},{"id":"27174","key":"day7flashsale","value":"Day7FlashSale"},{"id":"13770","key":"recommended-clinique-favourites","value":"Recommended Clinique Favourites"},{"id":"1584","key":"hedi̇yeler-setler","value":"HEDİYELER & SETLER"},{"id":"27170","key":"day3flashsale","value":"Day3FlashSale"},{"id":"1575","key":"en-çok-satanlar","value":"En Çok Satanlar"},{"id":"13568","key":"249-tl-ve-alti-ci̇lt-bakimmakyajparfüm-setleri̇","value":"249 TL VE ALTI CİLT BAKIM&MAKYAJ&PARFÜM SETLERİ"},{"id":"12523","key":"çok-satan-parfüm-ürünleri̇","value":"ÇOK SATAN PARFÜM ÜRÜNLERİ"},{"id":"27172","key":"day5flashsale","value":"Day5FlashSale"},{"id":"13566","key":"yeni̇-yil-ci̇lt-bakimmakyajparfüm-setleri̇","value":"YENİ YIL CİLT BAKIM&MAKYAJ&PARFÜM SETLERİ"},{"id":"17859","key":"çok-satanlar","value":"ÇOK SATANLAR"},{"id":"1577","key":"parfüm","value":"PARFÜM"},{"id":"16422","key":"gifts","value":"Gifts"},{"id":"15859","key":"aromatics-in-black","value":"AROMATICS IN BLACK"},{"id":"14715","key":"mothers-day-gift-sets","value":"Mother's Day Gift Sets"}]},"texture":null,"undertone":null,"unit_of_measure":"ml","unit_size":10,"unit_size_formatted":"10ml","upc":"020714711740","vto":{"is_color_experience":null,"is_foundation_experience":null}}]},"sub_display_name":"Eau de Parfum","sub_header":null,"tags":{"total":22,"items":[{"id":"1578","key":"kadin-parfüm","parent_tag_id":"1577","product_display_order":0,"value":"KADIN PARFÜM"},{"id":"15858","key":"aromatics-in-white","parent_tag_id":"1577","product_display_order":0,"value":"AROMATICS IN WHITE"},{"id":"13564","key":"yeni̇-yil-parfüm","parent_tag_id":"13561","product_display_order":29,"value":"YENİ YIL PARFÜM"},{"id":"13563","key":"yeni̇-yil-ci̇lt-bakimi","parent_tag_id":"13561","product_display_order":0,"value":"YENİ YIL CİLT BAKIMI"},{"id":"13567","key":"499-tl-ve-alti-ci̇lt-bakimmakyajparfüm-setleri̇","parent_tag_id":"13561","product_display_order":57,"value":"499 TL VE ALTI CİLT BAKIM&MAKYAJ&PARFÜM SETLERİ"},{"id":"4323","key":"yeni̇-ürünler","parent_tag_id":null,"product_display_order":320,"value":"YENİ ÜRÜNLER"},{"id":"27174","key":"day7flashsale","parent_tag_id":"1590","product_display_order":0,"value":"Day7FlashSale"},{"id":"13770","key":"recommended-clinique-favourites","parent_tag_id":null,"product_display_order":1,"value":"Recommended Clinique Favourites"},{"id":"1584","key":"hedi̇yeler-setler","parent_tag_id":"1582","product_display_order":0,"value":"HEDİYELER & SETLER"},{"id":"27170","key":"day3flashsale","parent_tag_id":"1590","product_display_order":0,"value":"Day3FlashSale"},{"id":"1575","key":"en-çok-satanlar","parent_tag_id":null,"product_display_order":114,"value":"En Çok Satanlar"},{"id":"13568","key":"249-tl-ve-alti-ci̇lt-bakimmakyajparfüm-setleri̇","parent_tag_id":"13561","product_display_order":0,"value":"249 TL VE ALTI CİLT BAKIM&MAKYAJ&PARFÜM SETLERİ"},{"id":"12523","key":"çok-satan-parfüm-ürünleri̇","parent_tag_id":"1577","product_display_order":0,"value":"ÇOK SATAN PARFÜM ÜRÜNLERİ"},{"id":"27172","key":"day5flashsale","parent_tag_id":"1590","product_display_order":160,"value":"Day5FlashSale"},{"id":"13566","key":"yeni̇-yil-ci̇lt-bakimmakyajparfüm-setleri̇","parent_tag_id":"13561","product_display_order":151,"value":"YENİ YIL CİLT BAKIM&MAKYAJ&PARFÜM SETLERİ"},{"id":"17859","key":"çok-satanlar","parent_tag_id":null,"product_display_order":113,"value":"ÇOK SATANLAR"},{"id":"1577","key":"parfüm","parent_tag_id":null,"product_display_order":1,"value":"PARFÜM"},{"id":"2644","key":"alışverişi-tamamla","parent_tag_id":null,"product_display_order":0,"value":"Alışverişi Tamamla"},{"id":"16422","key":"gifts","parent_tag_id":"1585","product_display_order":20,"value":"Gifts"},{"id":"15859","key":"aromatics-in-black","parent_tag_id":"1577","product_display_order":0,"value":"AROMATICS IN BLACK"},{"id":"17432","key":"minis","parent_tag_id":"16370","product_display_order":33,"value":"Minis"},{"id":"14715","key":"mothers-day-gift-sets","parent_tag_id":"4323","product_display_order":1,"value":"Mother's Day Gift Sets"}]},"usage":[{"content":"Boynunuza, kulak arkasına,&nbsp; dirsek içlerinize ve diğer istediğiniz bölgelere uygulayınız.","label":"PRODUCT USAGE","type":"product_usage"},{"content":null,"label":"HOW DOES IT WORK","type":"how_does_it_work"},{"content":null,"label":"WHO IT IS FOR","type":"who_it_is_for"},{"content":null,"label":"GREAT TO KNOW","type":"great_to_know"},{"content":null,"label":"WHAT_IT_DOES","type":"what_it_does"},{"content":"<P>Aromatics in White, kendine modern ve imza bir koku arayan genç kadınlar için özel olarak tasarlandı.<BR>• İmza: Beyazının Olağanüstü Çarpıcılığı<BR>• Kategori: Oryantal çiçek<BR>• Top Notalar: Menekşe yaprağı akorları, Laden Bitkisi ve Baharatların keskinliği<BR>• Orta Notalar: Portakal çiçekleri, Paçuli Kalbi, Gül Yapraklarının şeffaf zerafeti<BR>• Alt Notalar: Esmer Amber ve Misk Notalarının Reçine ile harmanlanması<BR></P>","label":"WHAT_IT_IS","type":"what_it_is"}],"objectID":"34311"},{"benefit":{"statement":null,"benefits":null},"brand":null,"collection":null,"coverage":null,"cross_sell":[{"sku_id":"ZCP701","sort_key":1},{"sku_id":"7NYF01","sort_key":2},{"sku_id":"7THM01","sort_key":3},{"sku_id":"645J01","sort_key":4},{"sku_id":"Z17W01","sort_key":5}],"default_category":{"id":"14346","key":"contouring"},"description":"&nbsp;Chubby Stick Şekilledirici Aydınlatıcı uygulandığı noktaya anında ışıltı sağlar. Şekillencidirici stik istenilen bölgelerde doğal bir belirginlik sağlar, yüz hatlarını belirginleştirmek ve gölgelendirmek için mükemmeldir. <BR>Uzun süre kalıcıdır.","display_mode":null,"display_name":"Chubby Stick Şekillendirici Aydınlatıcı","display_status":7,"finish":null,"form":null,"formula_type":null,"fragrance_family":null,"indexable_keywords":null,"is_hazmat":false,"is_product_coming_soon":null,"is_product_displayable":true,"is_product_searchable":true,"is_product_shoppable":true,"is_product_sold_out":null,"is_product_temporarily_out_of_stock":null,"is_search_suppressed":null,"key_ingredient":null,"media":{"large":null,"medium":null,"poster":null,"small":null,"videos":[{"position":null,"poster":{"height":null,"src":null,"width":null},"provider":null,"src":null},{"position":null,"poster":{"height":null,"src":null,"width":null},"provider":null,"src":null},{"position":null,"poster":{"height":null,"src":null,"width":null},"provider":null,"src":null}],"xl":null},"meta":{"description":null,"keywords":null},"parent_category":[{"id":"14346","value":"Contouring"},{"id":"1592","value":"MAKYAJ"}],"product_badge":null,"product_id":"34748","product_title_tag":null,"product_type":"Shaded","product_url":"/product/14346/34748/makyaj/contouring/chubby-stick-sekillendirici-aydnlatc","reviews":{"average_rating":3.4,"number_of_questions":null,"number_of_reviews":5},"shade_groups":null,"short_description":null,"skin":null,"skin_goal":null,"skus":{"total":1,"items":[{"color_family":null,"coverage_options":null,"cross_sell":null,"display_status":7,"finish":null,"finish_options":null,"fragrances":[{"family":null,"key":null,"value":null}],"iln_listing":null,"iln_version_number":null,"inventory_status":"Active","is_active":true,"is_coming_soon":null,"is_default_sku":false,"is_discountable":true,"is_displayable":null,"is_engravable":null,"is_fragrance":null,"is_giftable":null,"is_giftwrap":false,"is_inactive":null,"is_multi_shaded":null,"is_out_of_stock":null,"is_preorder":false,"is_preorderable":null,"is_promotional":null,"is_replenishable":false,"is_search_suppressed":null,"is_searchable":true,"is_shaded":null,"is_sized":null,"is_sold_out":null,"is_under_weight_hazmat":false,"is_vto_enabled":null,"life_of_product":"Basic Reorder","material_code":"ZA1N010D91","media":{"large":[{"alt":"Chubby Stick Şekillendirici Aydınlatıcı","height":1200,"position":1,"src":"/media/export/cms/products/1200x1500/cl_sku_ZA1N01_1200x1500_0.png","type":"image","width":1500}],"medium":[{"alt":"Chubby Stick Şekillendirici Aydınlatıcı","height":600,"position":2,"src":"/media/export/cms/products/600x750/cl_sku_ZA1N01_600x750_0.png","type":"image","width":750}],"model":null,"poster":null,"small":[{"alt":"Chubby Stick Şekillendirici Aydınlatıcı","height":1200,"position":3,"src":"/media/export/cms/products/1200x1500/cl_sku_ZA1N01_1200x1500_0.png","type":"image","width":1500}],"smoosh":[{"alt":"Chubby Stick Şekillendirici Aydınlatıcı","height":1200,"position":0,"src":"/media/export/cms/products/1200x1500/swatches_v3/82_ns_ng.png","type":"image","width":1500}],"xl":null},"out_of_stock_threshold":null,"perlgem":{"SKU_BASE_ID":61375},"preorder_date":null,"prices":[{"currency":"TRY","exclude_tax":{"original_price":239,"original_price_formatted":"239.00 TL","price":239,"price_formatted":"239.00 TL","price_per_unit":null,"price_per_unit_formatted":""},"include_tax":{"original_price":239,"original_price_formatted":"239.00 TL","price":239,"price_formatted":"239.00 TL","price_per_unit":null,"price_per_unit_formatted":""},"is_discounted":false}],"purchase_limit":null,"replenishment":{"message":null},"reviews":{"average_rating":null,"number_of_questions":null,"number_of_reviews":null},"set_components":null,"shade_groups":null,"shades":[{"description":"","hex_val":"#f5c5b4","image":{"height":null,"src":"","width":null},"name":"Hefty Highlight","smoosh_design":{"group_id":null,"name":"82::none::none"}}],"sizes":[{"key":1,"value":null}],"skin":{"tone":null,"type":null,"type_description":null},"sku_badge":null,"sku_badge_image":null,"sku_display_order":0,"sku_id":"ZA1N01","sku_promo_messaging":null,"sku_type":"SE","sku_url":null,"tags":{"total":11,"items":[{"id":"13569","key":"99-tl-ve-alti-ci̇lt-bakimmakyajparfüm-setleri̇","value":"99 TL VE ALTI CİLT BAKIM&MAKYAJ&PARFÜM SETLERİ"},{"id":"1592","key":"makyaj","value":"MAKYAJ"},{"id":"25565","key":"justarrivednew","value":"justarrivednew"},{"id":"13561","key":"yeni̇-yil-buti̇ği̇","value":"YENİ YIL BUTİĞİ"},{"id":"1593","key":"allik","value":"ALLIK"},{"id":"13562","key":"yeni̇-yil-makyaj","value":"YENİ YIL MAKYAJ"},{"id":"1595","key":"kaş-ürünleri̇","value":"KAŞ ÜRÜNLERİ"},{"id":"1594","key":"bronzlaştirici","value":"BRONZLAŞTIRICI"},{"id":"14346","key":"contouring","value":"Contouring"},{"id":"15513","key":"recommended-for-students","value":"Recommended for Students"},{"id":"4323","key":"yeni̇-ürünler","value":"YENİ ÜRÜNLER"}]},"texture":null,"undertone":null,"unit_of_measure":null,"unit_size":null,"unit_size_formatted":null,"upc":"020714716707","vto":{"is_color_experience":null,"is_foundation_experience":null}}]},"sub_display_name":null,"sub_header":null,"tags":{"total":11,"items":[{"id":"13569","key":"99-tl-ve-alti-ci̇lt-bakimmakyajparfüm-setleri̇","parent_tag_id":"13561","product_display_order":1,"value":"99 TL VE ALTI CİLT BAKIM&MAKYAJ&PARFÜM SETLERİ"},{"id":"1592","key":"makyaj","parent_tag_id":null,"product_display_order":36,"value":"MAKYAJ"},{"id":"25565","key":"justarrivednew","parent_tag_id":null,"product_display_order":3,"value":"justarrivednew"},{"id":"13561","key":"yeni̇-yil-buti̇ği̇","parent_tag_id":null,"product_display_order":1,"value":"YENİ YIL BUTİĞİ"},{"id":"1593","key":"allik","parent_tag_id":"1592","product_display_order":0,"value":"ALLIK"},{"id":"13562","key":"yeni̇-yil-makyaj","parent_tag_id":"13561","product_display_order":0,"value":"YENİ YIL MAKYAJ"},{"id":"1595","key":"kaş-ürünleri̇","parent_tag_id":"1592","product_display_order":1,"value":"KAŞ ÜRÜNLERİ"},{"id":"1594","key":"bronzlaştirici","parent_tag_id":"1592","product_display_order":0,"value":"BRONZLAŞTIRICI"},{"id":"14346","key":"contouring","parent_tag_id":"1592","product_display_order":2,"value":"Contouring"},{"id":"15513","key":"recommended-for-students","parent_tag_id":"4323","product_display_order":0,"value":"Recommended for Students"},{"id":"4323","key":"yeni̇-ürünler","parent_tag_id":null,"product_display_order":301,"value":"YENİ ÜRÜNLER"}]},"usage":[{"content":"<UL><LI>Elmacık kemiklerinizi, burun köprünüzü ve diğer bölgeleri vurgulamak için tek başına veya fondötenin üzerine uygulayın. </LI></UL>","label":"PRODUCT USAGE","type":"product_usage"},{"content":null,"label":"HOW DOES IT WORK","type":"how_does_it_work"},{"content":null,"label":"WHO IT IS FOR","type":"who_it_is_for"},{"content":null,"label":"GREAT TO KNOW","type":"great_to_know"},{"content":null,"label":"WHAT_IT_DOES","type":"what_it_does"},{"content":"&nbsp;Chubby Stick Şekilledirici Aydınlatıcı uygulandığı noktaya anında ışıltı sağlar. Şekillencidirici stik istenilen bölgelerde doğal bir belirginlik sağlar, yüz hatlarını belirginleştirmek ve gölgelendirmek için mükemmeldir. <BR>Uzun süre kalıcıdır.","label":"WHAT_IT_IS","type":"what_it_is"}],"objectID":"34748"},{"benefit":{"statement":null,"benefits":null},"brand":null,"collection":null,"coverage":null,"cross_sell":[{"sku_id":"ZA1N01","sort_key":1},{"sku_id":"7NYF01","sort_key":2},{"sku_id":"7THM01","sort_key":3},{"sku_id":"645J01","sort_key":4},{"sku_id":"Z17W01","sort_key":5}],"default_category":{"id":"14346","key":"contouring"},"description":"Yeni Chubby Stick Şekilledirici Aydınlatıcılar uygulandığı noktaya anında ışıltı sağlar.&nbsp; Şekillencidirici stik istenilen bölgelerde doğal bir belirginlik sağlar, yüz hatlarını belirginleştirmek ve gölgelendirmek için mükemmeldir. <br>Uzun süre kalıcıdır.","display_mode":null,"display_name":"Chubby Stick Şekillendirici Aydınlatıcı","display_status":7,"finish":null,"form":null,"formula_type":null,"fragrance_family":null,"indexable_keywords":null,"is_hazmat":false,"is_product_coming_soon":null,"is_product_displayable":true,"is_product_searchable":true,"is_product_shoppable":true,"is_product_sold_out":null,"is_product_temporarily_out_of_stock":null,"is_search_suppressed":null,"key_ingredient":null,"media":{"large":null,"medium":null,"poster":null,"small":null,"videos":[{"position":null,"poster":{"height":null,"src":null,"width":null},"provider":null,"src":null},{"position":null,"poster":{"height":null,"src":null,"width":null},"provider":null,"src":null},{"position":null,"poster":{"height":null,"src":null,"width":null},"provider":null,"src":null}],"xl":null},"meta":{"description":null,"keywords":null},"parent_category":[{"id":"14346","value":"Contouring"},{"id":"1592","value":"MAKYAJ"}],"product_badge":null,"product_id":"34749","product_title_tag":null,"product_type":"Shaded","product_url":"/product/14346/34749/makyaj/contouring/chubby-stick-sekillendirici-aydnlatc","reviews":{"average_rating":3,"number_of_questions":null,"number_of_reviews":1},"shade_groups":null,"short_description":null,"skin":null,"skin_goal":null,"skus":{"total":1,"items":[{"color_family":null,"coverage_options":null,"cross_sell":null,"display_status":7,"finish":null,"finish_options":null,"fragrances":[{"family":null,"key":null,"value":null}],"iln_listing":null,"iln_version_number":null,"inventory_status":"Active","is_active":true,"is_coming_soon":null,"is_default_sku":false,"is_discountable":true,"is_displayable":null,"is_engravable":null,"is_fragrance":null,"is_giftable":null,"is_giftwrap":false,"is_inactive":null,"is_multi_shaded":null,"is_out_of_stock":null,"is_preorder":false,"is_preorderable":null,"is_promotional":null,"is_replenishable":false,"is_search_suppressed":null,"is_searchable":true,"is_shaded":null,"is_sized":null,"is_sold_out":null,"is_under_weight_hazmat":false,"is_vto_enabled":null,"life_of_product":"Basic Reorder","material_code":"ZCP7010D91","media":{"large":[{"alt":"Chubby Stick Şekillendirici Aydınlatıcı","height":1200,"position":1,"src":"/media/export/cms/products/1200x1500/cl_sku_ZCP701_1200x1500_0.png","type":"image","width":1500}],"medium":[{"alt":"Chubby Stick Şekillendirici Aydınlatıcı","height":600,"position":2,"src":"/media/export/cms/products/600x750/cl_sku_ZCP701_600x750_0.png","type":"image","width":750}],"model":null,"poster":null,"small":[{"alt":"Chubby Stick Şekillendirici Aydınlatıcı","height":1200,"position":3,"src":"/media/export/cms/products/1200x1500/cl_sku_ZCP701_1200x1500_0.png","type":"image","width":1500}],"smoosh":[{"alt":"Chubby Stick Şekillendirici Aydınlatıcı","height":1200,"position":0,"src":"/media/export/cms/products/1200x1500/swatches_v3/82_ns_ng.png","type":"image","width":1500}],"xl":null},"out_of_stock_threshold":null,"perlgem":{"SKU_BASE_ID":61376},"preorder_date":null,"prices":[{"currency":"TRY","exclude_tax":{"original_price":239,"original_price_formatted":"239.00 TL","price":239,"price_formatted":"239.00 TL","price_per_unit":null,"price_per_unit_formatted":""},"include_tax":{"original_price":239,"original_price_formatted":"239.00 TL","price":239,"price_formatted":"239.00 TL","price_per_unit":null,"price_per_unit_formatted":""},"is_discounted":false}],"purchase_limit":null,"replenishment":{"message":null},"reviews":{"average_rating":null,"number_of_questions":null,"number_of_reviews":null},"set_components":null,"shade_groups":null,"shades":[{"description":"","hex_val":"#995239","image":{"height":null,"src":"","width":null},"name":"Curvy Contour","smoosh_design":{"group_id":null,"name":"82::none::none"}}],"sizes":[{"key":1,"value":null}],"skin":{"tone":null,"type":null,"type_description":null},"sku_badge":null,"sku_badge_image":null,"sku_display_order":0,"sku_id":"ZCP701","sku_promo_messaging":null,"sku_type":"SE","sku_url":null,"tags":{"total":8,"items":[{"id":"1592","key":"makyaj","value":"MAKYAJ"},{"id":"4323","key":"yeni̇-ürünler","value":"YENİ ÜRÜNLER"},{"id":"13562","key":"yeni̇-yil-makyaj","value":"YENİ YIL MAKYAJ"},{"id":"13569","key":"99-tl-ve-alti-ci̇lt-bakimmakyajparfüm-setleri̇","value":"99 TL VE ALTI CİLT BAKIM&MAKYAJ&PARFÜM SETLERİ"},{"id":"15513","key":"recommended-for-students","value":"Recommended for Students"},{"id":"14346","key":"contouring","value":"Contouring"},{"id":"1593","key":"allik","value":"ALLIK"},{"id":"1594","key":"bronzlaştirici","value":"BRONZLAŞTIRICI"}]},"texture":null,"undertone":null,"unit_of_measure":null,"unit_size":null,"unit_size_formatted":null,"upc":"020714731847","vto":{"is_color_experience":null,"is_foundation_experience":null}}]},"sub_display_name":null,"sub_header":null,"tags":{"total":8,"items":[{"id":"1592","key":"makyaj","parent_tag_id":null,"product_display_order":107,"value":"MAKYAJ"},{"id":"4323","key":"yeni̇-ürünler","parent_tag_id":null,"product_display_order":268,"value":"YENİ ÜRÜNLER"},{"id":"13562","key":"yeni̇-yil-makyaj","parent_tag_id":"13561","product_display_order":23,"value":"YENİ YIL MAKYAJ"},{"id":"13569","key":"99-tl-ve-alti-ci̇lt-bakimmakyajparfüm-setleri̇","parent_tag_id":"13561","product_display_order":1,"value":"99 TL VE ALTI CİLT BAKIM&MAKYAJ&PARFÜM SETLERİ"},{"id":"15513","key":"recommended-for-students","parent_tag_id":"4323","product_display_order":0,"value":"Recommended for Students"},{"id":"14346","key":"contouring","parent_tag_id":"1592","product_display_order":1,"value":"Contouring"},{"id":"1593","key":"allik","parent_tag_id":"1592","product_display_order":0,"value":"ALLIK"},{"id":"1594","key":"bronzlaştirici","parent_tag_id":"1592","product_display_order":0,"value":"BRONZLAŞTIRICI"}]},"usage":[{"content":"<UL><LI>Fondötenin üzerine yanak elmacık kemikleri hizasında kontürleme yaparak uygulayın.</LI></UL>","label":"PRODUCT USAGE","type":"product_usage"},{"content":null,"label":"HOW DOES IT WORK","type":"how_does_it_work"},{"content":null,"label":"WHO IT IS FOR","type":"who_it_is_for"},{"content":null,"label":"GREAT TO KNOW","type":"great_to_know"},{"content":null,"label":"WHAT_IT_DOES","type":"what_it_does"},{"content":"Yeni Chubby Stick Şekilledirici Aydınlatıcılar uygulandığı noktaya anında ışıltı sağlar.&nbsp; Şekillencidirici stik istenilen bölgelerde doğal bir belirginlik sağlar, yüz hatlarını belirginleştirmek ve gölgelendirmek için mükemmeldir. <br>Uzun süre kalıcıdır.","label":"WHAT_IT_IS","type":"what_it_is"}],"objectID":"34749"},{"benefit":{"statement":null,"benefits":null},"brand":null,"collection":null,"coverage":null,"cross_sell":[{"sku_id":"6KN901","sort_key":1},{"sku_id":"6K0G01","sort_key":2},{"sku_id":"7WJ801","sort_key":3},{"sku_id":"68G501","sort_key":4},{"sku_id":"ZCW601","sort_key":5}],"default_category":{"id":"23296","key":"yüz-ci̇lt-temi̇zleyi̇ci̇"},"description":"<P>Yağsız formülüyle sivilceli ve siyah noktalı cildi&nbsp; temizlemeye yardımcı olur. Gözenekleri temizlenmesine katkıda bulunur. Ciltteki yağı kontrol altına almaya yardımcı olur. Cildi rahatlatma ve yumuşatmasına katkıda bulunur. Ayrıca bu ürün vücutta da kullanılabilir.</P><P>- Non- irritan içerikler (Deniz Mercanı Özü) irritasyonu ve kızarıklık göünümünü azaltarak cildi yatıştırımaya yardımcı olur<BR>- Exfoliate: Salisilik Asit ile gözeneklerin tıkanmasına sebep olan cilt ölü hücrelerini temizlemeye yardımcı olur.</P>","display_mode":null,"display_name":"Anti-Blemish Sivilce Karşıtı Yüz Temizleme Jeli","display_status":7,"finish":null,"form":null,"formula_type":null,"fragrance_family":null,"indexable_keywords":null,"is_hazmat":false,"is_product_coming_soon":null,"is_product_displayable":true,"is_product_searchable":true,"is_product_shoppable":true,"is_product_sold_out":null,"is_product_temporarily_out_of_stock":null,"is_search_suppressed":null,"key_ingredient":null,"media":{"large":null,"medium":null,"poster":null,"small":null,"videos":[{"position":null,"poster":{"height":null,"src":null,"width":null},"provider":null,"src":null},{"position":null,"poster":{"height":null,"src":null,"width":null},"provider":null,"src":null},{"position":null,"poster":{"height":null,"src":null,"width":null},"provider":null,"src":null}],"xl":null},"meta":{"description":null,"keywords":null},"parent_category":[{"id":"23296","value":"YÜZ & CİLT TEMİZLEYİCİ"},{"id":"1667","value":"CİLT BAKIMI"}],"product_badge":null,"product_id":"34750","product_title_tag":null,"product_type":"Sized","product_url":"/product/23296/34750/cilt-bakimi/yuz-cilt-temizleyici/anti-blemish-sivilce-karst-yuz-temizleme-jeli","reviews":{"average_rating":4,"number_of_questions":null,"number_of_reviews":1},"shade_groups":null,"short_description":null,"skin":null,"skin_goal":null,"skus":{"total":1,"items":[{"color_family":null,"coverage_options":null,"cross_sell":null,"display_status":7,"finish":null,"finish_options":null,"fragrances":[{"family":null,"key":null,"value":null}],"iln_listing":null,"iln_version_number":null,"inventory_status":"Active","is_active":true,"is_coming_soon":null,"is_default_sku":false,"is_discountable":true,"is_displayable":null,"is_engravable":null,"is_fragrance":null,"is_giftable":null,"is_giftwrap":false,"is_inactive":null,"is_multi_shaded":null,"is_out_of_stock":null,"is_preorder":false,"is_preorderable":null,"is_promotional":null,"is_replenishable":false,"is_search_suppressed":null,"is_searchable":true,"is_shaded":null,"is_sized":null,"is_sold_out":null,"is_under_weight_hazmat":false,"is_vto_enabled":null,"life_of_product":"Basic Reorder","material_code":"Z6G8011001","media":{"large":[{"alt":"Anti-Blemish Sivilce Karşıtı Yüz Temizleme Jeli","height":1200,"position":0,"src":"/media/export/cms/products/1200x1500/cl_sku_Z6G801_1200x1500_0.png","type":"image","width":1500}],"medium":[{"alt":"Anti-Blemish Sivilce Karşıtı Yüz Temizleme Jeli","height":600,"position":1,"src":"/media/export/cms/products/600x750/cl_sku_Z6G801_600x750_0.png","type":"image","width":750}],"model":null,"poster":null,"small":[{"alt":"Anti-Blemish Sivilce Karşıtı Yüz Temizleme Jeli","height":1200,"position":2,"src":"/media/export/cms/products/1200x1500/cl_sku_Z6G801_1200x1500_0.png","type":"image","width":1500}],"smoosh":null,"xl":null},"out_of_stock_threshold":null,"perlgem":{"SKU_BASE_ID":61377},"preorder_date":null,"prices":[{"currency":"TRY","exclude_tax":{"original_price":205,"original_price_formatted":"205.00 TL","price":205,"price_formatted":"205.00 TL","price_per_unit":null,"price_per_unit_formatted":""},"include_tax":{"original_price":205,"original_price_formatted":"205.00 TL","price":205,"price_formatted":"205.00 TL","price_per_unit":null,"price_per_unit_formatted":""},"is_discounted":false}],"purchase_limit":null,"replenishment":{"message":null},"reviews":{"average_rating":null,"number_of_questions":null,"number_of_reviews":null},"set_components":null,"shade_groups":null,"shades":null,"sizes":[{"key":1,"value":"50 ml"}],"skin":{"tone":null,"type":null,"type_description":null},"sku_badge":null,"sku_badge_image":null,"sku_display_order":1,"sku_id":"Z6G801","sku_promo_messaging":null,"sku_type":"SE","sku_url":null,"tags":{"total":12,"items":[{"id":"4323","key":"yeni̇-ürünler","value":"YENİ ÜRÜNLER"},{"id":"1667","key":"ci̇lt-bakimi","value":"CİLT BAKIMI"},{"id":"1673","key":"makyaj-temi̇zli̇yi̇ci̇leri̇","value":"MAKYAJ TEMİZLİYİCİLERİ"},{"id":"2669","key":"hedi̇yeler-setler","value":"HEDİYELER & SETLER"},{"id":"1668","key":"sivilce","value":"Sivilce"},{"id":"24180","key":"tamamlayici-ürünler","value":"TAMAMLAYICI ÜRÜNLER"},{"id":"23296","key":"yüz-ci̇lt-temi̇zleyi̇ci̇","value":"YÜZ & CİLT TEMİZLEYİCİ"},{"id":"1979","key":"sivilce","value":"Sivilce"},{"id":"16741","key":"siyah-nokta-karşıtı","value":"Siyah Nokta Karşıtı"},{"id":"1575","key":"en-çok-satanlar","value":"En Çok Satanlar"},{"id":"13563","key":"yeni̇-yil-ci̇lt-bakimi","value":"YENİ YIL CİLT BAKIMI"},{"id":"1590","key":"i̇ndi̇ri̇mli̇-ürünler","value":"İNDİRİMLİ ÜRÜNLER"}]},"texture":null,"undertone":null,"unit_of_measure":null,"unit_size":null,"unit_size_formatted":null,"upc":"020714687977","vto":{"is_color_experience":null,"is_foundation_experience":null}}]},"sub_display_name":null,"sub_header":null,"tags":{"total":12,"items":[{"id":"4323","key":"yeni̇-ürünler","parent_tag_id":null,"product_display_order":302,"value":"YENİ ÜRÜNLER"},{"id":"1667","key":"ci̇lt-bakimi","parent_tag_id":null,"product_display_order":125,"value":"CİLT BAKIMI"},{"id":"1673","key":"makyaj-temi̇zli̇yi̇ci̇leri̇","parent_tag_id":"1667","product_display_order":0,"value":"MAKYAJ TEMİZLİYİCİLERİ"},{"id":"2669","key":"hedi̇yeler-setler","parent_tag_id":"1570","product_display_order":0,"value":"HEDİYELER & SETLER"},{"id":"1668","key":"sivilce","parent_tag_id":"1667","product_display_order":0,"value":"Sivilce"},{"id":"24180","key":"tamamlayici-ürünler","parent_tag_id":"1667","product_display_order":0,"value":"TAMAMLAYICI ÜRÜNLER"},{"id":"23296","key":"yüz-ci̇lt-temi̇zleyi̇ci̇","parent_tag_id":"1667","product_display_order":1,"value":"YÜZ & CİLT TEMİZLEYİCİ"},{"id":"1979","key":"sivilce","parent_tag_id":"1668","product_display_order":0,"value":"Sivilce"},{"id":"16741","key":"siyah-nokta-karşıtı","parent_tag_id":"1667","product_display_order":0,"value":"Siyah Nokta Karşıtı"},{"id":"1575","key":"en-çok-satanlar","parent_tag_id":null,"product_display_order":135,"value":"En Çok Satanlar"},{"id":"13563","key":"yeni̇-yil-ci̇lt-bakimi","parent_tag_id":"13561","product_display_order":0,"value":"YENİ YIL CİLT BAKIMI"},{"id":"1590","key":"i̇ndi̇ri̇mli̇-ürünler","parent_tag_id":null,"product_display_order":0,"value":"İNDİRİMLİ ÜRÜNLER"}]},"usage":[{"content":"<UL><LI>Ilık su yardımı ile avucunuzda ovalayin. </LI><LI>Göz çevresinden kaçınarak, temiz cilde masaj yaparak ürünü uygulayın.</LI><LI>Nazikçe cildinizi durulayın.</LI><LI>Sivilce karşıtı Losyon ile bakımınıza devam edin</LI></UL><P>&nbsp;</P>","label":"PRODUCT USAGE","type":"product_usage"},{"content":null,"label":"HOW DOES IT WORK","type":"how_does_it_work"},{"content":null,"label":"WHO IT IS FOR","type":"who_it_is_for"},{"content":null,"label":"GREAT TO KNOW","type":"great_to_know"},{"content":null,"label":"WHAT_IT_DOES","type":"what_it_does"},{"content":"<P>Yağsız formülüyle sivilceli ve siyah noktalı cildi&nbsp; temizlemeye yardımcı olur. Gözenekleri temizlenmesine katkıda bulunur. Ciltteki yağı kontrol altına almaya yardımcı olur. Cildi rahatlatma ve yumuşatmasına katkıda bulunur. Ayrıca bu ürün vücutta da kullanılabilir.</P><P>- Non- irritan içerikler (Deniz Mercanı Özü) irritasyonu ve kızarıklık göünümünü azaltarak cildi yatıştırımaya yardımcı olur<BR>- Exfoliate: Salisilik Asit ile gözeneklerin tıkanmasına sebep olan cilt ölü hücrelerini temizlemeye yardımcı olur.</P>","label":"WHAT_IT_IS","type":"what_it_is"}],"objectID":"34750"},{"benefit":{"statement":null,"benefits":null},"brand":null,"collection":null,"coverage":[{"key":"full-coverage","value":"full_coverage"}],"cross_sell":[{"sku_id":"62A401","sort_key":1},{"sku_id":null,"sort_key":2},{"sku_id":"647J01","sort_key":3},{"sku_id":"6MNY01","sort_key":4},{"sku_id":"68LE01","sort_key":5},{"sku_id":null,"sort_key":6}],"default_category":{"id":"1599","key":"fondöten"},"description":"<P>2'si bir arada likit fondöten ve göz altı kapatıcısı, özel formülü sayesinde cilt üzerinde ağırlık yapmadan yoğun kapatıcılık sağlar. 12 saat boyunca kalıcılığını korur.&nbsp; Fondöten ve göz altı kapatıcısı olarak , ya da bölgesel kusurları kapatmak için kullanılabilir.</P><P>&nbsp;</P>","display_mode":null,"display_name":"Beyond Perfecting Fondöten ve Göz Altı Kapatıcısı","display_status":7,"finish":[{"key":"natural-finish","value":"natural_finish"}],"form":[{"key":"liquid-form","value":"liquid_form"}],"formula_type":null,"fragrance_family":null,"indexable_keywords":[{"value":"fondöten"},{"value":" kapatıcı"},{"value":" yoğun"}],"is_hazmat":false,"is_product_coming_soon":null,"is_product_displayable":true,"is_product_searchable":true,"is_product_shoppable":true,"is_product_sold_out":null,"is_product_temporarily_out_of_stock":null,"is_search_suppressed":null,"key_ingredient":null,"media":{"large":[{"alt":"Beyond Perfecting Fondöten ve Göz Altı Kapatıcısı","height":1200,"position":0,"src":"/media/export/cms/products/1200x1500/cl_prod_34817_1200x1500_0.png","type":"image","width":1500},{"alt":"Beyond Perfecting Fondöten ve Göz Altı Kapatıcısı","height":1200,"position":1,"src":"/media/export/cms/products/1200x1500/cl_prod_34817_1200x1500_1.png","type":"image","width":1500}],"medium":null,"poster":null,"small":[{"alt":"Beyond Perfecting Fondöten ve Göz Altı Kapatıcısı","height":1200,"position":2,"src":"/media/export/cms/products/1200x1500/cl_prod_34817_1200x1500_0.png","type":"image","width":1500},{"alt":"Beyond Perfecting Fondöten ve Göz Altı Kapatıcısı","height":1200,"position":3,"src":"/media/export/cms/products/1200x1500/cl_prod_34817_1200x1500_1.png","type":"image","width":1500}],"videos":[{"position":null,"poster":{"height":null,"src":null,"width":null},"provider":null,"src":null},{"position":null,"poster":{"height":null,"src":null,"width":null},"provider":null,"src":null},{"position":null,"poster":{"height":null,"src":null,"width":null},"provider":null,"src":null}],"xl":null},"meta":{"description":null,"keywords":"foundation, matte, concealer, makeup, multi-tasks"},"parent_category":[{"id":"1599","value":"FONDÖTEN"},{"id":"1592","value":"MAKYAJ"}],"product_badge":null,"product_id":"34817","product_title_tag":null,"product_type":"Shaded","product_url":"/product/1599/34817/makyaj/fondoten/beyond-perfecting-fondoten-ve-goz-alt-kapatcs","reviews":{"average_rating":3.5,"number_of_questions":null,"number_of_reviews":15},"shade_groups":null,"short_description":"En çok yorum alan. 2'si bir arada likit fondöten ve göz altı kapatıcısı, özel formülü sayesinde 24 saat kalıcı cilt üzerinde ağırlık yapmadan yoğun kapatıcılık sağlar","skin":null,"skin_goal":null,"skus":{"total":12,"items":[{"color_family":[{"key":"very-fair-color","value":"very_fair_color"}],"coverage_options":null,"cross_sell":null,"display_status":3,"finish":[{"key":"natural-finish","value":"natural_finish"}],"finish_options":[{"key":"natural-finish","value":"natural_finish"}],"fragrances":[{"family":null,"key":null,"value":null}],"iln_listing":null,"iln_version_number":null,"inventory_status":"Active","is_active":true,"is_coming_soon":null,"is_default_sku":false,"is_discountable":true,"is_displayable":null,"is_engravable":null,"is_fragrance":null,"is_giftable":null,"is_giftwrap":false,"is_inactive":null,"is_multi_shaded":null,"is_out_of_stock":null,"is_preorder":false,"is_preorderable":null,"is_promotional":null,"is_replenishable":false,"is_search_suppressed":null,"is_searchable":true,"is_shaded":null,"is_sized":null,"is_sold_out":null,"is_under_weight_hazmat":false,"is_vto_enabled":null,"life_of_product":"Basic Reorder","material_code":"Z9FF020001","media":{"large":[{"alt":"Beyond Perfecting Fondöten ve Göz Altı Kapatıcısı","height":1200,"position":1,"src":"/media/export/cms/products/1200x1500/cl_sku_Z9FF02_1200x1500_0.png","type":"image","width":1500}],"medium":[{"alt":"Beyond Perfecting Fondöten ve Göz Altı Kapatıcısı","height":600,"position":3,"src":"/media/export/cms/products/600x750/cl_sku_Z9FF02_600x750_0.png","type":"image","width":750}],"model":[{"alt":"Beyond Perfecting Fondöten ve Göz Altı Kapatıcısı","height":null,"position":2,"src":"/media/export/cms/model/VF1.jpg","type":"image","width":null}],"poster":null,"small":[{"alt":"Beyond Perfecting Fondöten ve Göz Altı Kapatıcısı","height":1200,"position":4,"src":"/media/export/cms/products/1200x1500/cl_sku_Z9FF02_1200x1500_0.png","type":"image","width":1500}],"smoosh":[{"alt":"Beyond Perfecting Fondöten ve Göz Altı Kapatıcısı","height":1200,"position":0,"src":"/media/export/cms/products/1200x1500/swatches_v3/06_ns_ng.png","type":"image","width":1500}],"xl":null},"out_of_stock_threshold":null,"perlgem":{"SKU_BASE_ID":61512},"preorder_date":null,"prices":[{"currency":"TRY","exclude_tax":{"original_price":310,"original_price_formatted":"310.00 TL","price":310,"price_formatted":"310.00 TL","price_per_unit":null,"price_per_unit_formatted":""},"include_tax":{"original_price":310,"original_price_formatted":"310.00 TL","price":310,"price_formatted":"310.00 TL","price_per_unit":null,"price_per_unit_formatted":""},"is_discounted":false}],"purchase_limit":null,"replenishment":{"message":null},"reviews":{"average_rating":null,"number_of_questions":null,"number_of_reviews":null},"set_components":null,"shade_groups":null,"shades":[{"description":"","hex_val":"#F0C9AF","image":{"height":null,"src":"","width":null},"name":"CN 10 Alabaster","smoosh_design":{"group_id":null,"name":"06::none::none"}}],"sizes":[{"key":1,"value":"30 ml."}],"skin":{"tone":null,"type":[{"key":"dry-skintype","value":"dry_skintype"}],"type_description":null},"sku_badge":null,"sku_badge_image":null,"sku_display_order":3,"sku_id":"Z9FF02","sku_promo_messaging":null,"sku_type":"SE","sku_url":null,"tags":{"total":17,"items":[{"id":"13770","key":"recommended-clinique-favourites","value":"Recommended Clinique Favourites"},{"id":"1602","key":"hedi̇yeler-setler","value":"HEDİYELER & SETLER"},{"id":"1592","key":"makyaj","value":"MAKYAJ"},{"id":"18377","key":"kendi-hediye-setinizi-yaratın","value":"Kendi Hediye Setinizi Yaratın"},{"id":"13562","key":"yeni̇-yil-makyaj","value":"YENİ YIL MAKYAJ"},{"id":"1599","key":"fondöten","value":"FONDÖTEN"},{"id":"1575","key":"en-çok-satanlar","value":"En Çok Satanlar"},{"id":"8194","key":"en-çok-satan-10","value":"En Çok Satan 10 "},{"id":"8311","key":"2-al","value":"2 Al"},{"id":"24180","key":"tamamlayici-ürünler","value":"TAMAMLAYICI ÜRÜNLER"},{"id":"25016","key":"top-sellers","value":"Top Sellers"},{"id":"1596","key":"göz-alti-kapaticilari","value":"GÖZ ALTI KAPATICILARI"},{"id":"12537","key":"çok-satan-makyaj-ürünleri̇","value":"ÇOK SATAN MAKYAJ ÜRÜNLERİ"},{"id":"27172","key":"day5flashsale","value":"Day5FlashSale"},{"id":"27171","key":"day4flashsale","value":"Day4FlashSale"},{"id":"4323","key":"yeni̇-ürünler","value":"YENİ ÜRÜNLER"},{"id":"13561","key":"yeni̇-yil-buti̇ği̇","value":"YENİ YIL BUTİĞİ"}]},"texture":null,"undertone":[{"key":"cool-undertone","value":"cool_undertone"}],"unit_of_measure":null,"unit_size":null,"unit_size_formatted":null,"upc":"020714711856","vto":{"is_color_experience":null,"is_foundation_experience":null}},{"color_family":[{"key":"very-fair-color","value":"very_fair_color"}],"coverage_options":null,"cross_sell":null,"display_status":7,"finish":[{"key":"natural-finish","value":"natural_finish"}],"finish_options":[{"key":"natural-finish","value":"natural_finish"}],"fragrances":[{"family":null,"key":null,"value":null}],"iln_listing":null,"iln_version_number":null,"inventory_status":"Active","is_active":true,"is_coming_soon":null,"is_default_sku":false,"is_discountable":true,"is_displayable":null,"is_engravable":null,"is_fragrance":null,"is_giftable":null,"is_giftwrap":false,"is_inactive":null,"is_multi_shaded":null,"is_out_of_stock":null,"is_preorder":false,"is_preorderable":null,"is_promotional":null,"is_replenishable":false,"is_search_suppressed":null,"is_searchable":true,"is_shaded":null,"is_sized":null,"is_sold_out":null,"is_under_weight_hazmat":false,"is_vto_enabled":null,"life_of_product":"Basic Reorder","material_code":"Z9FF050001","media":{"large":[{"alt":"Beyond Perfecting Fondöten ve Göz Altı Kapatıcısı","height":1200,"position":1,"src":"/media/export/cms/products/1200x1500/cl_sku_Z9FF05_1200x1500_0.png","type":"image","width":1500}],"medium":[{"alt":"Beyond Perfecting Fondöten ve Göz Altı Kapatıcısı","height":600,"position":3,"src":"/media/export/cms/products/600x750/cl_sku_Z9FF05_600x750_0.png","type":"image","width":750}],"model":[{"alt":"Beyond Perfecting Fondöten ve Göz Altı Kapatıcısı","height":null,"position":2,"src":"/media/export/cms/model/VF3.jpg","type":"image","width":null}],"poster":null,"small":[{"alt":"Beyond Perfecting Fondöten ve Göz Altı Kapatıcısı","height":1200,"position":4,"src":"/media/export/cms/products/1200x1500/cl_sku_Z9FF05_1200x1500_0.png","type":"image","width":1500}],"smoosh":[{"alt":"Beyond Perfecting Fondöten ve Göz Altı Kapatıcısı","height":1200,"position":0,"src":"/media/export/cms/products/1200x1500/swatches_v3/06_ns_ng.png","type":"image","width":1500}],"xl":null},"out_of_stock_threshold":null,"perlgem":{"SKU_BASE_ID":61514},"preorder_date":null,"prices":[{"currency":"TRY","exclude_tax":{"original_price":310,"original_price_formatted":"310.00 TL","price":310,"price_formatted":"310.00 TL","price_per_unit":null,"price_per_unit_formatted":""},"include_tax":{"original_price":310,"original_price_formatted":"310.00 TL","price":310,"price_formatted":"310.00 TL","price_per_unit":null,"price_per_unit_formatted":""},"is_discounted":false}],"purchase_limit":null,"replenishment":{"message":null},"reviews":{"average_rating":null,"number_of_questions":null,"number_of_reviews":null},"set_components":null,"shade_groups":null,"shades":[{"description":"","hex_val":"#F2BF96","image":{"height":null,"src":"","width":null},"name":"CN 20 Fair","smoosh_design":{"group_id":null,"name":"06::none::none"}}],"sizes":[{"key":1,"value":"30 ml."}],"skin":{"tone":null,"type":[{"key":"dry-skintype","value":"dry_skintype"}],"type_description":null},"sku_badge":null,"sku_badge_image":null,"sku_display_order":6,"sku_id":"Z9FF05","sku_promo_messaging":null,"sku_type":"SE","sku_url":null,"tags":{"total":18,"items":[{"id":"13770","key":"recommended-clinique-favourites","value":"Recommended Clinique Favourites"},{"id":"1602","key":"hedi̇yeler-setler","value":"HEDİYELER & SETLER"},{"id":"18377","key":"kendi-hediye-setinizi-yaratın","value":"Kendi Hediye Setinizi Yaratın"},{"id":"13562","key":"yeni̇-yil-makyaj","value":"YENİ YIL MAKYAJ"},{"id":"1599","key":"fondöten","value":"FONDÖTEN"},{"id":"1575","key":"en-çok-satanlar","value":"En Çok Satanlar"},{"id":"8194","key":"en-çok-satan-10","value":"En Çok Satan 10 "},{"id":"1628","key":"-evde-bakim","value":"# EVDE BAKIM"},{"id":"8311","key":"2-al","value":"2 Al"},{"id":"24180","key":"tamamlayici-ürünler","value":"TAMAMLAYICI ÜRÜNLER"},{"id":"25016","key":"top-sellers","value":"Top Sellers"},{"id":"1596","key":"göz-alti-kapaticilari","value":"GÖZ ALTI KAPATICILARI"},{"id":"27174","key":"day7flashsale","value":"Day7FlashSale"},{"id":"12537","key":"çok-satan-makyaj-ürünleri̇","value":"ÇOK SATAN MAKYAJ ÜRÜNLERİ"},{"id":"27172","key":"day5flashsale","value":"Day5FlashSale"},{"id":"27171","key":"day4flashsale","value":"Day4FlashSale"},{"id":"4323","key":"yeni̇-ürünler","value":"YENİ ÜRÜNLER"},{"id":"13561","key":"yeni̇-yil-buti̇ği̇","value":"YENİ YIL BUTİĞİ"}]},"texture":null,"undertone":[{"key":"cool-undertone","value":"cool_undertone"}],"unit_of_measure":null,"unit_size":null,"unit_size_formatted":null,"upc":"020714711887","vto":{"is_color_experience":null,"is_foundation_experience":null}},{"color_family":[{"key":"very-fair-color","value":"very_fair_color"}],"coverage_options":null,"cross_sell":null,"display_status":3,"finish":[{"key":"natural-finish","value":"natural_finish"}],"finish_options":[{"key":"natural-finish","value":"natural_finish"}],"fragrances":[{"family":null,"key":null,"value":null}],"iln_listing":null,"iln_version_number":null,"inventory_status":"Active","is_active":true,"is_coming_soon":null,"is_default_sku":false,"is_discountable":true,"is_displayable":null,"is_engravable":null,"is_fragrance":null,"is_giftable":null,"is_giftwrap":false,"is_inactive":null,"is_multi_shaded":null,"is_out_of_stock":null,"is_preorder":false,"is_preorderable":null,"is_promotional":null,"is_replenishable":false,"is_search_suppressed":null,"is_searchable":true,"is_shaded":null,"is_sized":null,"is_sold_out":null,"is_under_weight_hazmat":false,"is_vto_enabled":null,"life_of_product":"Basic Reorder","material_code":"Z9FFA50000","media":{"large":[{"alt":"Beyond Perfecting Fondöten ve Göz Altı Kapatıcısı","height":1200,"position":1,"src":"/media/export/cms/products/1200x1500/cl_sku_Z9FFA5_1200x1500_0.png","type":"image","width":1500}],"medium":[{"alt":"Beyond Perfecting Fondöten ve Göz Altı Kapatıcısı","height":600,"position":2,"src":"/media/export/cms/products/600x750/cl_sku_Z9FFA5_600x750_0.png","type":"image","width":750}],"model":null,"poster":null,"small":[{"alt":"Beyond Perfecting Fondöten ve Göz Altı Kapatıcısı","height":1200,"position":3,"src":"/media/export/cms/products/1200x1500/cl_sku_Z9FFA5_1200x1500_0.png","type":"image","width":1500}],"smoosh":[{"alt":"Beyond Perfecting Fondöten ve Göz Altı Kapatıcısı","height":1200,"position":0,"src":"/media/export/cms/products/1200x1500/swatches_v3/06_ns_ng.png","type":"image","width":1500}],"xl":null},"out_of_stock_threshold":null,"perlgem":{"SKU_BASE_ID":78402},"preorder_date":null,"prices":[{"currency":"TRY","exclude_tax":{"original_price":310,"original_price_formatted":"310.00 TL","price":310,"price_formatted":"310.00 TL","price_per_unit":null,"price_per_unit_formatted":""},"include_tax":{"original_price":310,"original_price_formatted":"310.00 TL","price":310,"price_formatted":"310.00 TL","price_per_unit":null,"price_per_unit_formatted":""},"is_discounted":false}],"purchase_limit":null,"replenishment":{"message":null},"reviews":{"average_rating":null,"number_of_questions":null,"number_of_reviews":null},"set_components":null,"shade_groups":null,"shades":[{"description":"","hex_val":"#DBAC82","image":{"height":null,"src":"","width":null},"name":"WN 24 Cork","smoosh_design":{"group_id":null,"name":"06::none::none"}}],"sizes":[{"key":1,"value":"30 ml"}],"skin":{"tone":null,"type":[{"key":"dry-skintype","value":"dry_skintype"}],"type_description":null},"sku_badge":null,"sku_badge_image":null,"sku_display_order":8,"sku_id":"Z9FFA5","sku_promo_messaging":null,"sku_type":"SE","sku_url":null,"tags":{"total":10,"items":[{"id":"18377","key":"kendi-hediye-setinizi-yaratın","value":"Kendi Hediye Setinizi Yaratın"},{"id":"1599","key":"fondöten","value":"FONDÖTEN"},{"id":"1575","key":"en-çok-satanlar","value":"En Çok Satanlar"},{"id":"1628","key":"-evde-bakim","value":"# EVDE BAKIM"},{"id":"25016","key":"top-sellers","value":"Top Sellers"},{"id":"1596","key":"göz-alti-kapaticilari","value":"GÖZ ALTI KAPATICILARI"},{"id":"27174","key":"day7flashsale","value":"Day7FlashSale"},{"id":"12537","key":"çok-satan-makyaj-ürünleri̇","value":"ÇOK SATAN MAKYAJ ÜRÜNLERİ"},{"id":"27172","key":"day5flashsale","value":"Day5FlashSale"},{"id":"27171","key":"day4flashsale","value":"Day4FlashSale"}]},"texture":null,"undertone":[{"key":"warm-undertone","value":"warm_undertone"}],"unit_of_measure":null,"unit_size":0,"unit_size_formatted":null,"upc":"020714898397","vto":{"is_color_experience":null,"is_foundation_experience":null}},{"color_family":[{"key":"very-fair-color","value":"very_fair_color"}],"coverage_options":null,"cross_sell":null,"display_status":7,"finish":[{"key":"natural-finish","value":"natural_finish"}],"finish_options":[{"key":"natural-finish","value":"natural_finish"}],"fragrances":[{"family":null,"key":null,"value":null}],"iln_listing":null,"iln_version_number":null,"inventory_status":"Active","is_active":true,"is_coming_soon":null,"is_default_sku":false,"is_discountable":true,"is_displayable":null,"is_engravable":null,"is_fragrance":null,"is_giftable":null,"is_giftwrap":false,"is_inactive":null,"is_multi_shaded":null,"is_out_of_stock":null,"is_preorder":false,"is_preorderable":null,"is_promotional":null,"is_replenishable":false,"is_search_suppressed":null,"is_searchable":true,"is_shaded":null,"is_sized":null,"is_sold_out":null,"is_under_weight_hazmat":false,"is_vto_enabled":null,"life_of_product":"Basic Reorder","material_code":"Z9FF6A0001","media":{"large":[{"alt":"Beyond Perfecting Fondöten ve Göz Altı Kapatıcısı","height":1200,"position":1,"src":"/media/export/cms/products/1200x1500/cl_sku_Z9FF6A_1200x1500_0.png","type":"image","width":1500}],"medium":[{"alt":"Beyond Perfecting Fondöten ve Göz Altı Kapatıcısı","height":600,"position":3,"src":"/media/export/cms/products/600x750/cl_sku_Z9FF6A_600x750_0.png","type":"image","width":750}],"model":[{"alt":"Beyond Perfecting Fondöten ve Göz Altı Kapatıcısı","height":null,"position":2,"src":"/media/export/cms/model/VF3.jpg","type":"image","width":null}],"poster":null,"small":[{"alt":"Beyond Perfecting Fondöten ve Göz Altı Kapatıcısı","height":1200,"position":4,"src":"/media/export/cms/products/1200x1500/cl_sku_Z9FF6A_1200x1500_0.png","type":"image","width":1500}],"smoosh":[{"alt":"Beyond Perfecting Fondöten ve Göz Altı Kapatıcısı","height":1200,"position":0,"src":"/media/export/cms/products/1200x1500/swatches_v3/06_ns_ng.png","type":"image","width":1500}],"xl":null},"out_of_stock_threshold":null,"perlgem":{"SKU_BASE_ID":61516},"preorder_date":null,"prices":[{"currency":"TRY","exclude_tax":{"original_price":310,"original_price_formatted":"310.00 TL","price":310,"price_formatted":"310.00 TL","price_per_unit":null,"price_per_unit_formatted":""},"include_tax":{"original_price":310,"original_price_formatted":"310.00 TL","price":310,"price_formatted":"310.00 TL","price_per_unit":null,"price_per_unit_formatted":""},"is_discounted":false}],"purchase_limit":null,"replenishment":{"message":null},"reviews":{"average_rating":null,"number_of_questions":null,"number_of_reviews":null},"set_components":null,"shade_groups":null,"shades":[{"description":"","hex_val":"#F2C9A9","image":{"height":null,"src":"","width":null},"name":"CN 32 Buttermilk","smoosh_design":{"group_id":null,"name":"06::none::none"}}],"sizes":[{"key":1,"value":"30 ml"}],"skin":{"tone":null,"type":[{"key":"dry-skintype","value":"dry_skintype"}],"type_description":null},"sku_badge":null,"sku_badge_image":null,"sku_display_order":10,"sku_id":"Z9FF6A","sku_promo_messaging":null,"sku_type":"SE","sku_url":null,"tags":{"total":14,"items":[{"id":"13770","key":"recommended-clinique-favourites","value":"Recommended Clinique Favourites"},{"id":"1602","key":"hedi̇yeler-setler","value":"HEDİYELER & SETLER"},{"id":"18377","key":"kendi-hediye-setinizi-yaratın","value":"Kendi Hediye Setinizi Yaratın"},{"id":"13562","key":"yeni̇-yil-makyaj","value":"YENİ YIL MAKYAJ"},{"id":"1599","key":"fondöten","value":"FONDÖTEN"},{"id":"1575","key":"en-çok-satanlar","value":"En Çok Satanlar"},{"id":"8194","key":"en-çok-satan-10","value":"En Çok Satan 10 "},{"id":"25016","key":"top-sellers","value":"Top Sellers"},{"id":"1596","key":"göz-alti-kapaticilari","value":"GÖZ ALTI KAPATICILARI"},{"id":"12537","key":"çok-satan-makyaj-ürünleri̇","value":"ÇOK SATAN MAKYAJ ÜRÜNLERİ"},{"id":"27172","key":"day5flashsale","value":"Day5FlashSale"},{"id":"27171","key":"day4flashsale","value":"Day4FlashSale"},{"id":"4323","key":"yeni̇-ürünler","value":"YENİ ÜRÜNLER"},{"id":"13561","key":"yeni̇-yil-buti̇ği̇","value":"YENİ YIL BUTİĞİ"}]},"texture":null,"undertone":[{"key":"cool-undertone","value":"cool_undertone"}],"unit_of_measure":null,"unit_size":null,"unit_size_formatted":null,"upc":"020714712945","vto":{"is_color_experience":null,"is_foundation_experience":null}},{"color_family":[{"key":"very-fair-color","value":"very_fair_color"}],"coverage_options":null,"cross_sell":null,"display_status":7,"finish":[{"key":"natural-finish","value":"natural_finish"}],"finish_options":[{"key":"natural-finish","value":"natural_finish"}],"fragrances":[{"family":null,"key":null,"value":null}],"iln_listing":null,"iln_version_number":null,"inventory_status":"Active","is_active":true,"is_coming_soon":null,"is_default_sku":false,"is_discountable":true,"is_displayable":null,"is_engravable":null,"is_fragrance":null,"is_giftable":null,"is_giftwrap":false,"is_inactive":null,"is_multi_shaded":null,"is_out_of_stock":null,"is_preorder":false,"is_preorderable":null,"is_promotional":null,"is_replenishable":false,"is_search_suppressed":null,"is_searchable":true,"is_shaded":null,"is_sized":null,"is_sold_out":null,"is_under_weight_hazmat":false,"is_vto_enabled":null,"life_of_product":"Basic Reorder","material_code":"Z9FF070001","media":{"large":[{"alt":"Beyond Perfecting Fondöten ve Göz Altı Kapatıcısı","height":1200,"position":1,"src":"/media/export/cms/products/1200x1500/cl_sku_Z9FF07_1200x1500_0.png","type":"image","width":1500}],"medium":[{"alt":"Beyond Perfecting Fondöten ve Göz Altı Kapatıcısı","height":600,"position":3,"src":"/media/export/cms/products/600x750/cl_sku_Z9FF07_600x750_0.png","type":"image","width":750}],"model":[{"alt":"Beyond Perfecting Fondöten ve Göz Altı Kapatıcısı","height":null,"position":2,"src":"/media/export/cms/model/VF3.jpg","type":"image","width":null}],"poster":null,"small":[{"alt":"Beyond Perfecting Fondöten ve Göz Altı Kapatıcısı","height":1200,"position":4,"src":"/media/export/cms/products/1200x1500/cl_sku_Z9FF07_1200x1500_0.png","type":"image","width":1500}],"smoosh":[{"alt":"Beyond Perfecting Fondöten ve Göz Altı Kapatıcısı","height":1200,"position":0,"src":"/media/export/cms/products/1200x1500/swatches_v3/06_ns_ng.png","type":"image","width":1500}],"xl":null},"out_of_stock_threshold":null,"perlgem":{"SKU_BASE_ID":61544},"preorder_date":null,"prices":[{"currency":"TRY","exclude_tax":{"original_price":310,"original_price_formatted":"310.00 TL","price":310,"price_formatted":"310.00 TL","price_per_unit":null,"price_per_unit_formatted":""},"include_tax":{"original_price":310,"original_price_formatted":"310.00 TL","price":310,"price_formatted":"310.00 TL","price_per_unit":null,"price_per_unit_formatted":""},"is_discounted":false}],"purchase_limit":null,"replenishment":{"message":null},"reviews":{"average_rating":null,"number_of_questions":null,"number_of_reviews":null},"set_components":null,"shade_groups":null,"shades":[{"description":"","hex_val":"#DEB193","image":{"height":null,"src":"","width":null},"name":"CN 40 Cream Chamois","smoosh_design":{"group_id":null,"name":"06::none::none"}}],"sizes":[{"key":1,"value":"30 ml"}],"skin":{"tone":null,"type":[{"key":"dry-skintype","value":"dry_skintype"}],"type_description":null},"sku_badge":null,"sku_badge_image":null,"sku_display_order":12,"sku_id":"Z9FF07","sku_promo_messaging":null,"sku_type":"SE","sku_url":null,"tags":{"total":17,"items":[{"id":"13770","key":"recommended-clinique-favourites","value":"Recommended Clinique Favourites"},{"id":"1602","key":"hedi̇yeler-setler","value":"HEDİYELER & SETLER"},{"id":"18377","key":"kendi-hediye-setinizi-yaratın","value":"Kendi Hediye Setinizi Yaratın"},{"id":"13562","key":"yeni̇-yil-makyaj","value":"YENİ YIL MAKYAJ"},{"id":"1599","key":"fondöten","value":"FONDÖTEN"},{"id":"1575","key":"en-çok-satanlar","value":"En Çok Satanlar"},{"id":"8194","key":"en-çok-satan-10","value":"En Çok Satan 10 "},{"id":"1628","key":"-evde-bakim","value":"# EVDE BAKIM"},{"id":"24180","key":"tamamlayici-ürünler","value":"TAMAMLAYICI ÜRÜNLER"},{"id":"25016","key":"top-sellers","value":"Top Sellers"},{"id":"1596","key":"göz-alti-kapaticilari","value":"GÖZ ALTI KAPATICILARI"},{"id":"27174","key":"day7flashsale","value":"Day7FlashSale"},{"id":"12537","key":"çok-satan-makyaj-ürünleri̇","value":"ÇOK SATAN MAKYAJ ÜRÜNLERİ"},{"id":"27172","key":"day5flashsale","value":"Day5FlashSale"},{"id":"27171","key":"day4flashsale","value":"Day4FlashSale"},{"id":"4323","key":"yeni̇-ürünler","value":"YENİ ÜRÜNLER"},{"id":"13561","key":"yeni̇-yil-buti̇ği̇","value":"YENİ YIL BUTİĞİ"}]},"texture":null,"undertone":[{"key":"cool-undertone","value":"cool_undertone"}],"unit_of_measure":null,"unit_size":null,"unit_size_formatted":null,"upc":"020714711900","vto":{"is_color_experience":null,"is_foundation_experience":null}},{"color_family":[{"key":"fair-color","value":"fair_color"}],"coverage_options":null,"cross_sell":null,"display_status":7,"finish":[{"key":"natural-finish","value":"natural_finish"}],"finish_options":[{"key":"natural-finish","value":"natural_finish"}],"fragrances":[{"family":null,"key":null,"value":null}],"iln_listing":null,"iln_version_number":null,"inventory_status":"Active","is_active":true,"is_coming_soon":null,"is_default_sku":false,"is_discountable":true,"is_displayable":null,"is_engravable":null,"is_fragrance":null,"is_giftable":null,"is_giftwrap":false,"is_inactive":null,"is_multi_shaded":null,"is_out_of_stock":null,"is_preorder":false,"is_preorderable":null,"is_promotional":null,"is_replenishable":false,"is_search_suppressed":null,"is_searchable":true,"is_shaded":null,"is_sized":null,"is_sold_out":null,"is_under_weight_hazmat":false,"is_vto_enabled":null,"life_of_product":"Basic Reorder","material_code":"Z9FF7A0000","media":{"large":[{"alt":"Beyond Perfecting Fondöten ve Göz Altı Kapatıcısı","height":1200,"position":1,"src":"/media/export/cms/products/1200x1500/cl_sku_Z9FF7A_1200x1500_0.png","type":"image","width":1500}],"medium":[{"alt":"Beyond Perfecting Fondöten ve Göz Altı Kapatıcısı","height":600,"position":2,"src":"/media/export/cms/products/600x750/cl_sku_Z9FF7A_600x750_0.png","type":"image","width":750}],"model":null,"poster":null,"small":[{"alt":"Beyond Perfecting Fondöten ve Göz Altı Kapatıcısı","height":1200,"position":3,"src":"/media/export/cms/products/1200x1500/cl_sku_Z9FF7A_1200x1500_0.png","type":"image","width":1500}],"smoosh":[{"alt":"Beyond Perfecting Fondöten ve Göz Altı Kapatıcısı","height":1200,"position":0,"src":"/media/export/cms/products/1200x1500/swatches_v3/06_ns_ng.png","type":"image","width":1500}],"xl":null},"out_of_stock_threshold":null,"perlgem":{"SKU_BASE_ID":78404},"preorder_date":null,"prices":[{"currency":"TRY","exclude_tax":{"original_price":310,"original_price_formatted":"310.00 TL","price":310,"price_formatted":"310.00 TL","price_per_unit":null,"price_per_unit_formatted":""},"include_tax":{"original_price":310,"original_price_formatted":"310.00 TL","price":310,"price_formatted":"310.00 TL","price_per_unit":null,"price_per_unit_formatted":""},"is_discounted":false}],"purchase_limit":null,"replenishment":{"message":null},"reviews":{"average_rating":null,"number_of_questions":null,"number_of_reviews":null},"set_components":null,"shade_groups":null,"shades":[{"description":"","hex_val":"#E3A97A","image":{"height":null,"src":"","width":null},"name":"WN 44 Tea","smoosh_design":{"group_id":null,"name":"06::none::none"}}],"sizes":[{"key":1,"value":"30 ml"}],"skin":{"tone":null,"type":[{"key":"dry-skintype","value":"dry_skintype"}],"type_description":null},"sku_badge":null,"sku_badge_image":null,"sku_display_order":13,"sku_id":"Z9FF7A","sku_promo_messaging":null,"sku_type":"SE","sku_url":null,"tags":{"total":11,"items":[{"id":"18377","key":"kendi-hediye-setinizi-yaratın","value":"Kendi Hediye Setinizi Yaratın"},{"id":"13562","key":"yeni̇-yil-makyaj","value":"YENİ YIL MAKYAJ"},{"id":"1599","key":"fondöten","value":"FONDÖTEN"},{"id":"1575","key":"en-çok-satanlar","value":"En Çok Satanlar"},{"id":"25016","key":"top-sellers","value":"Top Sellers"},{"id":"1596","key":"göz-alti-kapaticilari","value":"GÖZ ALTI KAPATICILARI"},{"id":"1590","key":"i̇ndi̇ri̇mli̇-ürünler","value":"İNDİRİMLİ ÜRÜNLER"},{"id":"27174","key":"day7flashsale","value":"Day7FlashSale"},{"id":"12537","key":"çok-satan-makyaj-ürünleri̇","value":"ÇOK SATAN MAKYAJ ÜRÜNLERİ"},{"id":"27172","key":"day5flashsale","value":"Day5FlashSale"},{"id":"27171","key":"day4flashsale","value":"Day4FlashSale"}]},"texture":null,"undertone":[{"key":"warm-undertone","value":"warm_undertone"}],"unit_of_measure":null,"unit_size":0,"unit_size_formatted":null,"upc":"020714898410","vto":{"is_color_experience":null,"is_foundation_experience":null}},{"color_family":[{"key":"fair-color","value":"fair_color"}],"coverage_options":null,"cross_sell":null,"display_status":7,"finish":[{"key":"natural-finish","value":"natural_finish"}],"finish_options":[{"key":"natural-finish","value":"natural_finish"}],"fragrances":[{"family":null,"key":null,"value":null}],"iln_listing":null,"iln_version_number":null,"inventory_status":"Active","is_active":true,"is_coming_soon":null,"is_default_sku":false,"is_discountable":true,"is_displayable":null,"is_engravable":null,"is_fragrance":null,"is_giftable":null,"is_giftwrap":false,"is_inactive":null,"is_multi_shaded":null,"is_out_of_stock":null,"is_preorder":false,"is_preorderable":null,"is_promotional":null,"is_replenishable":false,"is_search_suppressed":null,"is_searchable":true,"is_shaded":null,"is_sized":null,"is_sold_out":null,"is_under_weight_hazmat":false,"is_vto_enabled":null,"life_of_product":"Basic Reorder","material_code":"Z9FF090001","media":{"large":[{"alt":"Beyond Perfecting Fondöten ve Göz Altı Kapatıcısı","height":1200,"position":1,"src":"/media/export/cms/products/1200x1500/cl_sku_Z9FF09_1200x1500_0.png","type":"image","width":1500}],"medium":[{"alt":"Beyond Perfecting Fondöten ve Göz Altı Kapatıcısı","height":600,"position":3,"src":"/media/export/cms/products/600x750/cl_sku_Z9FF09_600x750_0.png","type":"image","width":750}],"model":[{"alt":"Beyond Perfecting Fondöten ve Göz Altı Kapatıcısı","height":null,"position":2,"src":"/media/export/cms/model/M1.jpg","type":"image","width":null}],"poster":null,"small":[{"alt":"Beyond Perfecting Fondöten ve Göz Altı Kapatıcısı","height":1200,"position":4,"src":"/media/export/cms/products/1200x1500/cl_sku_Z9FF09_1200x1500_0.png","type":"image","width":1500}],"smoosh":[{"alt":"Beyond Perfecting Fondöten ve Göz Altı Kapatıcısı","height":1200,"position":0,"src":"/media/export/cms/products/1200x1500/swatches_v3/06_ns_ng.png","type":"image","width":1500}],"xl":null},"out_of_stock_threshold":null,"perlgem":{"SKU_BASE_ID":61550},"preorder_date":null,"prices":[{"currency":"TRY","exclude_tax":{"original_price":310,"original_price_formatted":"310.00 TL","price":310,"price_formatted":"310.00 TL","price_per_unit":null,"price_per_unit_formatted":""},"include_tax":{"original_price":310,"original_price_formatted":"310.00 TL","price":310,"price_formatted":"310.00 TL","price_per_unit":null,"price_per_unit_formatted":""},"is_discounted":false}],"purchase_limit":null,"replenishment":{"message":null},"reviews":{"average_rating":null,"number_of_questions":null,"number_of_reviews":null},"set_components":null,"shade_groups":null,"shades":[{"description":"","hex_val":"#DCAB86","image":{"height":null,"src":"","width":null},"name":"CN 52 Neutral","smoosh_design":{"group_id":null,"name":"06::none::none"}}],"sizes":[{"key":1,"value":"30 ml"}],"skin":{"tone":null,"type":[{"key":"dry-skintype","value":"dry_skintype"}],"type_description":null},"sku_badge":null,"sku_badge_image":null,"sku_display_order":17,"sku_id":"Z9FF09","sku_promo_messaging":null,"sku_type":"SE","sku_url":null,"tags":{"total":15,"items":[{"id":"13770","key":"recommended-clinique-favourites","value":"Recommended Clinique Favourites"},{"id":"1602","key":"hedi̇yeler-setler","value":"HEDİYELER & SETLER"},{"id":"18377","key":"kendi-hediye-setinizi-yaratın","value":"Kendi Hediye Setinizi Yaratın"},{"id":"13562","key":"yeni̇-yil-makyaj","value":"YENİ YIL MAKYAJ"},{"id":"1599","key":"fondöten","value":"FONDÖTEN"},{"id":"1575","key":"en-çok-satanlar","value":"En Çok Satanlar"},{"id":"8194","key":"en-çok-satan-10","value":"En Çok Satan 10 "},{"id":"24180","key":"tamamlayici-ürünler","value":"TAMAMLAYICI ÜRÜNLER"},{"id":"25016","key":"top-sellers","value":"Top Sellers"},{"id":"1596","key":"göz-alti-kapaticilari","value":"GÖZ ALTI KAPATICILARI"},{"id":"12537","key":"çok-satan-makyaj-ürünleri̇","value":"ÇOK SATAN MAKYAJ ÜRÜNLERİ"},{"id":"27172","key":"day5flashsale","value":"Day5FlashSale"},{"id":"27171","key":"day4flashsale","value":"Day4FlashSale"},{"id":"4323","key":"yeni̇-ürünler","value":"YENİ ÜRÜNLER"},{"id":"13561","key":"yeni̇-yil-buti̇ği̇","value":"YENİ YIL BUTİĞİ"}]},"texture":null,"undertone":[{"key":"cool-undertone","value":"cool_undertone"}],"unit_of_measure":null,"unit_size":null,"unit_size_formatted":null,"upc":"020714711924","vto":{"is_color_experience":null,"is_foundation_experience":null}},{"color_family":[{"key":"medium-color","value":"medium_color"}],"coverage_options":null,"cross_sell":null,"display_status":7,"finish":[{"key":"natural-finish","value":"natural_finish"}],"finish_options":[{"key":"natural-finish","value":"natural_finish"}],"fragrances":[{"family":null,"key":null,"value":null}],"iln_listing":null,"iln_version_number":null,"inventory_status":"Active","is_active":true,"is_coming_soon":null,"is_default_sku":false,"is_discountable":true,"is_displayable":null,"is_engravable":null,"is_fragrance":null,"is_giftable":null,"is_giftwrap":false,"is_inactive":null,"is_multi_shaded":null,"is_out_of_stock":null,"is_preorder":false,"is_preorderable":null,"is_promotional":null,"is_replenishable":false,"is_search_suppressed":null,"is_searchable":true,"is_shaded":null,"is_sized":null,"is_sold_out":null,"is_under_weight_hazmat":false,"is_vto_enabled":null,"life_of_product":"Basic Reorder","material_code":"Z9FF210001","media":{"large":[{"alt":"Beyond Perfecting Fondöten ve Göz Altı Kapatıcısı","height":1200,"position":1,"src":"/media/export/cms/products/1200x1500/cl_sku_Z9FF21_1200x1500_0.png","type":"image","width":1500}],"medium":[{"alt":"Beyond Perfecting Fondöten ve Göz Altı Kapatıcısı","height":600,"position":3,"src":"/media/export/cms/products/600x750/cl_sku_Z9FF21_600x750_0.png","type":"image","width":750}],"model":[{"alt":"Beyond Perfecting Fondöten ve Göz Altı Kapatıcısı","height":null,"position":2,"src":"/media/export/cms/model/M3.jpg","type":"image","width":null}],"poster":null,"small":[{"alt":"Beyond Perfecting Fondöten ve Göz Altı Kapatıcısı","height":1200,"position":4,"src":"/media/export/cms/products/1200x1500/cl_sku_Z9FF21_1200x1500_0.png","type":"image","width":1500}],"smoosh":[{"alt":"Beyond Perfecting Fondöten ve Göz Altı Kapatıcısı","height":1200,"position":0,"src":"/media/export/cms/products/1200x1500/swatches_v3/06_ns_ng.png","type":"image","width":1500}],"xl":null},"out_of_stock_threshold":null,"perlgem":{"SKU_BASE_ID":61661},"preorder_date":null,"prices":[{"currency":"TRY","exclude_tax":{"original_price":310,"original_price_formatted":"310.00 TL","price":310,"price_formatted":"310.00 TL","price_per_unit":null,"price_per_unit_formatted":""},"include_tax":{"original_price":310,"original_price_formatted":"310.00 TL","price":310,"price_formatted":"310.00 TL","price_per_unit":null,"price_per_unit_formatted":""},"is_discounted":false}],"purchase_limit":null,"replenishment":{"message":null},"reviews":{"average_rating":null,"number_of_questions":null,"number_of_reviews":null},"set_components":null,"shade_groups":null,"shades":[{"description":"","hex_val":"#C8874E","image":{"height":null,"src":"","width":null},"name":"WN 98 Cream Caramel","smoosh_design":{"group_id":null,"name":"06::none::none"}}],"sizes":[{"key":1,"value":"30 ml."}],"skin":{"tone":null,"type":[{"key":"dry-skintype","value":"dry_skintype"}],"type_description":null},"sku_badge":null,"sku_badge_image":null,"sku_display_order":25,"sku_id":"Z9FF21","sku_promo_messaging":null,"sku_type":"SE","sku_url":null,"tags":{"total":15,"items":[{"id":"13770","key":"recommended-clinique-favourites","value":"Recommended Clinique Favourites"},{"id":"18377","key":"kendi-hediye-setinizi-yaratın","value":"Kendi Hediye Setinizi Yaratın"},{"id":"13562","key":"yeni̇-yil-makyaj","value":"YENİ YIL MAKYAJ"},{"id":"1599","key":"fondöten","value":"FONDÖTEN"},{"id":"1575","key":"en-çok-satanlar","value":"En Çok Satanlar"},{"id":"8194","key":"en-çok-satan-10","value":"En Çok Satan 10 "},{"id":"1628","key":"-evde-bakim","value":"# EVDE BAKIM"},{"id":"25016","key":"top-sellers","value":"Top Sellers"},{"id":"1596","key":"göz-alti-kapaticilari","value":"GÖZ ALTI KAPATICILARI"},{"id":"1590","key":"i̇ndi̇ri̇mli̇-ürünler","value":"İNDİRİMLİ ÜRÜNLER"},{"id":"12537","key":"çok-satan-makyaj-ürünleri̇","value":"ÇOK SATAN MAKYAJ ÜRÜNLERİ"},{"id":"27172","key":"day5flashsale","value":"Day5FlashSale"},{"id":"27171","key":"day4flashsale","value":"Day4FlashSale"},{"id":"4323","key":"yeni̇-ürünler","value":"YENİ ÜRÜNLER"},{"id":"13561","key":"yeni̇-yil-buti̇ği̇","value":"YENİ YIL BUTİĞİ"}]},"texture":null,"undertone":[{"key":"warm-undertone","value":"warm_undertone"}],"unit_of_measure":null,"unit_size":null,"unit_size_formatted":null,"upc":"020714712044","vto":{"is_color_experience":null,"is_foundation_experience":null}},{"color_family":[{"key":"medium-color","value":"medium_color"}],"coverage_options":null,"cross_sell":null,"display_status":7,"finish":[{"key":"natural-finish","value":"natural_finish"}],"finish_options":[{"key":"natural-finish","value":"natural_finish"}],"fragrances":[{"family":null,"key":null,"value":null}],"iln_listing":null,"iln_version_number":null,"inventory_status":"Active","is_active":true,"is_coming_soon":null,"is_default_sku":false,"is_discountable":true,"is_displayable":null,"is_engravable":null,"is_fragrance":null,"is_giftable":null,"is_giftwrap":false,"is_inactive":null,"is_multi_shaded":null,"is_out_of_stock":null,"is_preorder":false,"is_preorderable":null,"is_promotional":null,"is_replenishable":false,"is_search_suppressed":null,"is_searchable":true,"is_shaded":null,"is_sized":null,"is_sold_out":null,"is_under_weight_hazmat":false,"is_vto_enabled":null,"life_of_product":"Basic Reorder","material_code":"Z9FF230001","media":{"large":[{"alt":"Beyond Perfecting Fondöten ve Göz Altı Kapatıcısı","height":1200,"position":1,"src":"/media/export/cms/products/1200x1500/cl_sku_Z9FF23_1200x1500_0.png","type":"image","width":1500}],"medium":[{"alt":"Beyond Perfecting Fondöten ve Göz Altı Kapatıcısı","height":600,"position":3,"src":"/media/export/cms/products/600x750/cl_sku_Z9FF23_600x750_0.png","type":"image","width":750}],"model":[{"alt":"Beyond Perfecting Fondöten ve Göz Altı Kapatıcısı","height":null,"position":2,"src":"/media/export/cms/model/D1,M3.jpg","type":"image","width":null}],"poster":null,"small":[{"alt":"Beyond Perfecting Fondöten ve Göz Altı Kapatıcısı","height":1200,"position":4,"src":"/media/export/cms/products/1200x1500/cl_sku_Z9FF23_1200x1500_0.png","type":"image","width":1500}],"smoosh":[{"alt":"Beyond Perfecting Fondöten ve Göz Altı Kapatıcısı","height":1200,"position":0,"src":"/media/export/cms/products/1200x1500/swatches_v3/06_ns_ng.png","type":"image","width":1500}],"xl":null},"out_of_stock_threshold":null,"perlgem":{"SKU_BASE_ID":61756},"preorder_date":null,"prices":[{"currency":"TRY","exclude_tax":{"original_price":310,"original_price_formatted":"310.00 TL","price":310,"price_formatted":"310.00 TL","price_per_unit":null,"price_per_unit_formatted":""},"include_tax":{"original_price":310,"original_price_formatted":"310.00 TL","price":310,"price_formatted":"310.00 TL","price_per_unit":null,"price_per_unit_formatted":""},"is_discounted":false}],"purchase_limit":null,"replenishment":{"message":null},"reviews":{"average_rating":null,"number_of_questions":null,"number_of_reviews":null},"set_components":null,"shade_groups":null,"shades":[{"description":"","hex_val":"#BE793E","image":{"height":null,"src":"","width":null},"name":"WN 112 Ginger","smoosh_design":{"group_id":null,"name":"06::none::none"}}],"sizes":[{"key":1,"value":"30 ml."}],"skin":{"tone":null,"type":[{"key":"dry-skintype","value":"dry_skintype"}],"type_description":null},"sku_badge":null,"sku_badge_image":null,"sku_display_order":26,"sku_id":"Z9FF23","sku_promo_messaging":null,"sku_type":"SE","sku_url":null,"tags":{"total":17,"items":[{"id":"13770","key":"recommended-clinique-favourites","value":"Recommended Clinique Favourites"},{"id":"1592","key":"makyaj","value":"MAKYAJ"},{"id":"18377","key":"kendi-hediye-setinizi-yaratın","value":"Kendi Hediye Setinizi Yaratın"},{"id":"13562","key":"yeni̇-yil-makyaj","value":"YENİ YIL MAKYAJ"},{"id":"1599","key":"fondöten","value":"FONDÖTEN"},{"id":"1575","key":"en-çok-satanlar","value":"En Çok Satanlar"},{"id":"8194","key":"en-çok-satan-10","value":"En Çok Satan 10 "},{"id":"1628","key":"-evde-bakim","value":"# EVDE BAKIM"},{"id":"25016","key":"top-sellers","value":"Top Sellers"},{"id":"1596","key":"göz-alti-kapaticilari","value":"GÖZ ALTI KAPATICILARI"},{"id":"1590","key":"i̇ndi̇ri̇mli̇-ürünler","value":"İNDİRİMLİ ÜRÜNLER"},{"id":"27174","key":"day7flashsale","value":"Day7FlashSale"},{"id":"12537","key":"çok-satan-makyaj-ürünleri̇","value":"ÇOK SATAN MAKYAJ ÜRÜNLERİ"},{"id":"27172","key":"day5flashsale","value":"Day5FlashSale"},{"id":"27171","key":"day4flashsale","value":"Day4FlashSale"},{"id":"4323","key":"yeni̇-ürünler","value":"YENİ ÜRÜNLER"},{"id":"13561","key":"yeni̇-yil-buti̇ği̇","value":"YENİ YIL BUTİĞİ"}]},"texture":null,"undertone":[{"key":"warm-undertone","value":"warm_undertone"}],"unit_of_measure":null,"unit_size":null,"unit_size_formatted":null,"upc":"020714712068","vto":{"is_color_experience":null,"is_foundation_experience":null}},{"color_family":[{"key":"dark-color","value":"dark_color"}],"coverage_options":null,"cross_sell":null,"display_status":7,"finish":[{"key":"natural-finish","value":"natural_finish"}],"finish_options":[{"key":"natural-finish","value":"natural_finish"}],"fragrances":[{"family":null,"key":null,"value":null}],"iln_listing":null,"iln_version_number":null,"inventory_status":"Active","is_active":true,"is_coming_soon":null,"is_default_sku":false,"is_discountable":true,"is_displayable":null,"is_engravable":null,"is_fragrance":null,"is_giftable":null,"is_giftwrap":false,"is_inactive":null,"is_multi_shaded":null,"is_out_of_stock":null,"is_preorder":false,"is_preorderable":null,"is_promotional":null,"is_replenishable":false,"is_search_suppressed":null,"is_searchable":true,"is_shaded":null,"is_sized":null,"is_sold_out":null,"is_under_weight_hazmat":false,"is_vto_enabled":null,"life_of_product":"Basic Reorder","material_code":"Z9FF240001","media":{"large":[{"alt":"Beyond Perfecting Fondöten ve Göz Altı Kapatıcısı","height":1200,"position":1,"src":"/media/export/cms/products/1200x1500/cl_sku_Z9FF24_1200x1500_0.png","type":"image","width":1500}],"medium":[{"alt":"Beyond Perfecting Fondöten ve Göz Altı Kapatıcısı","height":600,"position":3,"src":"/media/export/cms/products/600x750/cl_sku_Z9FF24_600x750_0.png","type":"image","width":750}],"model":[{"alt":"Beyond Perfecting Fondöten ve Göz Altı Kapatıcısı","height":null,"position":2,"src":"/media/export/cms/model/D2.jpg","type":"image","width":null}],"poster":null,"small":[{"alt":"Beyond Perfecting Fondöten ve Göz Altı Kapatıcısı","height":1200,"position":4,"src":"/media/export/cms/products/1200x1500/cl_sku_Z9FF24_1200x1500_0.png","type":"image","width":1500}],"smoosh":[{"alt":"Beyond Perfecting Fondöten ve Göz Altı Kapatıcısı","height":1200,"position":0,"src":"/media/export/cms/products/1200x1500/swatches_v3/06_ns_ng.png","type":"image","width":1500}],"xl":null},"out_of_stock_threshold":null,"perlgem":{"SKU_BASE_ID":61757},"preorder_date":null,"prices":[{"currency":"TRY","exclude_tax":{"original_price":310,"original_price_formatted":"310.00 TL","price":310,"price_formatted":"310.00 TL","price_per_unit":null,"price_per_unit_formatted":""},"include_tax":{"original_price":310,"original_price_formatted":"310.00 TL","price":310,"price_formatted":"310.00 TL","price_per_unit":null,"price_per_unit_formatted":""},"is_discounted":false}],"purchase_limit":null,"replenishment":{"message":null},"reviews":{"average_rating":null,"number_of_questions":null,"number_of_reviews":null},"set_components":null,"shade_groups":null,"shades":[{"description":"","hex_val":"#B47640","image":{"height":null,"src":"","width":null},"name":"WN 114 Golden","smoosh_design":{"group_id":null,"name":"06::none::none"}}],"sizes":[{"key":1,"value":"30 ml."}],"skin":{"tone":null,"type":[{"key":"dry-skintype","value":"dry_skintype"}],"type_description":null},"sku_badge":null,"sku_badge_image":null,"sku_display_order":27,"sku_id":"Z9FF24","sku_promo_messaging":null,"sku_type":"SE","sku_url":null,"tags":{"total":15,"items":[{"id":"13770","key":"recommended-clinique-favourites","value":"Recommended Clinique Favourites"},{"id":"18377","key":"kendi-hediye-setinizi-yaratın","value":"Kendi Hediye Setinizi Yaratın"},{"id":"13562","key":"yeni̇-yil-makyaj","value":"YENİ YIL MAKYAJ"},{"id":"1599","key":"fondöten","value":"FONDÖTEN"},{"id":"1575","key":"en-çok-satanlar","value":"En Çok Satanlar"},{"id":"8194","key":"en-çok-satan-10","value":"En Çok Satan 10 "},{"id":"1628","key":"-evde-bakim","value":"# EVDE BAKIM"},{"id":"25016","key":"top-sellers","value":"Top Sellers"},{"id":"1596","key":"göz-alti-kapaticilari","value":"GÖZ ALTI KAPATICILARI"},{"id":"1590","key":"i̇ndi̇ri̇mli̇-ürünler","value":"İNDİRİMLİ ÜRÜNLER"},{"id":"12537","key":"çok-satan-makyaj-ürünleri̇","value":"ÇOK SATAN MAKYAJ ÜRÜNLERİ"},{"id":"27172","key":"day5flashsale","value":"Day5FlashSale"},{"id":"27171","key":"day4flashsale","value":"Day4FlashSale"},{"id":"4323","key":"yeni̇-ürünler","value":"YENİ ÜRÜNLER"},{"id":"13561","key":"yeni̇-yil-buti̇ği̇","value":"YENİ YIL BUTİĞİ"}]},"texture":null,"undertone":[{"key":"warm-undertone","value":"warm_undertone"}],"unit_of_measure":null,"unit_size":null,"unit_size_formatted":null,"upc":"020714712075","vto":{"is_color_experience":null,"is_foundation_experience":null}},{"color_family":[{"key":"dark-color","value":"dark_color"}],"coverage_options":null,"cross_sell":null,"display_status":7,"finish":[{"key":"natural-finish","value":"natural_finish"}],"finish_options":[{"key":"natural-finish","value":"natural_finish"}],"fragrances":[{"family":null,"key":null,"value":null}],"iln_listing":null,"iln_version_number":null,"inventory_status":"Active","is_active":true,"is_coming_soon":null,"is_default_sku":false,"is_discountable":true,"is_displayable":null,"is_engravable":null,"is_fragrance":null,"is_giftable":null,"is_giftwrap":false,"is_inactive":null,"is_multi_shaded":null,"is_out_of_stock":null,"is_preorder":false,"is_preorderable":null,"is_promotional":null,"is_replenishable":false,"is_search_suppressed":null,"is_searchable":true,"is_shaded":null,"is_sized":null,"is_sold_out":null,"is_under_weight_hazmat":false,"is_vto_enabled":null,"life_of_product":"Basic Reorder","material_code":"Z9FF260001","media":{"large":[{"alt":"Beyond Perfecting Fondöten ve Göz Altı Kapatıcısı","height":1200,"position":1,"src":"/media/export/cms/products/1200x1500/cl_sku_Z9FF26_1200x1500_0.png","type":"image","width":1500}],"medium":[{"alt":"Beyond Perfecting Fondöten ve Göz Altı Kapatıcısı","height":600,"position":3,"src":"/media/export/cms/products/600x750/cl_sku_Z9FF26_600x750_0.png","type":"image","width":750}],"model":[{"alt":"Beyond Perfecting Fondöten ve Göz Altı Kapatıcısı","height":null,"position":2,"src":"/media/export/cms/model/D3.jpg","type":"image","width":null}],"poster":null,"small":[{"alt":"Beyond Perfecting Fondöten ve Göz Altı Kapatıcısı","height":1200,"position":4,"src":"/media/export/cms/products/1200x1500/cl_sku_Z9FF26_1200x1500_0.png","type":"image","width":1500}],"smoosh":[{"alt":"Beyond Perfecting Fondöten ve Göz Altı Kapatıcısı","height":1200,"position":0,"src":"/media/export/cms/products/1200x1500/swatches_v3/06_ns_ng.png","type":"image","width":1500}],"xl":null},"out_of_stock_threshold":null,"perlgem":{"SKU_BASE_ID":61758},"preorder_date":null,"prices":[{"currency":"TRY","exclude_tax":{"original_price":310,"original_price_formatted":"310.00 TL","price":310,"price_formatted":"310.00 TL","price_per_unit":null,"price_per_unit_formatted":""},"include_tax":{"original_price":310,"original_price_formatted":"310.00 TL","price":310,"price_formatted":"310.00 TL","price_per_unit":null,"price_per_unit_formatted":""},"is_discounted":false}],"purchase_limit":null,"replenishment":{"message":null},"reviews":{"average_rating":null,"number_of_questions":null,"number_of_reviews":null},"set_components":null,"shade_groups":null,"shades":[{"description":"","hex_val":"#AB6C35","image":{"height":null,"src":"","width":null},"name":"WN 118 Amber","smoosh_design":{"group_id":null,"name":"06::none::none"}}],"sizes":[{"key":1,"value":"30 ml."}],"skin":{"tone":null,"type":[{"key":"dry-skintype","value":"dry_skintype"}],"type_description":null},"sku_badge":null,"sku_badge_image":null,"sku_display_order":28,"sku_id":"Z9FF26","sku_promo_messaging":null,"sku_type":"SE","sku_url":null,"tags":{"total":15,"items":[{"id":"18377","key":"kendi-hediye-setinizi-yaratın","value":"Kendi Hediye Setinizi Yaratın"},{"id":"13562","key":"yeni̇-yil-makyaj","value":"YENİ YIL MAKYAJ"},{"id":"1599","key":"fondöten","value":"FONDÖTEN"},{"id":"1575","key":"en-çok-satanlar","value":"En Çok Satanlar"},{"id":"8194","key":"en-çok-satan-10","value":"En Çok Satan 10 "},{"id":"1628","key":"-evde-bakim","value":"# EVDE BAKIM"},{"id":"25016","key":"top-sellers","value":"Top Sellers"},{"id":"1596","key":"göz-alti-kapaticilari","value":"GÖZ ALTI KAPATICILARI"},{"id":"1590","key":"i̇ndi̇ri̇mli̇-ürünler","value":"İNDİRİMLİ ÜRÜNLER"},{"id":"27174","key":"day7flashsale","value":"Day7FlashSale"},{"id":"12537","key":"çok-satan-makyaj-ürünleri̇","value":"ÇOK SATAN MAKYAJ ÜRÜNLERİ"},{"id":"27172","key":"day5flashsale","value":"Day5FlashSale"},{"id":"27171","key":"day4flashsale","value":"Day4FlashSale"},{"id":"4323","key":"yeni̇-ürünler","value":"YENİ ÜRÜNLER"},{"id":"13561","key":"yeni̇-yil-buti̇ği̇","value":"YENİ YIL BUTİĞİ"}]},"texture":null,"undertone":[{"key":"warm-undertone","value":"warm_undertone"}],"unit_of_measure":null,"unit_size":null,"unit_size_formatted":null,"upc":"020714712099","vto":{"is_color_experience":null,"is_foundation_experience":null}},{"color_family":[{"key":"dark-color","value":"dark_color"}],"coverage_options":null,"cross_sell":null,"display_status":7,"finish":[{"key":"natural-finish","value":"natural_finish"}],"finish_options":[{"key":"natural-finish","value":"natural_finish"}],"fragrances":[{"family":null,"key":null,"value":null}],"iln_listing":null,"iln_version_number":null,"inventory_status":"Active","is_active":true,"is_coming_soon":null,"is_default_sku":false,"is_discountable":true,"is_displayable":null,"is_engravable":null,"is_fragrance":null,"is_giftable":null,"is_giftwrap":false,"is_inactive":null,"is_multi_shaded":null,"is_out_of_stock":null,"is_preorder":false,"is_preorderable":null,"is_promotional":null,"is_replenishable":false,"is_search_suppressed":null,"is_searchable":true,"is_shaded":null,"is_sized":null,"is_sold_out":null,"is_under_weight_hazmat":false,"is_vto_enabled":null,"life_of_product":"Basic Reorder","material_code":"Z9FF280001","media":{"large":[{"alt":"Beyond Perfecting Fondöten ve Göz Altı Kapatıcısı","height":1200,"position":1,"src":"/media/export/cms/products/1200x1500/cl_sku_Z9FF28_1200x1500_0.png","type":"image","width":1500}],"medium":[{"alt":"Beyond Perfecting Fondöten ve Göz Altı Kapatıcısı","height":600,"position":3,"src":"/media/export/cms/products/600x750/cl_sku_Z9FF28_600x750_0.png","type":"image","width":750}],"model":[{"alt":"Beyond Perfecting Fondöten ve Göz Altı Kapatıcısı","height":null,"position":2,"src":"/media/export/cms/model/D3.jpg","type":"image","width":null}],"poster":null,"small":[{"alt":"Beyond Perfecting Fondöten ve Göz Altı Kapatıcısı","height":1200,"position":4,"src":"/media/export/cms/products/1200x1500/cl_sku_Z9FF28_1200x1500_0.png","type":"image","width":1500}],"smoosh":[{"alt":"Beyond Perfecting Fondöten ve Göz Altı Kapatıcısı","height":1200,"position":0,"src":"/media/export/cms/products/1200x1500/swatches_v3/06_ns_ng.png","type":"image","width":1500}],"xl":null},"out_of_stock_threshold":null,"perlgem":{"SKU_BASE_ID":61759},"preorder_date":null,"prices":[{"currency":"TRY","exclude_tax":{"original_price":310,"original_price_formatted":"310.00 TL","price":310,"price_formatted":"310.00 TL","price_per_unit":null,"price_per_unit_formatted":""},"include_tax":{"original_price":310,"original_price_formatted":"310.00 TL","price":310,"price_formatted":"310.00 TL","price_per_unit":null,"price_per_unit_formatted":""},"is_discounted":false}],"purchase_limit":null,"replenishment":{"message":null},"reviews":{"average_rating":null,"number_of_questions":null,"number_of_reviews":null},"set_components":null,"shade_groups":null,"shades":[{"description":"","hex_val":"#9B5E3B","image":{"height":null,"src":"","width":null},"name":"WN 122 Clove","smoosh_design":{"group_id":null,"name":"06::none::none"}}],"sizes":[{"key":1,"value":"30 ml."}],"skin":{"tone":null,"type":[{"key":"dry-skintype","value":"dry_skintype"}],"type_description":null},"sku_badge":null,"sku_badge_image":null,"sku_display_order":29,"sku_id":"Z9FF28","sku_promo_messaging":null,"sku_type":"SE","sku_url":null,"tags":{"total":13,"items":[{"id":"18377","key":"kendi-hediye-setinizi-yaratın","value":"Kendi Hediye Setinizi Yaratın"},{"id":"13562","key":"yeni̇-yil-makyaj","value":"YENİ YIL MAKYAJ"},{"id":"1599","key":"fondöten","value":"FONDÖTEN"},{"id":"1575","key":"en-çok-satanlar","value":"En Çok Satanlar"},{"id":"1628","key":"-evde-bakim","value":"# EVDE BAKIM"},{"id":"25016","key":"top-sellers","value":"Top Sellers"},{"id":"1596","key":"göz-alti-kapaticilari","value":"GÖZ ALTI KAPATICILARI"},{"id":"1590","key":"i̇ndi̇ri̇mli̇-ürünler","value":"İNDİRİMLİ ÜRÜNLER"},{"id":"12537","key":"çok-satan-makyaj-ürünleri̇","value":"ÇOK SATAN MAKYAJ ÜRÜNLERİ"},{"id":"27172","key":"day5flashsale","value":"Day5FlashSale"},{"id":"27171","key":"day4flashsale","value":"Day4FlashSale"},{"id":"4323","key":"yeni̇-ürünler","value":"YENİ ÜRÜNLER"},{"id":"13561","key":"yeni̇-yil-buti̇ği̇","value":"YENİ YIL BUTİĞİ"}]},"texture":null,"undertone":[{"key":"warm-undertone","value":"warm_undertone"}],"unit_of_measure":null,"unit_size":null,"unit_size_formatted":null,"upc":"020714712112","vto":{"is_color_experience":null,"is_foundation_experience":null}}]},"sub_display_name":"Yoğun Kapatıcı","sub_header":null,"tags":{"total":20,"items":[{"id":"13770","key":"recommended-clinique-favourites","parent_tag_id":null,"product_display_order":1,"value":"Recommended Clinique Favourites"},{"id":"1602","key":"hedi̇yeler-setler","parent_tag_id":"1600","product_display_order":9,"value":"HEDİYELER & SETLER"},{"id":"1592","key":"makyaj","parent_tag_id":null,"product_display_order":18,"value":"MAKYAJ"},{"id":"18377","key":"kendi-hediye-setinizi-yaratın","parent_tag_id":"2644","product_display_order":0,"value":"Kendi Hediye Setinizi Yaratın"},{"id":"13562","key":"yeni̇-yil-makyaj","parent_tag_id":"13561","product_display_order":1,"value":"YENİ YIL MAKYAJ"},{"id":"1599","key":"fondöten","parent_tag_id":"1592","product_display_order":7,"value":"FONDÖTEN"},{"id":"1575","key":"en-çok-satanlar","parent_tag_id":null,"product_display_order":160,"value":"En Çok Satanlar"},{"id":"8194","key":"en-çok-satan-10","parent_tag_id":null,"product_display_order":1,"value":"En Çok Satan 10 "},{"id":"1628","key":"-evde-bakim","parent_tag_id":null,"product_display_order":355,"value":"# EVDE BAKIM"},{"id":"8311","key":"2-al","parent_tag_id":"1628","product_display_order":0,"value":"2 Al"},{"id":"24180","key":"tamamlayici-ürünler","parent_tag_id":"1667","product_display_order":0,"value":"TAMAMLAYICI ÜRÜNLER"},{"id":"25016","key":"top-sellers","parent_tag_id":"4323","product_display_order":0,"value":"Top Sellers"},{"id":"1596","key":"göz-alti-kapaticilari","parent_tag_id":"1592","product_display_order":0,"value":"GÖZ ALTI KAPATICILARI"},{"id":"1590","key":"i̇ndi̇ri̇mli̇-ürünler","parent_tag_id":null,"product_display_order":0,"value":"İNDİRİMLİ ÜRÜNLER"},{"id":"27174","key":"day7flashsale","parent_tag_id":"1590","product_display_order":0,"value":"Day7FlashSale"},{"id":"12537","key":"çok-satan-makyaj-ürünleri̇","parent_tag_id":"1592","product_display_order":0,"value":"ÇOK SATAN MAKYAJ ÜRÜNLERİ"},{"id":"27172","key":"day5flashsale","parent_tag_id":"1590","product_display_order":120,"value":"Day5FlashSale"},{"id":"27171","key":"day4flashsale","parent_tag_id":"1590","product_display_order":0,"value":"Day4FlashSale"},{"id":"4323","key":"yeni̇-ürünler","parent_tag_id":null,"product_display_order":284,"value":"YENİ ÜRÜNLER"},{"id":"13561","key":"yeni̇-yil-buti̇ği̇","parent_tag_id":null,"product_display_order":1,"value":"YENİ YIL BUTİĞİ"}]},"usage":[{"content":"Beyond Perfecting 2'si Bir Arada Fondöten'in eşsiz aplikatörü farklı uygulama tekniklerini bir araya getirir. Beyond Perfecting 2'si Bir Arada Fondöten; özel aplikatörün yatay ucu kullanılarak göz altlarına kapatıcı olarak&nbsp; uygulanabilirken, fırçanın diğer tarafıyla yanaklar gibi geniş yüzeylere fondöten olarak kolayca sürülebilir. Aplikatörün sivri ucu ise ciltteki&nbsp; küçük kusurlar kapatılır.&nbsp; ","label":"PRODUCT USAGE","type":"product_usage"},{"content":null,"label":"HOW DOES IT WORK","type":"how_does_it_work"},{"content":"Kuru karma ve karma yağlı ciltler","label":"WHO IT IS FOR","type":"who_it_is_for"},{"content":null,"label":"GREAT TO KNOW","type":"great_to_know"},{"content":"<b>Cilt tonunuza uygun farklı renk.</b><br>Makyajda kusursuz kapatıcılık sağlamak için zengin pigmentler içeren formülü, ilk uygulandığında daha koyu gözükebilir. Tamamen karıştırıldığında ve kurumaya bırakıldığında Beyond Perfecting Fondöten kusursuz bir görünüm sağlamak için eriyerek yayılır. Küçük bir miktarla uzun bir süre kalıcılık sağlar!<br><br><b>Nasıl Kullanılır</b><br><ul><li>Aplikatörün arkasındaki geniş kısmıyla fondöteni alın, yanak ve çene bölgenize yayabilirsiniz.</li><li>Ardından aplikatörün daha fazla fondöten tutan açılı ucunu kullanarak burun köprüsünü ve çene çizgisi boyunca uygulayınız. Parmak uçlarınızla iyice dağıtınız.</li><li> Ciltteki pürüz ve sivilcelerin üzerine nokta şeklinde uygulayarak problemli bölgeleri, gözaltı çevresini, burunun dış bölgesini ve sivilceleri kapatarak bitirebilirsiniz..Parmağınızla dokundurarak iyice dağıtınız.</li></ul>","label":"WHAT_IT_DOES","type":"what_it_does"},{"content":"2'si bir arada likit fondöten ve göz altı kapatıcısı, özel formülü sayesinde cilt üzerinde ağırlık yapmadan yoğun kapatıcılık sağlar.","label":"WHAT_IT_IS","type":"what_it_is"}],"objectID":"34817"},{"benefit":{"statement":null,"benefits":null},"brand":null,"collection":[{"key":"acne-solutions-collection","value":"acne_solutions_collection"}],"coverage":[{"key":"medium-coverage","value":"medium_coverage"}],"cross_sell":[{"sku_id":"6KNE01","sort_key":1},{"sku_id":"6KN901","sort_key":2},{"sku_id":"6WPR01","sort_key":3},{"sku_id":"Z80K06","sort_key":4},{"sku_id":null,"sort_key":5},{"sku_id":"Z6G801","sort_key":6}],"default_category":{"id":"11480","key":"bb-cc-krem"},"description":"<b>Nedir?</b><br>Lekeye eğilimli ve yağlı ciltler için geliştirilmiş matlaştırıcı BB Krem.<br><br><b>Ne İşe YArar?</b><br>Kapatıcı özelliğinin yanı sıra cildini UVA/UVB ışınlarına karşı korur. Hafif ve çalkalayarak karıştırılan formülü her seferinde cildine taze bir şekilde uygulamanı sağlar.12 saat boyunca etkilidir. Yağsızdır. <br><br><b>Nasıl Kullanılır?</b><br><li>Her kullanımdan önce iyice çalkalayın.  </li><li>Parmak ucunuzla yüzünüze nazikçe uygulayın.</li>","display_mode":null,"display_name":"Anti-Blemish BB Krem SPF 40","display_status":7,"finish":[{"key":"matte-finish","value":"matte_finish"}],"form":[{"key":"liquid-form","value":"liquid_form"},{"key":"cream-form","value":"cream_form"}],"formula_type":null,"fragrance_family":null,"indexable_keywords":[{"value":"fondöten"},{"value":" sivilce"},{"value":" sivilce kapatıcı"},{"value":" akne"},{"value":" akneli cilt"}],"is_hazmat":false,"is_product_coming_soon":null,"is_product_displayable":true,"is_product_searchable":true,"is_product_shoppable":true,"is_product_sold_out":null,"is_product_temporarily_out_of_stock":null,"is_search_suppressed":null,"key_ingredient":null,"media":{"large":null,"medium":null,"poster":null,"small":null,"videos":[{"position":null,"poster":{"height":null,"src":null,"width":null},"provider":null,"src":null},{"position":null,"poster":{"height":null,"src":null,"width":null},"provider":null,"src":null},{"position":null,"poster":{"height":null,"src":null,"width":null},"provider":null,"src":null}],"xl":null},"meta":{"description":null,"keywords":null},"parent_category":[{"id":"11480","value":"BB & CC KREM"},{"id":"1599","value":"FONDÖTEN"},{"id":"1592","value":"MAKYAJ"}],"product_badge":null,"product_id":"35075","product_title_tag":null,"product_type":"Shaded","product_url":"/product/11480/35075/makyaj/fondoten/bb-cc-krem/anti-blemish-bb-krem-spf-40","reviews":{"average_rating":4.7,"number_of_questions":null,"number_of_reviews":12},"shade_groups":null,"short_description":"Lekeye eğilimli ve yağlı ciltler için geliştirilmiş matlaştırıcı BB Krem.","skin":{"concern":[{"key":"acne-concern","value":"acne_concern"},{"key":"spf-concern","value":"spf_concern"}]},"skin_goal":null,"skus":{"total":3,"items":[{"color_family":[{"key":"fair-color","value":"fair_color"}],"coverage_options":null,"cross_sell":null,"display_status":7,"finish":[{"key":"matte-finish","value":"matte_finish"}],"finish_options":[{"key":"matte-finish","value":"matte_finish"}],"fragrances":[{"family":null,"key":null,"value":null}],"iln_listing":null,"iln_version_number":null,"inventory_status":"Active","is_active":true,"is_coming_soon":null,"is_default_sku":true,"is_discountable":true,"is_displayable":null,"is_engravable":null,"is_fragrance":null,"is_giftable":null,"is_giftwrap":false,"is_inactive":null,"is_multi_shaded":null,"is_out_of_stock":null,"is_preorder":false,"is_preorderable":null,"is_promotional":null,"is_replenishable":false,"is_search_suppressed":null,"is_searchable":true,"is_shaded":null,"is_sized":null,"is_sold_out":null,"is_under_weight_hazmat":false,"is_vto_enabled":null,"life_of_product":"Discontinued","material_code":"Z54E020000","media":{"large":[{"alt":"Anti-Blemish BB Krem SPF 40","height":1200,"position":1,"src":"/media/export/cms/products/1200x1500/cl_sku_Z54E02_1200x1500_0.png","type":"image","width":1500}],"medium":[{"alt":"Anti-Blemish BB Krem SPF 40","height":600,"position":2,"src":"/media/export/cms/products/600x750/cl_sku_Z54E02_600x750_0.png","type":"image","width":750}],"model":null,"poster":null,"small":[{"alt":"Anti-Blemish BB Krem SPF 40","height":1200,"position":3,"src":"/media/export/cms/products/1200x1500/cl_sku_Z54E02_1200x1500_0.png","type":"image","width":1500}],"smoosh":[{"alt":"Anti-Blemish BB Krem SPF 40","height":1200,"position":0,"src":"/media/export/cms/products/1200x1500/swatches_v3/06_ns_ng.png","type":"image","width":1500}],"xl":null},"out_of_stock_threshold":null,"perlgem":{"SKU_BASE_ID":61887},"preorder_date":null,"prices":[{"currency":"TRY","exclude_tax":{"original_price":239,"original_price_formatted":"239.00 TL","price":239,"price_formatted":"239.00 TL","price_per_unit":null,"price_per_unit_formatted":""},"include_tax":{"original_price":239,"original_price_formatted":"239.00 TL","price":239,"price_formatted":"239.00 TL","price_per_unit":null,"price_per_unit_formatted":""},"is_discounted":false}],"purchase_limit":null,"replenishment":{"message":null},"reviews":{"average_rating":null,"number_of_questions":null,"number_of_reviews":null},"set_components":null,"shade_groups":null,"shades":[{"description":"","hex_val":"#ddad92","image":{"height":null,"src":"","width":null},"name":"Light Medium","smoosh_design":{"group_id":null,"name":"06::none::none"}}],"sizes":[{"key":1,"value":"30 ml"}],"skin":{"tone":null,"type":[{"key":"combination-skintype","value":"combination_skintype"},{"key":"oily-skintype","value":"oily_skintype"}],"type_description":null},"sku_badge":null,"sku_badge_image":null,"sku_display_order":1,"sku_id":"Z54E02","sku_promo_messaging":null,"sku_type":"SE","sku_url":null,"tags":{"total":16,"items":[{"id":"1599","key":"fondöten","value":"FONDÖTEN"},{"id":"16741","key":"siyah-nokta-karşıtı","value":"Siyah Nokta Karşıtı"},{"id":"27172","key":"day5flashsale","value":"Day5FlashSale"},{"id":"17859","key":"çok-satanlar","value":"ÇOK SATANLAR"},{"id":"13561","key":"yeni̇-yil-buti̇ği̇","value":"YENİ YIL BUTİĞİ"},{"id":"11480","key":"bb-cc-krem","value":"BB & CC KREM"},{"id":"1979","key":"sivilce","value":"Sivilce"},{"id":"1592","key":"makyaj","value":"MAKYAJ"},{"id":"1668","key":"sivilce","value":"Sivilce"},{"id":"24180","key":"tamamlayici-ürünler","value":"TAMAMLAYICI ÜRÜNLER"},{"id":"13562","key":"yeni̇-yil-makyaj","value":"YENİ YIL MAKYAJ"},{"id":"1628","key":"-evde-bakim","value":"# EVDE BAKIM"},{"id":"4323","key":"yeni̇-ürünler","value":"YENİ ÜRÜNLER"},{"id":"1602","key":"hedi̇yeler-setler","value":"HEDİYELER & SETLER"},{"id":"12537","key":"çok-satan-makyaj-ürünleri̇","value":"ÇOK SATAN MAKYAJ ÜRÜNLERİ"},{"id":"1590","key":"i̇ndi̇ri̇mli̇-ürünler","value":"İNDİRİMLİ ÜRÜNLER"}]},"texture":null,"undertone":null,"unit_of_measure":null,"unit_size":0,"unit_size_formatted":null,"upc":"020714694647","vto":{"is_color_experience":null,"is_foundation_experience":null}},{"color_family":[{"key":"medium-color","value":"medium_color"}],"coverage_options":null,"cross_sell":null,"display_status":7,"finish":[{"key":"matte-finish","value":"matte_finish"}],"finish_options":[{"key":"matte-finish","value":"matte_finish"}],"fragrances":[{"family":null,"key":null,"value":null}],"iln_listing":null,"iln_version_number":null,"inventory_status":"Active","is_active":true,"is_coming_soon":null,"is_default_sku":false,"is_discountable":true,"is_displayable":null,"is_engravable":null,"is_fragrance":null,"is_giftable":null,"is_giftwrap":false,"is_inactive":null,"is_multi_shaded":null,"is_out_of_stock":null,"is_preorder":false,"is_preorderable":null,"is_promotional":null,"is_replenishable":false,"is_search_suppressed":null,"is_searchable":true,"is_shaded":null,"is_sized":null,"is_sold_out":null,"is_under_weight_hazmat":false,"is_vto_enabled":null,"life_of_product":"Discontinued","material_code":"Z54E030000","media":{"large":[{"alt":"Anti-Blemish BB Krem SPF 40","height":1200,"position":1,"src":"/media/export/cms/products/1200x1500/cl_sku_Z54E03_1200x1500_0.png","type":"image","width":1500}],"medium":[{"alt":"Anti-Blemish BB Krem SPF 40","height":600,"position":2,"src":"/media/export/cms/products/600x750/cl_sku_Z54E03_600x750_0.png","type":"image","width":750}],"model":null,"poster":null,"small":[{"alt":"Anti-Blemish BB Krem SPF 40","height":1200,"position":3,"src":"/media/export/cms/products/1200x1500/cl_sku_Z54E03_1200x1500_0.png","type":"image","width":1500}],"smoosh":[{"alt":"Anti-Blemish BB Krem SPF 40","height":1200,"position":0,"src":"/media/export/cms/products/1200x1500/swatches_v3/06_ns_ng.png","type":"image","width":1500}],"xl":null},"out_of_stock_threshold":null,"perlgem":{"SKU_BASE_ID":61888},"preorder_date":null,"prices":[{"currency":"TRY","exclude_tax":{"original_price":239,"original_price_formatted":"239.00 TL","price":239,"price_formatted":"239.00 TL","price_per_unit":null,"price_per_unit_formatted":""},"include_tax":{"original_price":239,"original_price_formatted":"239.00 TL","price":239,"price_formatted":"239.00 TL","price_per_unit":null,"price_per_unit_formatted":""},"is_discounted":false}],"purchase_limit":null,"replenishment":{"message":null},"reviews":{"average_rating":null,"number_of_questions":null,"number_of_reviews":null},"set_components":null,"shade_groups":null,"shades":[{"description":"","hex_val":"#d07e4a","image":{"height":null,"src":"","width":null},"name":"Medium","smoosh_design":{"group_id":null,"name":"06::none::none"}}],"sizes":[{"key":1,"value":"30 ml"}],"skin":{"tone":null,"type":[{"key":"combination-skintype","value":"combination_skintype"},{"key":"oily-skintype","value":"oily_skintype"}],"type_description":null},"sku_badge":null,"sku_badge_image":null,"sku_display_order":1,"sku_id":"Z54E03","sku_promo_messaging":null,"sku_type":"SE","sku_url":null,"tags":{"total":18,"items":[{"id":"1599","key":"fondöten","value":"FONDÖTEN"},{"id":"27174","key":"day7flashsale","value":"Day7FlashSale"},{"id":"16741","key":"siyah-nokta-karşıtı","value":"Siyah Nokta Karşıtı"},{"id":"27172","key":"day5flashsale","value":"Day5FlashSale"},{"id":"27168","key":"day1flashsale","value":"Day1FlashSale"},{"id":"13564","key":"yeni̇-yil-parfüm","value":"YENİ YIL PARFÜM"},{"id":"13561","key":"yeni̇-yil-buti̇ği̇","value":"YENİ YIL BUTİĞİ"},{"id":"11480","key":"bb-cc-krem","value":"BB & CC KREM"},{"id":"1979","key":"sivilce","value":"Sivilce"},{"id":"1592","key":"makyaj","value":"MAKYAJ"},{"id":"1668","key":"sivilce","value":"Sivilce"},{"id":"24180","key":"tamamlayici-ürünler","value":"TAMAMLAYICI ÜRÜNLER"},{"id":"13562","key":"yeni̇-yil-makyaj","value":"YENİ YIL MAKYAJ"},{"id":"1628","key":"-evde-bakim","value":"# EVDE BAKIM"},{"id":"4323","key":"yeni̇-ürünler","value":"YENİ ÜRÜNLER"},{"id":"1602","key":"hedi̇yeler-setler","value":"HEDİYELER & SETLER"},{"id":"12537","key":"çok-satan-makyaj-ürünleri̇","value":"ÇOK SATAN MAKYAJ ÜRÜNLERİ"},{"id":"1590","key":"i̇ndi̇ri̇mli̇-ürünler","value":"İNDİRİMLİ ÜRÜNLER"}]},"texture":null,"undertone":null,"unit_of_measure":null,"unit_size":0,"unit_size_formatted":null,"upc":"020714694654","vto":{"is_color_experience":null,"is_foundation_experience":null}},{"color_family":[{"key":"very-fair-color","value":"very_fair_color"}],"coverage_options":null,"cross_sell":null,"display_status":7,"finish":[{"key":"matte-finish","value":"matte_finish"}],"finish_options":[{"key":"matte-finish","value":"matte_finish"}],"fragrances":[{"family":null,"key":null,"value":null}],"iln_listing":null,"iln_version_number":null,"inventory_status":"Active","is_active":true,"is_coming_soon":null,"is_default_sku":false,"is_discountable":true,"is_displayable":null,"is_engravable":null,"is_fragrance":null,"is_giftable":null,"is_giftwrap":false,"is_inactive":null,"is_multi_shaded":null,"is_out_of_stock":null,"is_preorder":false,"is_preorderable":null,"is_promotional":null,"is_replenishable":false,"is_search_suppressed":null,"is_searchable":true,"is_shaded":null,"is_sized":null,"is_sold_out":null,"is_under_weight_hazmat":false,"is_vto_enabled":null,"life_of_product":"Discontinued","material_code":"Z54AE01000","media":{"large":[{"alt":"Anti-Blemish BB Krem SPF 40","height":1200,"position":1,"src":"/media/export/cms/products/1200x1500/cl_sku_Z54E01_1200x1500_0.png","type":"image","width":1500}],"medium":[{"alt":"Anti-Blemish BB Krem SPF 40","height":600,"position":2,"src":"/media/export/cms/products/600x750/cl_sku_Z54E01_600x750_0.png","type":"image","width":750}],"model":null,"poster":null,"small":[{"alt":"Anti-Blemish BB Krem SPF 40","height":1200,"position":3,"src":"/media/export/cms/products/1200x1500/cl_sku_Z54E01_1200x1500_0.png","type":"image","width":1500}],"smoosh":[{"alt":"Anti-Blemish BB Krem SPF 40","height":1200,"position":0,"src":"/media/export/cms/products/1200x1500/swatches_v3/06_ns_ng.png","type":"image","width":1500}],"xl":null},"out_of_stock_threshold":null,"perlgem":{"SKU_BASE_ID":61886},"preorder_date":null,"prices":[{"currency":"TRY","exclude_tax":{"original_price":239,"original_price_formatted":"239.00 TL","price":239,"price_formatted":"239.00 TL","price_per_unit":null,"price_per_unit_formatted":""},"include_tax":{"original_price":239,"original_price_formatted":"239.00 TL","price":239,"price_formatted":"239.00 TL","price_per_unit":null,"price_per_unit_formatted":""},"is_discounted":false}],"purchase_limit":null,"replenishment":{"message":null},"reviews":{"average_rating":null,"number_of_questions":null,"number_of_reviews":null},"set_components":null,"shade_groups":null,"shades":[{"description":"","hex_val":"#e3b59a","image":{"height":null,"src":"","width":null},"name":"Light","smoosh_design":{"group_id":null,"name":"06::none::none"}}],"sizes":[{"key":1,"value":"30 ml"}],"skin":{"tone":null,"type":[{"key":"combination-skintype","value":"combination_skintype"},{"key":"oily-skintype","value":"oily_skintype"}],"type_description":null},"sku_badge":null,"sku_badge_image":null,"sku_display_order":1,"sku_id":"Z54E01","sku_promo_messaging":null,"sku_type":"SE","sku_url":null,"tags":{"total":18,"items":[{"id":"1599","key":"fondöten","value":"FONDÖTEN"},{"id":"27174","key":"day7flashsale","value":"Day7FlashSale"},{"id":"1575","key":"en-çok-satanlar","value":"En Çok Satanlar"},{"id":"16741","key":"siyah-nokta-karşıtı","value":"Siyah Nokta Karşıtı"},{"id":"27172","key":"day5flashsale","value":"Day5FlashSale"},{"id":"27168","key":"day1flashsale","value":"Day1FlashSale"},{"id":"17859","key":"çok-satanlar","value":"ÇOK SATANLAR"},{"id":"13561","key":"yeni̇-yil-buti̇ği̇","value":"YENİ YIL BUTİĞİ"},{"id":"11480","key":"bb-cc-krem","value":"BB & CC KREM"},{"id":"1979","key":"sivilce","value":"Sivilce"},{"id":"1592","key":"makyaj","value":"MAKYAJ"},{"id":"1668","key":"sivilce","value":"Sivilce"},{"id":"24180","key":"tamamlayici-ürünler","value":"TAMAMLAYICI ÜRÜNLER"},{"id":"13562","key":"yeni̇-yil-makyaj","value":"YENİ YIL MAKYAJ"},{"id":"1628","key":"-evde-bakim","value":"# EVDE BAKIM"},{"id":"4323","key":"yeni̇-ürünler","value":"YENİ ÜRÜNLER"},{"id":"12537","key":"çok-satan-makyaj-ürünleri̇","value":"ÇOK SATAN MAKYAJ ÜRÜNLERİ"},{"id":"1590","key":"i̇ndi̇ri̇mli̇-ürünler","value":"İNDİRİMLİ ÜRÜNLER"}]},"texture":null,"undertone":null,"unit_of_measure":null,"unit_size":0,"unit_size_formatted":null,"upc":"020714675820","vto":{"is_color_experience":null,"is_foundation_experience":null}}]},"sub_display_name":null,"sub_header":null,"tags":{"total":20,"items":[{"id":"1599","key":"fondöten","parent_tag_id":"1592","product_display_order":9,"value":"FONDÖTEN"},{"id":"27174","key":"day7flashsale","parent_tag_id":"1590","product_display_order":0,"value":"Day7FlashSale"},{"id":"1575","key":"en-çok-satanlar","parent_tag_id":null,"product_display_order":64,"value":"En Çok Satanlar"},{"id":"16741","key":"siyah-nokta-karşıtı","parent_tag_id":"1667","product_display_order":0,"value":"Siyah Nokta Karşıtı"},{"id":"27172","key":"day5flashsale","parent_tag_id":"1590","product_display_order":54,"value":"Day5FlashSale"},{"id":"27168","key":"day1flashsale","parent_tag_id":"1590","product_display_order":0,"value":"Day1FlashSale"},{"id":"13564","key":"yeni̇-yil-parfüm","parent_tag_id":"13561","product_display_order":0,"value":"YENİ YIL PARFÜM"},{"id":"17859","key":"çok-satanlar","parent_tag_id":null,"product_display_order":77,"value":"ÇOK SATANLAR"},{"id":"13561","key":"yeni̇-yil-buti̇ği̇","parent_tag_id":null,"product_display_order":1,"value":"YENİ YIL BUTİĞİ"},{"id":"11480","key":"bb-cc-krem","parent_tag_id":"1599","product_display_order":1,"value":"BB & CC KREM"},{"id":"1979","key":"sivilce","parent_tag_id":"1668","product_display_order":0,"value":"Sivilce"},{"id":"1592","key":"makyaj","parent_tag_id":null,"product_display_order":13,"value":"MAKYAJ"},{"id":"1668","key":"sivilce","parent_tag_id":"1667","product_display_order":1,"value":"Sivilce"},{"id":"24180","key":"tamamlayici-ürünler","parent_tag_id":"1667","product_display_order":0,"value":"TAMAMLAYICI ÜRÜNLER"},{"id":"13562","key":"yeni̇-yil-makyaj","parent_tag_id":"13561","product_display_order":1,"value":"YENİ YIL MAKYAJ"},{"id":"1628","key":"-evde-bakim","parent_tag_id":null,"product_display_order":18,"value":"# EVDE BAKIM"},{"id":"4323","key":"yeni̇-ürünler","parent_tag_id":null,"product_display_order":304,"value":"YENİ ÜRÜNLER"},{"id":"1602","key":"hedi̇yeler-setler","parent_tag_id":"1600","product_display_order":0,"value":"HEDİYELER & SETLER"},{"id":"12537","key":"çok-satan-makyaj-ürünleri̇","parent_tag_id":"1592","product_display_order":0,"value":"ÇOK SATAN MAKYAJ ÜRÜNLERİ"},{"id":"1590","key":"i̇ndi̇ri̇mli̇-ürünler","parent_tag_id":null,"product_display_order":0,"value":"İNDİRİMLİ ÜRÜNLER"}]},"usage":[{"content":"<ul><li>Her kullanımdan önce iyice çalkalayın.   </li><li>Parmak ucunuzla yüzünüze nazikçe uygulayın.</li></ul>","label":"PRODUCT USAGE","type":"product_usage"},{"content":null,"label":"HOW DOES IT WORK","type":"how_does_it_work"},{"content":null,"label":"WHO IT IS FOR","type":"who_it_is_for"},{"content":null,"label":"GREAT TO KNOW","type":"great_to_know"},{"content":null,"label":"WHAT_IT_DOES","type":"what_it_does"},{"content":"<P>Yeni Clinique Anti Blemish Solutions BB Krem. Cilt üzerindeki sivilceleri ve lekeleri kapatırken yüksek güneş koruması sağlayan, aynı zamanda yeni&nbsp;akne oluşumunu önlemeye yardımcı olur. Ultra hafif yapılı, yağsız formüle sahip Yeni Clinique Anti Blemish Solutions BB Krem yağı absorbe eden içerikler sayesinde ciltte mat bir görünüm sağlarken ışığı yansıtan partiküller ile cilde anında ışıltı kazandırır, cilt tonunu eşitler ve&nbsp;sivilceleri kapatır. 5 farklı tonda mevcuttur.</P><P>&nbsp;</P><P><BR><BR>&nbsp;</P>","label":"WHAT_IT_IS","type":"what_it_is"}],"objectID":"35075"},{"benefit":{"statement":null,"benefits":null},"brand":null,"collection":null,"coverage":null,"cross_sell":[{"sku_id":"7PWK01","sort_key":1},{"sku_id":"Z47M01","sort_key":2},{"sku_id":"75X301","sort_key":3},{"sku_id":"7T5R01","sort_key":4},{"sku_id":"6GTY02","sort_key":5},{"sku_id":"Z51201","sort_key":6}],"default_category":{"id":"1605","key":"ruj"},"description":"Lüks ve hafif formülü, cesur ve doygun renkleri pürüzsüzleştirici bir baz ile bir araya getirir. Modern ve kadifemsi bir bitiş için kolayca uygulanır. Rengini korur ve dudakları nemlendirerek rahatlatır.","display_mode":null,"display_name":"Pop Ruj","display_status":7,"finish":null,"form":null,"formula_type":null,"fragrance_family":null,"indexable_keywords":null,"is_hazmat":false,"is_product_coming_soon":null,"is_product_displayable":true,"is_product_searchable":true,"is_product_shoppable":true,"is_product_sold_out":null,"is_product_temporarily_out_of_stock":null,"is_search_suppressed":null,"key_ingredient":null,"media":{"large":[{"alt":"Pop Ruj","height":1200,"position":0,"src":"/media/export/cms/products/1200x1500/cl_prod_35082_1200x1500_0.png","type":"image","width":1500},{"alt":"Pop Ruj","height":1200,"position":1,"src":"/media/export/cms/products/1200x1500/cl_prod_35082_1200x1500_1.png","type":"image","width":1500}],"medium":null,"poster":null,"small":[{"alt":"Pop Ruj","height":1200,"position":2,"src":"/media/export/cms/products/1200x1500/cl_prod_35082_1200x1500_0.png","type":"image","width":1500},{"alt":"Pop Ruj","height":1200,"position":3,"src":"/media/export/cms/products/1200x1500/cl_prod_35082_1200x1500_1.png","type":"image","width":1500}],"videos":[{"position":null,"poster":{"height":null,"src":null,"width":null},"provider":null,"src":null},{"position":null,"poster":{"height":null,"src":null,"width":null},"provider":null,"src":null},{"position":null,"poster":{"height":null,"src":null,"width":null},"provider":null,"src":null}],"xl":null},"meta":{"description":null,"keywords":null},"parent_category":[{"id":"1605","value":"RUJ"},{"id":"1592","value":"MAKYAJ"}],"product_badge":null,"product_id":"35082","product_title_tag":null,"product_type":"Shaded","product_url":"/product/1605/35082/makyaj/ruj/pop-ruj","reviews":{"average_rating":4.6,"number_of_questions":null,"number_of_reviews":17},"shade_groups":null,"short_description":"Clinique Pop™'un belirgin ve canlı renkleri, yumuşak primer içeriği ile ağırlı hissi bırakmayan formülü ile kadifemsi sonuçlar elde edin.","skin":null,"skin_goal":null,"skus":{"total":8,"items":[{"color_family":[{"key":"violet-color","value":"violet_color"}],"coverage_options":null,"cross_sell":null,"display_status":7,"finish":[{"key":"satin-finish","value":"satin_finish"}],"finish_options":[{"key":"satin-finish","value":"satin_finish"}],"fragrances":[{"family":null,"key":null,"value":null}],"iln_listing":null,"iln_version_number":null,"inventory_status":"Active","is_active":true,"is_coming_soon":null,"is_default_sku":false,"is_discountable":true,"is_displayable":null,"is_engravable":null,"is_fragrance":null,"is_giftable":null,"is_giftwrap":false,"is_inactive":null,"is_multi_shaded":null,"is_out_of_stock":null,"is_preorder":false,"is_preorderable":null,"is_promotional":null,"is_replenishable":false,"is_search_suppressed":null,"is_searchable":true,"is_shaded":null,"is_sized":null,"is_sold_out":null,"is_under_weight_hazmat":false,"is_vto_enabled":null,"life_of_product":"Discontinued","material_code":"ZEK2160001","media":{"large":[{"alt":"Pop Ruj","height":1200,"position":1,"src":"/media/export/cms/products/1200x1500/cl_sku_ZEK216_1200x1500_0.png","type":"image","width":1500}],"medium":[{"alt":"Pop Ruj","height":600,"position":2,"src":"/media/export/cms/products/600x750/cl_sku_ZEK216_600x750_0.png","type":"image","width":750}],"model":null,"poster":null,"small":[{"alt":"Pop Ruj","height":1200,"position":3,"src":"/media/export/cms/products/1200x1500/cl_sku_ZEK216_1200x1500_0.png","type":"image","width":1500}],"smoosh":[{"alt":"Pop Ruj","height":1200,"position":0,"src":"/media/export/cms/products/1200x1500/swatches_v3/38_ns_ng.png","type":"image","width":1500}],"xl":null},"out_of_stock_threshold":null,"perlgem":{"SKU_BASE_ID":62443},"preorder_date":null,"prices":[{"currency":"TRY","exclude_tax":{"original_price":165,"original_price_formatted":"165.00 TL","price":165,"price_formatted":"165.00 TL","price_per_unit":null,"price_per_unit_formatted":""},"include_tax":{"original_price":165,"original_price_formatted":"165.00 TL","price":165,"price_formatted":"165.00 TL","price_per_unit":null,"price_per_unit_formatted":""},"is_discounted":false}],"purchase_limit":null,"replenishment":{"message":null},"reviews":{"average_rating":null,"number_of_questions":null,"number_of_reviews":null},"set_components":null,"shade_groups":null,"shades":[{"description":"","hex_val":"#974b6a","image":{"height":null,"src":"","width":null},"name":"Grape Pop","smoosh_design":{"group_id":null,"name":"38::none::none"}}],"sizes":[{"key":1,"value":null}],"skin":{"tone":null,"type":null,"type_description":null},"sku_badge":null,"sku_badge_image":null,"sku_display_order":0,"sku_id":"ZEK216","sku_promo_messaging":null,"sku_type":"SE","sku_url":null,"tags":{"total":13,"items":[{"id":"15513","key":"recommended-for-students","value":"Recommended for Students"},{"id":"13562","key":"yeni̇-yil-makyaj","value":"YENİ YIL MAKYAJ"},{"id":"4323","key":"yeni̇-ürünler","value":"YENİ ÜRÜNLER"},{"id":"27171","key":"day4flashsale","value":"Day4FlashSale"},{"id":"27172","key":"day5flashsale","value":"Day5FlashSale"},{"id":"12537","key":"çok-satan-makyaj-ürünleri̇","value":"ÇOK SATAN MAKYAJ ÜRÜNLERİ"},{"id":"13770","key":"recommended-clinique-favourites","value":"Recommended Clinique Favourites"},{"id":"1590","key":"i̇ndi̇ri̇mli̇-ürünler","value":"İNDİRİMLİ ÜRÜNLER"},{"id":"1592","key":"makyaj","value":"MAKYAJ"},{"id":"1605","key":"ruj","value":"RUJ"},{"id":"27174","key":"day7flashsale","value":"Day7FlashSale"},{"id":"1602","key":"hedi̇yeler-setler","value":"HEDİYELER & SETLER"},{"id":"11265","key":"makyaj-baz-sabi̇tleyi̇ci̇ler","value":"MAKYAJ BAZ & SABİTLEYİCİLER"}]},"texture":null,"undertone":null,"unit_of_measure":null,"unit_size":null,"unit_size_formatted":null,"upc":"020714739416","vto":{"is_color_experience":null,"is_foundation_experience":null}},{"color_family":[{"key":"pink-color","value":"pink_color"}],"coverage_options":null,"cross_sell":null,"display_status":7,"finish":[{"key":"satin-finish","value":"satin_finish"}],"finish_options":[{"key":"satin-finish","value":"satin_finish"}],"fragrances":[{"family":null,"key":null,"value":null}],"iln_listing":null,"iln_version_number":null,"inventory_status":"Active","is_active":true,"is_coming_soon":null,"is_default_sku":false,"is_discountable":true,"is_displayable":null,"is_engravable":null,"is_fragrance":null,"is_giftable":null,"is_giftwrap":false,"is_inactive":null,"is_multi_shaded":null,"is_out_of_stock":null,"is_preorder":false,"is_preorderable":null,"is_promotional":null,"is_replenishable":false,"is_search_suppressed":null,"is_searchable":true,"is_shaded":null,"is_sized":null,"is_sold_out":null,"is_under_weight_hazmat":false,"is_vto_enabled":null,"life_of_product":"Discontinued","material_code":"ZEK2110001","media":{"large":[{"alt":"Pop Ruj","height":1200,"position":1,"src":"/media/export/cms/products/1200x1500/cl_sku_ZEK211_1200x1500_0.png","type":"image","width":1500}],"medium":[{"alt":"Pop Ruj","height":600,"position":2,"src":"/media/export/cms/products/600x750/cl_sku_ZEK211_600x750_0.png","type":"image","width":750}],"model":null,"poster":null,"small":[{"alt":"Pop Ruj","height":1200,"position":3,"src":"/media/export/cms/products/1200x1500/cl_sku_ZEK211_1200x1500_0.png","type":"image","width":1500}],"smoosh":[{"alt":"Pop Ruj","height":1200,"position":0,"src":"/media/export/cms/products/1200x1500/swatches_v3/38_ns_ng.png","type":"image","width":1500}],"xl":null},"out_of_stock_threshold":null,"perlgem":{"SKU_BASE_ID":62436},"preorder_date":null,"prices":[{"currency":"TRY","exclude_tax":{"original_price":165,"original_price_formatted":"165.00 TL","price":165,"price_formatted":"165.00 TL","price_per_unit":null,"price_per_unit_formatted":""},"include_tax":{"original_price":165,"original_price_formatted":"165.00 TL","price":165,"price_formatted":"165.00 TL","price_per_unit":null,"price_per_unit_formatted":""},"is_discounted":false}],"purchase_limit":null,"replenishment":{"message":null},"reviews":{"average_rating":null,"number_of_questions":null,"number_of_reviews":null},"set_components":null,"shade_groups":null,"shades":[{"description":"","hex_val":"#ef5498","image":{"height":null,"src":"","width":null},"name":"Wow Pop","smoosh_design":{"group_id":null,"name":"38::none::none"}}],"sizes":[{"key":1,"value":null}],"skin":{"tone":null,"type":null,"type_description":null},"sku_badge":null,"sku_badge_image":null,"sku_display_order":0,"sku_id":"ZEK211","sku_promo_messaging":null,"sku_type":"SE","sku_url":null,"tags":{"total":6,"items":[{"id":"27171","key":"day4flashsale","value":"Day4FlashSale"},{"id":"27172","key":"day5flashsale","value":"Day5FlashSale"},{"id":"1592","key":"makyaj","value":"MAKYAJ"},{"id":"1605","key":"ruj","value":"RUJ"},{"id":"27174","key":"day7flashsale","value":"Day7FlashSale"},{"id":"1602","key":"hedi̇yeler-setler","value":"HEDİYELER & SETLER"}]},"texture":null,"undertone":null,"unit_of_measure":null,"unit_size":null,"unit_size_formatted":null,"upc":"020714739362","vto":{"is_color_experience":null,"is_foundation_experience":null}},{"color_family":null,"coverage_options":null,"cross_sell":null,"display_status":7,"finish":[{"key":"satin-finish","value":"satin_finish"}],"finish_options":[{"key":"satin-finish","value":"satin_finish"}],"fragrances":[{"family":null,"key":null,"value":null}],"iln_listing":null,"iln_version_number":null,"inventory_status":"Active","is_active":true,"is_coming_soon":null,"is_default_sku":false,"is_discountable":true,"is_displayable":null,"is_engravable":null,"is_fragrance":null,"is_giftable":null,"is_giftwrap":false,"is_inactive":null,"is_multi_shaded":null,"is_out_of_stock":null,"is_preorder":false,"is_preorderable":null,"is_promotional":null,"is_replenishable":false,"is_search_suppressed":null,"is_searchable":true,"is_shaded":null,"is_sized":null,"is_sold_out":null,"is_under_weight_hazmat":false,"is_vto_enabled":null,"life_of_product":"Basic Reorder","material_code":"ZEK2170000","media":{"large":[{"alt":"Pop Ruj","height":1200,"position":1,"src":"/media/export/cms/products/1200x1500/cl_sku_ZEK217_1200x1500_0.png","type":"image","width":1500}],"medium":[{"alt":"Pop Ruj","height":600,"position":2,"src":"/media/export/cms/products/600x750/cl_sku_ZEK217_600x750_0.png","type":"image","width":750}],"model":null,"poster":null,"small":[{"alt":"Pop Ruj","height":1200,"position":3,"src":"/media/export/cms/products/1200x1500/cl_sku_ZEK217_1200x1500_0.png","type":"image","width":1500}],"smoosh":[{"alt":"Pop Ruj","height":1200,"position":0,"src":"/media/export/cms/products/1200x1500/swatches_v3/38_ns_ng.png","type":"image","width":1500}],"xl":null},"out_of_stock_threshold":null,"perlgem":{"SKU_BASE_ID":66373},"preorder_date":null,"prices":[{"currency":"TRY","exclude_tax":{"original_price":165,"original_price_formatted":"165.00 TL","price":165,"price_formatted":"165.00 TL","price_per_unit":null,"price_per_unit_formatted":""},"include_tax":{"original_price":165,"original_price_formatted":"165.00 TL","price":165,"price_formatted":"165.00 TL","price_per_unit":null,"price_per_unit_formatted":""},"is_discounted":false}],"purchase_limit":null,"replenishment":{"message":null},"reviews":{"average_rating":null,"number_of_questions":null,"number_of_reviews":null},"set_components":null,"shade_groups":null,"shades":[{"description":"","hex_val":"#b85e61","image":{"height":null,"src":"","width":null},"name":"Mocha Pop","smoosh_design":{"group_id":null,"name":"38::none::none"}}],"sizes":[{"key":1,"value":"3.9g"}],"skin":{"tone":null,"type":null,"type_description":null},"sku_badge":null,"sku_badge_image":null,"sku_display_order":0,"sku_id":"ZEK217","sku_promo_messaging":null,"sku_type":"SE","sku_url":null,"tags":{"total":1,"items":[{"id":"1605","key":"ruj","value":"RUJ"}]},"texture":null,"undertone":null,"unit_of_measure":null,"unit_size":0,"unit_size_formatted":null,"upc":"020714739423","vto":{"is_color_experience":null,"is_foundation_experience":null}},{"color_family":[{"key":"nude-color","value":"nude_color"}],"coverage_options":null,"cross_sell":null,"display_status":7,"finish":[{"key":"satin-finish","value":"satin_finish"}],"finish_options":[{"key":"satin-finish","value":"satin_finish"}],"fragrances":[{"family":null,"key":null,"value":null}],"iln_listing":null,"iln_version_number":null,"inventory_status":"Active","is_active":true,"is_coming_soon":null,"is_default_sku":false,"is_discountable":true,"is_displayable":null,"is_engravable":null,"is_fragrance":null,"is_giftable":null,"is_giftwrap":false,"is_inactive":null,"is_multi_shaded":null,"is_out_of_stock":null,"is_preorder":false,"is_preorderable":null,"is_promotional":null,"is_replenishable":false,"is_search_suppressed":null,"is_searchable":true,"is_shaded":null,"is_sized":null,"is_sold_out":null,"is_under_weight_hazmat":false,"is_vto_enabled":null,"life_of_product":"Basic Reorder","material_code":"ZEK2020001","media":{"large":[{"alt":"Pop Ruj","height":1200,"position":1,"src":"/media/export/cms/products/1200x1500/cl_sku_ZEK202_1200x1500_0.png","type":"image","width":1500}],"medium":[{"alt":"Pop Ruj","height":600,"position":2,"src":"/media/export/cms/products/600x750/cl_sku_ZEK202_600x750_0.png","type":"image","width":750}],"model":null,"poster":null,"small":[{"alt":"Pop Ruj","height":1200,"position":3,"src":"/media/export/cms/products/1200x1500/cl_sku_ZEK202_1200x1500_0.png","type":"image","width":1500}],"smoosh":[{"alt":"Pop Ruj","height":1200,"position":0,"src":"/media/export/cms/products/1200x1500/swatches_v3/38_ns_ng.png","type":"image","width":1500}],"xl":null},"out_of_stock_threshold":null,"perlgem":{"SKU_BASE_ID":61899},"preorder_date":null,"prices":[{"currency":"TRY","exclude_tax":{"original_price":165,"original_price_formatted":"165.00 TL","price":165,"price_formatted":"165.00 TL","price_per_unit":null,"price_per_unit_formatted":""},"include_tax":{"original_price":165,"original_price_formatted":"165.00 TL","price":165,"price_formatted":"165.00 TL","price_per_unit":null,"price_per_unit_formatted":""},"is_discounted":false}],"purchase_limit":null,"replenishment":{"message":null},"reviews":{"average_rating":null,"number_of_questions":null,"number_of_reviews":null},"set_components":null,"shade_groups":null,"shades":[{"description":"","hex_val":"#b75c54","image":{"height":null,"src":"","width":null},"name":"Bare Pop","smoosh_design":{"group_id":null,"name":"38::none::none"}}],"sizes":[{"key":1,"value":null}],"skin":{"tone":null,"type":null,"type_description":null},"sku_badge":null,"sku_badge_image":null,"sku_display_order":0,"sku_id":"ZEK202","sku_promo_messaging":null,"sku_type":"SE","sku_url":null,"tags":{"total":13,"items":[{"id":"15513","key":"recommended-for-students","value":"Recommended for Students"},{"id":"13562","key":"yeni̇-yil-makyaj","value":"YENİ YIL MAKYAJ"},{"id":"4323","key":"yeni̇-ürünler","value":"YENİ ÜRÜNLER"},{"id":"27171","key":"day4flashsale","value":"Day4FlashSale"},{"id":"27172","key":"day5flashsale","value":"Day5FlashSale"},{"id":"12537","key":"çok-satan-makyaj-ürünleri̇","value":"ÇOK SATAN MAKYAJ ÜRÜNLERİ"},{"id":"13770","key":"recommended-clinique-favourites","value":"Recommended Clinique Favourites"},{"id":"1592","key":"makyaj","value":"MAKYAJ"},{"id":"1585","key":"hediye-merkezi","value":"Hediye Merkezi"},{"id":"1605","key":"ruj","value":"RUJ"},{"id":"27174","key":"day7flashsale","value":"Day7FlashSale"},{"id":"1602","key":"hedi̇yeler-setler","value":"HEDİYELER & SETLER"},{"id":"11265","key":"makyaj-baz-sabi̇tleyi̇ci̇ler","value":"MAKYAJ BAZ & SABİTLEYİCİLER"}]},"texture":null,"undertone":null,"unit_of_measure":null,"unit_size":null,"unit_size_formatted":null,"upc":"020714739270","vto":{"is_color_experience":null,"is_foundation_experience":null}},{"color_family":[{"key":"nude-color","value":"nude_color"}],"coverage_options":null,"cross_sell":null,"display_status":7,"finish":[{"key":"satin-finish","value":"satin_finish"}],"finish_options":[{"key":"satin-finish","value":"satin_finish"}],"fragrances":[{"family":null,"key":null,"value":null}],"iln_listing":null,"iln_version_number":null,"inventory_status":"Active","is_active":true,"is_coming_soon":null,"is_default_sku":false,"is_discountable":true,"is_displayable":null,"is_engravable":null,"is_fragrance":null,"is_giftable":null,"is_giftwrap":false,"is_inactive":null,"is_multi_shaded":null,"is_out_of_stock":null,"is_preorder":false,"is_preorderable":null,"is_promotional":null,"is_replenishable":false,"is_search_suppressed":null,"is_searchable":true,"is_shaded":null,"is_sized":null,"is_sold_out":null,"is_under_weight_hazmat":false,"is_vto_enabled":null,"life_of_product":"Discontinued","material_code":"ZEK2030000","media":{"large":[{"alt":"Pop Ruj","height":1200,"position":1,"src":"/media/export/cms/products/1200x1500/cl_sku_ZEK203_1200x1500_0.png","type":"image","width":1500}],"medium":[{"alt":"Pop Ruj","height":600,"position":2,"src":"/media/export/cms/products/600x750/cl_sku_ZEK203_600x750_0.png","type":"image","width":750}],"model":null,"poster":null,"small":[{"alt":"Pop Ruj","height":1200,"position":3,"src":"/media/export/cms/products/1200x1500/cl_sku_ZEK203_1200x1500_0.png","type":"image","width":1500}],"smoosh":[{"alt":"Pop Ruj","height":1200,"position":0,"src":"/media/export/cms/products/1200x1500/swatches_v3/38_ns_ng.png","type":"image","width":1500}],"xl":null},"out_of_stock_threshold":null,"perlgem":{"SKU_BASE_ID":63256},"preorder_date":null,"prices":[{"currency":"TRY","exclude_tax":{"original_price":165,"original_price_formatted":"165.00 TL","price":165,"price_formatted":"165.00 TL","price_per_unit":null,"price_per_unit_formatted":""},"include_tax":{"original_price":165,"original_price_formatted":"165.00 TL","price":165,"price_formatted":"165.00 TL","price_per_unit":null,"price_per_unit_formatted":""},"is_discounted":false}],"purchase_limit":null,"replenishment":{"message":null},"reviews":{"average_rating":null,"number_of_questions":null,"number_of_reviews":null},"set_components":null,"shade_groups":null,"shades":[{"description":"","hex_val":"#5a1e1b","image":{"height":null,"src":"","width":null},"name":"Cola Pop","smoosh_design":{"group_id":null,"name":"38::none::none"}}],"sizes":[{"key":1,"value":null}],"skin":{"tone":null,"type":null,"type_description":null},"sku_badge":null,"sku_badge_image":null,"sku_display_order":0,"sku_id":"ZEK203","sku_promo_messaging":null,"sku_type":"SE","sku_url":null,"tags":{"total":14,"items":[{"id":"15513","key":"recommended-for-students","value":"Recommended for Students"},{"id":"13562","key":"yeni̇-yil-makyaj","value":"YENİ YIL MAKYAJ"},{"id":"4323","key":"yeni̇-ürünler","value":"YENİ ÜRÜNLER"},{"id":"17859","key":"çok-satanlar","value":"ÇOK SATANLAR"},{"id":"27171","key":"day4flashsale","value":"Day4FlashSale"},{"id":"27172","key":"day5flashsale","value":"Day5FlashSale"},{"id":"12537","key":"çok-satan-makyaj-ürünleri̇","value":"ÇOK SATAN MAKYAJ ÜRÜNLERİ"},{"id":"13770","key":"recommended-clinique-favourites","value":"Recommended Clinique Favourites"},{"id":"1590","key":"i̇ndi̇ri̇mli̇-ürünler","value":"İNDİRİMLİ ÜRÜNLER"},{"id":"1592","key":"makyaj","value":"MAKYAJ"},{"id":"1605","key":"ruj","value":"RUJ"},{"id":"27174","key":"day7flashsale","value":"Day7FlashSale"},{"id":"1602","key":"hedi̇yeler-setler","value":"HEDİYELER & SETLER"},{"id":"11265","key":"makyaj-baz-sabi̇tleyi̇ci̇ler","value":"MAKYAJ BAZ & SABİTLEYİCİLER"}]},"texture":null,"undertone":null,"unit_of_measure":null,"unit_size":null,"unit_size_formatted":null,"upc":"020714739287","vto":{"is_color_experience":null,"is_foundation_experience":null}},{"color_family":null,"coverage_options":null,"cross_sell":null,"display_status":7,"finish":null,"finish_options":null,"fragrances":[{"family":null,"key":null,"value":null}],"iln_listing":null,"iln_version_number":null,"inventory_status":"Active","is_active":true,"is_coming_soon":null,"is_default_sku":false,"is_discountable":true,"is_displayable":null,"is_engravable":null,"is_fragrance":null,"is_giftable":null,"is_giftwrap":false,"is_inactive":null,"is_multi_shaded":null,"is_out_of_stock":null,"is_preorder":false,"is_preorderable":null,"is_promotional":null,"is_replenishable":false,"is_search_suppressed":null,"is_searchable":true,"is_shaded":null,"is_sized":null,"is_sold_out":null,"is_under_weight_hazmat":false,"is_vto_enabled":null,"life_of_product":"Basic Reorder","material_code":"ZEK2190000","media":{"large":[{"alt":"Pop Ruj","height":1200,"position":1,"src":"/media/export/cms/products/1200x1500/cl_sku_ZEK219_1200x1500_0.png","type":"image","width":1500}],"medium":[{"alt":"Pop Ruj","height":600,"position":2,"src":"/media/export/cms/products/600x750/cl_sku_ZEK219_600x750_0.png","type":"image","width":750}],"model":null,"poster":null,"small":[{"alt":"Pop Ruj","height":1200,"position":3,"src":"/media/export/cms/products/1200x1500/cl_sku_ZEK219_1200x1500_0.png","type":"image","width":1500}],"smoosh":[{"alt":"Pop Ruj","height":1200,"position":0,"src":"/media/export/cms/products/1200x1500/swatches_v3/38_ns_ng.png","type":"image","width":1500}],"xl":null},"out_of_stock_threshold":null,"perlgem":{"SKU_BASE_ID":65630},"preorder_date":null,"prices":[{"currency":"TRY","exclude_tax":{"original_price":165,"original_price_formatted":"165.00 TL","price":165,"price_formatted":"165.00 TL","price_per_unit":null,"price_per_unit_formatted":""},"include_tax":{"original_price":165,"original_price_formatted":"165.00 TL","price":165,"price_formatted":"165.00 TL","price_per_unit":null,"price_per_unit_formatted":""},"is_discounted":false}],"purchase_limit":null,"replenishment":{"message":null},"reviews":{"average_rating":null,"number_of_questions":null,"number_of_reviews":null},"set_components":null,"shade_groups":null,"shades":[{"description":"","hex_val":"#e73058","image":{"height":null,"src":"","width":null},"name":"Party Pop","smoosh_design":{"group_id":null,"name":"38::none::none"}}],"sizes":[{"key":1,"value":"3.9 g"}],"skin":{"tone":null,"type":null,"type_description":null},"sku_badge":null,"sku_badge_image":null,"sku_display_order":1,"sku_id":"ZEK219","sku_promo_messaging":null,"sku_type":"SE","sku_url":null,"tags":{"total":2,"items":[{"id":"12537","key":"çok-satan-makyaj-ürünleri̇","value":"ÇOK SATAN MAKYAJ ÜRÜNLERİ"},{"id":"1605","key":"ruj","value":"RUJ"}]},"texture":null,"undertone":null,"unit_of_measure":null,"unit_size":0,"unit_size_formatted":null,"upc":"020714739447","vto":{"is_color_experience":null,"is_foundation_experience":null}},{"color_family":null,"coverage_options":null,"cross_sell":null,"display_status":7,"finish":[{"key":"satin-finish","value":"satin_finish"}],"finish_options":[{"key":"satin-finish","value":"satin_finish"}],"fragrances":[{"family":null,"key":null,"value":null}],"iln_listing":null,"iln_version_number":null,"inventory_status":"Active","is_active":true,"is_coming_soon":null,"is_default_sku":false,"is_discountable":true,"is_displayable":null,"is_engravable":null,"is_fragrance":null,"is_giftable":null,"is_giftwrap":false,"is_inactive":null,"is_multi_shaded":null,"is_out_of_stock":null,"is_preorder":false,"is_preorderable":null,"is_promotional":null,"is_replenishable":false,"is_search_suppressed":null,"is_searchable":true,"is_shaded":null,"is_sized":null,"is_sold_out":null,"is_under_weight_hazmat":false,"is_vto_enabled":null,"life_of_product":"Basic Reorder","material_code":"ZEK2180000","media":{"large":[{"alt":"Pop Ruj","height":1200,"position":1,"src":"/media/export/cms/products/1200x1500/cl_sku_ZEK218_1200x1500_0.png","type":"image","width":1500}],"medium":[{"alt":"Pop Ruj","height":600,"position":2,"src":"/media/export/cms/products/600x750/cl_sku_ZEK218_600x750_0.png","type":"image","width":750}],"model":null,"poster":null,"small":[{"alt":"Pop Ruj","height":1200,"position":3,"src":"/media/export/cms/products/1200x1500/cl_sku_ZEK218_1200x1500_0.png","type":"image","width":1500}],"smoosh":[{"alt":"Pop Ruj","height":1200,"position":0,"src":"/media/export/cms/products/1200x1500/swatches_v3/38_ns_ng.png","type":"image","width":1500}],"xl":null},"out_of_stock_threshold":null,"perlgem":{"SKU_BASE_ID":65629},"preorder_date":null,"prices":[{"currency":"TRY","exclude_tax":{"original_price":165,"original_price_formatted":"165.00 TL","price":165,"price_formatted":"165.00 TL","price_per_unit":null,"price_per_unit_formatted":""},"include_tax":{"original_price":165,"original_price_formatted":"165.00 TL","price":165,"price_formatted":"165.00 TL","price_per_unit":null,"price_per_unit_formatted":""},"is_discounted":false}],"purchase_limit":null,"replenishment":{"message":null},"reviews":{"average_rating":null,"number_of_questions":null,"number_of_reviews":null},"set_components":null,"shade_groups":null,"shades":[{"description":"","hex_val":"#df6a76","image":{"height":null,"src":"","width":null},"name":"Papaya Pop","smoosh_design":{"group_id":null,"name":"38::none::none"}}],"sizes":[{"key":1,"value":"3.9 g"}],"skin":{"tone":null,"type":null,"type_description":null},"sku_badge":null,"sku_badge_image":null,"sku_display_order":1,"sku_id":"ZEK218","sku_promo_messaging":null,"sku_type":"SE","sku_url":null,"tags":{"total":10,"items":[{"id":"15513","key":"recommended-for-students","value":"Recommended for Students"},{"id":"13562","key":"yeni̇-yil-makyaj","value":"YENİ YIL MAKYAJ"},{"id":"27171","key":"day4flashsale","value":"Day4FlashSale"},{"id":"27172","key":"day5flashsale","value":"Day5FlashSale"},{"id":"12537","key":"çok-satan-makyaj-ürünleri̇","value":"ÇOK SATAN MAKYAJ ÜRÜNLERİ"},{"id":"13770","key":"recommended-clinique-favourites","value":"Recommended Clinique Favourites"},{"id":"1592","key":"makyaj","value":"MAKYAJ"},{"id":"1605","key":"ruj","value":"RUJ"},{"id":"27174","key":"day7flashsale","value":"Day7FlashSale"},{"id":"1602","key":"hedi̇yeler-setler","value":"HEDİYELER & SETLER"}]},"texture":null,"undertone":null,"unit_of_measure":null,"unit_size":0,"unit_size_formatted":null,"upc":"020714739430","vto":{"is_color_experience":null,"is_foundation_experience":null}},{"color_family":null,"coverage_options":null,"cross_sell":null,"display_status":7,"finish":[{"key":"satin-finish","value":"satin_finish"}],"finish_options":[{"key":"satin-finish","value":"satin_finish"}],"fragrances":[{"family":null,"key":null,"value":null}],"iln_listing":null,"iln_version_number":null,"inventory_status":"Active","is_active":true,"is_coming_soon":null,"is_default_sku":false,"is_discountable":true,"is_displayable":null,"is_engravable":null,"is_fragrance":null,"is_giftable":null,"is_giftwrap":false,"is_inactive":null,"is_multi_shaded":null,"is_out_of_stock":null,"is_preorder":false,"is_preorderable":null,"is_promotional":null,"is_replenishable":false,"is_search_suppressed":null,"is_searchable":true,"is_shaded":null,"is_sized":null,"is_sold_out":null,"is_under_weight_hazmat":false,"is_vto_enabled":null,"life_of_product":"Basic Reorder","material_code":"ZEK2230000","media":{"large":[{"alt":"Pop Ruj","height":1200,"position":1,"src":"/media/export/cms/products/1200x1500/cl_sku_ZEK223_1200x1500_0.png","type":"image","width":1500}],"medium":[{"alt":"Pop Ruj","height":600,"position":2,"src":"/media/export/cms/products/600x750/cl_sku_ZEK223_600x750_0.png","type":"image","width":750}],"model":null,"poster":null,"small":[{"alt":"Pop Ruj","height":1200,"position":3,"src":"/media/export/cms/products/1200x1500/cl_sku_ZEK223_1200x1500_0.png","type":"image","width":1500}],"smoosh":[{"alt":"Pop Ruj","height":1200,"position":0,"src":"/media/export/cms/products/1200x1500/swatches_v3/38_ns_ng.png","type":"image","width":1500}],"xl":null},"out_of_stock_threshold":null,"perlgem":{"SKU_BASE_ID":66371},"preorder_date":null,"prices":[{"currency":"TRY","exclude_tax":{"original_price":165,"original_price_formatted":"165.00 TL","price":165,"price_formatted":"165.00 TL","price_per_unit":null,"price_per_unit_formatted":""},"include_tax":{"original_price":165,"original_price_formatted":"165.00 TL","price":165,"price_formatted":"165.00 TL","price_per_unit":null,"price_per_unit_formatted":""},"is_discounted":false}],"purchase_limit":null,"replenishment":{"message":null},"reviews":{"average_rating":null,"number_of_questions":null,"number_of_reviews":null},"set_components":null,"shade_groups":null,"shades":[{"description":"","hex_val":"#af5f5f","image":{"height":null,"src":"","width":null},"name":"Blush Pop","smoosh_design":{"group_id":null,"name":"38::none::none"}}],"sizes":[{"key":1,"value":"3.9 g"}],"skin":{"tone":null,"type":null,"type_description":null},"sku_badge":null,"sku_badge_image":null,"sku_display_order":1,"sku_id":"ZEK223","sku_promo_messaging":null,"sku_type":"SE","sku_url":null,"tags":{"total":11,"items":[{"id":"2644","key":"alışverişi-tamamla","value":"Alışverişi Tamamla"},{"id":"15513","key":"recommended-for-students","value":"Recommended for Students"},{"id":"13562","key":"yeni̇-yil-makyaj","value":"YENİ YIL MAKYAJ"},{"id":"27171","key":"day4flashsale","value":"Day4FlashSale"},{"id":"27172","key":"day5flashsale","value":"Day5FlashSale"},{"id":"12537","key":"çok-satan-makyaj-ürünleri̇","value":"ÇOK SATAN MAKYAJ ÜRÜNLERİ"},{"id":"13770","key":"recommended-clinique-favourites","value":"Recommended Clinique Favourites"},{"id":"1590","key":"i̇ndi̇ri̇mli̇-ürünler","value":"İNDİRİMLİ ÜRÜNLER"},{"id":"1592","key":"makyaj","value":"MAKYAJ"},{"id":"1605","key":"ruj","value":"RUJ"},{"id":"1602","key":"hedi̇yeler-setler","value":"HEDİYELER & SETLER"}]},"texture":null,"undertone":null,"unit_of_measure":null,"unit_size":null,"unit_size_formatted":null,"upc":"020714739485","vto":{"is_color_experience":null,"is_foundation_experience":null}}]},"sub_display_name":null,"sub_header":null,"tags":{"total":20,"items":[{"id":"2644","key":"alışverişi-tamamla","parent_tag_id":null,"product_display_order":0,"value":"Alışverişi Tamamla"},{"id":"15513","key":"recommended-for-students","parent_tag_id":"4323","product_display_order":0,"value":"Recommended for Students"},{"id":"13562","key":"yeni̇-yil-makyaj","parent_tag_id":"13561","product_display_order":1,"value":"YENİ YIL MAKYAJ"},{"id":"4323","key":"yeni̇-ürünler","parent_tag_id":null,"product_display_order":318,"value":"YENİ ÜRÜNLER"},{"id":"17859","key":"çok-satanlar","parent_tag_id":null,"product_display_order":65,"value":"ÇOK SATANLAR"},{"id":"9423","key":"seasonal1","parent_tag_id":"9420","product_display_order":0,"value":"seasonal1"},{"id":"27171","key":"day4flashsale","parent_tag_id":"1590","product_display_order":44,"value":"Day4FlashSale"},{"id":"19288","key":"sale","parent_tag_id":"1590","product_display_order":0,"value":"sale"},{"id":"27172","key":"day5flashsale","parent_tag_id":"1590","product_display_order":0,"value":"Day5FlashSale"},{"id":"12537","key":"çok-satan-makyaj-ürünleri̇","parent_tag_id":"1592","product_display_order":0,"value":"ÇOK SATAN MAKYAJ ÜRÜNLERİ"},{"id":"13770","key":"recommended-clinique-favourites","parent_tag_id":null,"product_display_order":1,"value":"Recommended Clinique Favourites"},{"id":"9420","key":"hotlists","parent_tag_id":null,"product_display_order":0,"value":"hotlists"},{"id":"1590","key":"i̇ndi̇ri̇mli̇-ürünler","parent_tag_id":null,"product_display_order":51,"value":"İNDİRİMLİ ÜRÜNLER"},{"id":"1592","key":"makyaj","parent_tag_id":null,"product_display_order":123,"value":"MAKYAJ"},{"id":"1585","key":"hediye-merkezi","parent_tag_id":null,"product_display_order":0,"value":"Hediye Merkezi"},{"id":"22734","key":"30-aninda-i̇ndi̇ri̇m","parent_tag_id":"1590","product_display_order":0,"value":"%30 ANINDA İNDİRİM"},{"id":"1605","key":"ruj","parent_tag_id":"1592","product_display_order":0,"value":"RUJ"},{"id":"27174","key":"day7flashsale","parent_tag_id":"1590","product_display_order":0,"value":"Day7FlashSale"},{"id":"1602","key":"hedi̇yeler-setler","parent_tag_id":"1600","product_display_order":0,"value":"HEDİYELER & SETLER"},{"id":"11265","key":"makyaj-baz-sabi̇tleyi̇ci̇ler","parent_tag_id":"1592","product_display_order":1,"value":"MAKYAJ BAZ & SABİTLEYİCİLER"}]},"usage":[{"content":"Clinique Pop Ruj; Shea ve Muru Muru yağı içeren hybrid formülü sayesinde canlı renkleri pürüzsüz bazla birleştirerek dudaklarda gün boyu kalıcı nem sağlar. Clinique Pop Ruj dudak bazı özelliği ile dudaklarınızda kadifemsi ve yumuşak bir his bırakır. İçeriğindeki polimerler sayesinde daha kalıcı ve canlı görünür, dudakları tüm gün boyunca kaplayarak kadife ve matın eşsiz birlikteliğini dudaklarınıza taşır.","label":"PRODUCT USAGE","type":"product_usage"},{"content":null,"label":"HOW DOES IT WORK","type":"how_does_it_work"},{"content":"Tüm Cilt Tipleri (1,2,3,4)","label":"WHO IT IS FOR","type":"who_it_is_for"},{"content":null,"label":"GREAT TO KNOW","type":"great_to_know"},{"content":"Uzun süre kalıcı renkleri ve nemlendirici içeriğiyle dudaklarınızda yumuşak bir bitiş sağlar.<br><br><b>Nasıl Kullanılır?</b><br>Temiz dudaklara uygulayın. Dudak kalemi ile daha iyi bir görünüm elde edebilirsiniz.","label":"WHAT_IT_DOES","type":"what_it_does"},{"content":"Clinique Pop™'un belirgin ve canlı renkleri, yumuşak primer içeriği ile ağırlı hissi bırakmayan formülü ile kadifemsi sonuçlar elde edin.","label":"WHAT_IT_IS","type":"what_it_is"}],"objectID":"35082"},{"benefit":{"statement":null,"benefits":null},"brand":null,"collection":null,"coverage":null,"cross_sell":null,"default_category":{"id":"1683","key":"göz-dudak-bakimi"},"description":"Nedir? Bu güçlü bakım kremi, göz çevresindeki hassas ciltte gözle görülür yaşlanma belirtilerinin görünümünü azaltır. Ne Yapar? Göz çevresinin daha genç bir görünüme kavuşmasına katkı sağlar. Belirgin biçimde daha aydınlık, konturlanmış ve sıkı bir görünüm elde etmeye yardımcı olur.  Dolgun bir görünüm sağlamaya ve kaz ayağı çizgilerinin görünümünü azaltmaya katkıda bulunur. Cildin nemlendirilmiş, rahatlatılmış ve yatıştırılmış bir hisse kavuşmasına destek verir. Oftalmolojik olarak test edilmiştir. Lens kullananlar için de uygundur. 0, 5 oz. / 15 ml","display_mode":null,"display_name":"Smart Custom-Repair Eye Treatment Göz Bakım Kremi","display_status":7,"finish":null,"form":null,"formula_type":null,"fragrance_family":null,"indexable_keywords":null,"is_hazmat":false,"is_product_coming_soon":null,"is_product_displayable":true,"is_product_searchable":true,"is_product_shoppable":true,"is_product_sold_out":null,"is_product_temporarily_out_of_stock":null,"is_search_suppressed":null,"key_ingredient":null,"media":{"large":[{"alt":"Smart Custom-Repair Eye Treatment Göz Bakım Kremi","height":1200,"position":0,"src":"/media/export/cms/products/1200x1500/cl_prod_35249_1200x1500_0.png","type":"image","width":1500}],"medium":null,"poster":null,"small":[{"alt":"Smart Custom-Repair Eye Treatment Göz Bakım Kremi","height":1200,"position":1,"src":"/media/export/cms/products/1200x1500/cl_prod_35249_1200x1500_0.png","type":"image","width":1500}],"videos":[{"position":null,"poster":{"height":null,"src":null,"width":null},"provider":null,"src":null},{"position":null,"poster":{"height":null,"src":null,"width":null},"provider":null,"src":null},{"position":null,"poster":{"height":null,"src":null,"width":null},"provider":null,"src":null}],"xl":null},"meta":{"description":null,"keywords":null},"parent_category":[{"id":"1683","value":"GÖZ & DUDAK BAKIMI"},{"id":"1667","value":"CİLT BAKIMI"}],"product_badge":null,"product_id":"35249","product_title_tag":null,"product_type":"Sized","product_url":"/product/1683/35249/cilt-bakimi/goz-dudak-bakimi/smart-custom-repair-eye-treatment-goz-bakm-kremi","reviews":{"average_rating":1.5,"number_of_questions":null,"number_of_reviews":6},"shade_groups":null,"short_description":"Güçlü bakım kremi, göz çevresindeki hassas ciltte gözle görülür yaşlanma belirtilerinin görünümünü azaltır.","skin":null,"skin_goal":null,"skus":{"total":1,"items":[{"color_family":null,"coverage_options":null,"cross_sell":null,"display_status":7,"finish":null,"finish_options":null,"fragrances":[{"family":null,"key":null,"value":null}],"iln_listing":null,"iln_version_number":null,"inventory_status":"Active","is_active":true,"is_coming_soon":null,"is_default_sku":true,"is_discountable":true,"is_displayable":null,"is_engravable":null,"is_fragrance":null,"is_giftable":null,"is_giftwrap":false,"is_inactive":null,"is_multi_shaded":null,"is_out_of_stock":null,"is_preorder":false,"is_preorderable":null,"is_promotional":null,"is_replenishable":false,"is_search_suppressed":null,"is_searchable":true,"is_shaded":null,"is_sized":null,"is_sold_out":null,"is_under_weight_hazmat":false,"is_vto_enabled":null,"life_of_product":"Discontinued","material_code":"ZCH5010001","media":{"large":[{"alt":"Smart Custom-Repair Eye Treatment Göz Bakım Kremi","height":1200,"position":0,"src":"/media/export/cms/products/1200x1500/cl_sku_ZCH501_1200x1500_0.png","type":"image","width":1500}],"medium":[{"alt":"Smart Custom-Repair Eye Treatment Göz Bakım Kremi","height":600,"position":1,"src":"/media/export/cms/products/600x750/cl_sku_ZCH501_600x750_0.png","type":"image","width":750},{"alt":"Smart Custom-Repair Eye Treatment Göz Bakım Kremi","height":600,"position":2,"src":"/media/export/cms/products/600x750/cl_sku_ZCH501_600x750_1.png","type":"image","width":750}],"model":null,"poster":null,"small":[{"alt":"Smart Custom-Repair Eye Treatment Göz Bakım Kremi","height":1200,"position":3,"src":"/media/export/cms/products/1200x1500/cl_sku_ZCH501_1200x1500_0.png","type":"image","width":1500}],"smoosh":null,"xl":null},"out_of_stock_threshold":null,"perlgem":{"SKU_BASE_ID":62186},"preorder_date":null,"prices":[{"currency":"TRY","exclude_tax":{"original_price":485,"original_price_formatted":"485.00 TL","price":485,"price_formatted":"485.00 TL","price_per_unit":null,"price_per_unit_formatted":""},"include_tax":{"original_price":485,"original_price_formatted":"485.00 TL","price":485,"price_formatted":"485.00 TL","price_per_unit":null,"price_per_unit_formatted":""},"is_discounted":false}],"purchase_limit":null,"replenishment":{"message":null},"reviews":{"average_rating":null,"number_of_questions":null,"number_of_reviews":null},"set_components":null,"shade_groups":null,"shades":null,"sizes":[{"key":1,"value":"15 ml"}],"skin":{"tone":null,"type":null,"type_description":null},"sku_badge":null,"sku_badge_image":null,"sku_display_order":1,"sku_id":"ZCH501","sku_promo_messaging":null,"sku_type":"SE","sku_url":null,"tags":{"total":23,"items":[{"id":"13561","key":"yeni̇-yil-buti̇ği̇","value":"YENİ YIL BUTİĞİ"},{"id":"1667","key":"ci̇lt-bakimi","value":"CİLT BAKIMI"},{"id":"4323","key":"yeni̇-ürünler","value":"YENİ ÜRÜNLER"},{"id":"13051","key":"skin-care-best-sellers","value":"Skin Care Best Sellers"},{"id":"1628","key":"-evde-bakim","value":"# EVDE BAKIM"},{"id":"27172","key":"day5flashsale","value":"Day5FlashSale"},{"id":"27174","key":"day7flashsale","value":"Day7FlashSale"},{"id":"1575","key":"en-çok-satanlar","value":"En Çok Satanlar"},{"id":"2752","key":"çok-satan-ci̇lt-bakim-ürünleri̇","value":"ÇOK SATAN CİLT BAKIM ÜRÜNLERİ"},{"id":"1585","key":"hediye-merkezi","value":"Hediye Merkezi"},{"id":"25016","key":"top-sellers","value":"Top Sellers"},{"id":"1683","key":"göz-dudak-bakimi","value":"GÖZ & DUDAK BAKIMI"},{"id":"25565","key":"justarrivednew","value":"justarrivednew"},{"id":"17859","key":"çok-satanlar","value":"ÇOK SATANLAR"},{"id":"9420","key":"hotlists","value":"hotlists"},{"id":"9426","key":"top-rated-skin-care","value":"top rated skin care"},{"id":"2644","key":"alışverişi-tamamla","value":"Alışverişi Tamamla"},{"id":"13563","key":"yeni̇-yil-ci̇lt-bakimi","value":"YENİ YIL CİLT BAKIMI"},{"id":"13770","key":"recommended-clinique-favourites","value":"Recommended Clinique Favourites"},{"id":"27169","key":"day2flashsale","value":"Day2FlashSale"},{"id":"13565","key":"yeni̇-yil-erkek-bakimi","value":"YENİ YIL ERKEK BAKIMI"},{"id":"16320","key":"clinique-smart","value":"Clinique Smart"},{"id":"1674","key":"yaşlanma-karşıtı-bakım","value":"Yaşlanma Karşıtı Bakım"}]},"texture":null,"undertone":null,"unit_of_measure":null,"unit_size":null,"unit_size_formatted":null,"upc":"020714729622","vto":{"is_color_experience":null,"is_foundation_experience":null}}]},"sub_display_name":null,"sub_header":null,"tags":{"total":23,"items":[{"id":"13561","key":"yeni̇-yil-buti̇ği̇","parent_tag_id":null,"product_display_order":1,"value":"YENİ YIL BUTİĞİ"},{"id":"1667","key":"ci̇lt-bakimi","parent_tag_id":null,"product_display_order":172,"value":"CİLT BAKIMI"},{"id":"4323","key":"yeni̇-ürünler","parent_tag_id":null,"product_display_order":353,"value":"YENİ ÜRÜNLER"},{"id":"13051","key":"skin-care-best-sellers","parent_tag_id":"1667","product_display_order":0,"value":"Skin Care Best Sellers"},{"id":"1628","key":"-evde-bakim","parent_tag_id":null,"product_display_order":190,"value":"# EVDE BAKIM"},{"id":"27172","key":"day5flashsale","parent_tag_id":"1590","product_display_order":14,"value":"Day5FlashSale"},{"id":"27174","key":"day7flashsale","parent_tag_id":"1590","product_display_order":0,"value":"Day7FlashSale"},{"id":"1575","key":"en-çok-satanlar","parent_tag_id":null,"product_display_order":143,"value":"En Çok Satanlar"},{"id":"2752","key":"çok-satan-ci̇lt-bakim-ürünleri̇","parent_tag_id":"1667","product_display_order":0,"value":"ÇOK SATAN CİLT BAKIM ÜRÜNLERİ"},{"id":"1585","key":"hediye-merkezi","parent_tag_id":null,"product_display_order":1,"value":"Hediye Merkezi"},{"id":"25016","key":"top-sellers","parent_tag_id":"4323","product_display_order":0,"value":"Top Sellers"},{"id":"1683","key":"göz-dudak-bakimi","parent_tag_id":"1667","product_display_order":1,"value":"GÖZ & DUDAK BAKIMI"},{"id":"25565","key":"justarrivednew","parent_tag_id":null,"product_display_order":2,"value":"justarrivednew"},{"id":"17859","key":"çok-satanlar","parent_tag_id":null,"product_display_order":37,"value":"ÇOK SATANLAR"},{"id":"9420","key":"hotlists","parent_tag_id":null,"product_display_order":0,"value":"hotlists"},{"id":"9426","key":"top-rated-skin-care","parent_tag_id":"9420","product_display_order":0,"value":"top rated skin care"},{"id":"2644","key":"alışverişi-tamamla","parent_tag_id":null,"product_display_order":0,"value":"Alışverişi Tamamla"},{"id":"13563","key":"yeni̇-yil-ci̇lt-bakimi","parent_tag_id":"13561","product_display_order":1,"value":"YENİ YIL CİLT BAKIMI"},{"id":"13770","key":"recommended-clinique-favourites","parent_tag_id":null,"product_display_order":1,"value":"Recommended Clinique Favourites"},{"id":"27169","key":"day2flashsale","parent_tag_id":"1590","product_display_order":0,"value":"Day2FlashSale"},{"id":"13565","key":"yeni̇-yil-erkek-bakimi","parent_tag_id":"13561","product_display_order":0,"value":"YENİ YIL ERKEK BAKIMI"},{"id":"16320","key":"clinique-smart","parent_tag_id":"1667","product_display_order":0,"value":"Clinique Smart"},{"id":"1674","key":"yaşlanma-karşıtı-bakım","parent_tag_id":"1667","product_display_order":1,"value":"Yaşlanma Karşıtı Bakım"}]},"usage":[{"content":null,"label":"PRODUCT USAGE","type":"product_usage"},{"content":null,"label":"HOW DOES IT WORK","type":"how_does_it_work"},{"content":"Kuru karma ve karma yağlı ciltler","label":"WHO IT IS FOR","type":"who_it_is_for"},{"content":null,"label":"GREAT TO KNOW","type":"great_to_know"},{"content":"Gözlerine daha genç bir görünüm vermeye yardımcı olur. Gözle görülür şekilde daha gergin,onarılmış ve ince çizgilerin azalmasına yardımcıdır. Dermatologlar tarafından test edilmiştir. Kontakt lens kullananlar için uygundur. Akne karşıtı<br><b>Temel İçerikler</b><br>Göz altı ve çevresi tahriş olmaya yatkındır ve genelde yaşlanmanın ilk işaretlerini gösterir. Japonya'dan gelen Yosun Özü cildi sakinleştirir ve onarır. Hidrolize Pirinç Proteini ve Üzüm çekirdeği ekstresi cildin nem rezervlerini arttırmaya yardımcıdır.<br><b>Nasıl Kullanılır</b><br><ul><li>günde iki kez, sabah ve akşam kullanabilirsiniz.<Li><li>yüzük parmağı ile, hafif bir okşama hareketi kullanarak tüm göz bölgesine masaj yaparak uygulayabilirsiniz. </ li> </ ul>","label":"WHAT_IT_DOES","type":"what_it_does"},{"content":"Göz çevresinin daha genç bir görünüme kavuşmasına katkı sağlar.","label":"WHAT_IT_IS","type":"what_it_is"}],"objectID":"35249"},{"benefit":null,"brand":null,"collection":null,"coverage":null,"cross_sell":null,"default_category":{"id":"1669","key":"harika-cilde-başlangıç-kiti"},"description":"Sivilcelere karşı etkili temizleyici bakımı keşfetme zamanı. YENİ Clinique Sonic Sistem Arındırıcı Temizleme Fırçası sivilceli ciltlere özel hassas başlığı ve sivilce karşı temizleme jeli ile 450 TL yerine, 399 TL.<br><br>Set İçeriği:<br><ul><li>Clinique Sonic Sistem Arındırıcı Temizleme Fırçası</li><li>Anti-Blemish Sivilce Karşıtı Temizleme Jeli 30 ml</li><li>Anti-Blemish Sivilce Karşıtı Temizleme Fırçası Başlığı<br></li></ul>","display_mode":null,"display_name":"Anti-Blemish Sivilce Karşıtı Sonic Set","display_status":1,"finish":null,"form":null,"formula_type":null,"fragrance_family":null,"indexable_keywords":null,"is_hazmat":false,"is_product_coming_soon":null,"is_product_displayable":true,"is_product_searchable":true,"is_product_shoppable":false,"is_product_sold_out":null,"is_product_temporarily_out_of_stock":null,"is_search_suppressed":null,"key_ingredient":null,"media":{"large":null,"medium":null,"poster":null,"small":null,"videos":[{"position":null,"poster":{"height":null,"src":null,"width":null},"provider":null,"src":null},{"position":null,"poster":{"height":null,"src":null,"width":null},"provider":null,"src":null},{"position":null,"poster":{"height":null,"src":null,"width":null},"provider":null,"src":null}],"xl":null},"meta":{"description":null,"keywords":null},"parent_category":[{"id":"1669","value":"Harika Cilde Başlangıç Kiti"},{"id":"1668","value":"Sivilce"},{"id":"1667","value":"CİLT BAKIMI"}],"product_badge":null,"product_id":"35628","product_title_tag":null,"product_type":"Other","product_url":"/product/1669/35628/cilt-bakimi/sivilce/harika-cilde-baslangc-kiti/anti-blemish-sivilce-karst-sonic-set/online-ozel","reviews":{"average_rating":null,"number_of_questions":null,"number_of_reviews":null},"shade_groups":null,"short_description":null,"skin":null,"skin_goal":null,"skus":{"total":1,"items":[{"color_family":null,"coverage_options":null,"cross_sell":null,"display_status":1,"finish":null,"finish_options":null,"fragrances":[{"family":null,"key":null,"value":null}],"iln_listing":null,"iln_version_number":null,"inventory_status":"Sold Out","is_active":null,"is_coming_soon":null,"is_default_sku":false,"is_discountable":false,"is_displayable":null,"is_engravable":null,"is_fragrance":null,"is_giftable":null,"is_giftwrap":false,"is_inactive":null,"is_multi_shaded":null,"is_out_of_stock":null,"is_preorder":false,"is_preorderable":null,"is_promotional":null,"is_replenishable":false,"is_search_suppressed":null,"is_searchable":true,"is_shaded":null,"is_sized":null,"is_sold_out":true,"is_under_weight_hazmat":false,"is_vto_enabled":null,"life_of_product":"Limited life","material_code":"CLTR070001","media":{"large":[{"alt":"Anti-Blemish Sivilce Karşıtı Sonic Set","height":1200,"position":0,"src":"/media/export/cms/products/1200x1500/cl_sku_CLTR07_1200x1500_0.png","type":"image","width":1500}],"medium":[{"alt":"Anti-Blemish Sivilce Karşıtı Sonic Set","height":600,"position":1,"src":"/media/export/cms/products/600x750/cl_sku_CLTR07_600x750_0.png","type":"image","width":750}],"model":null,"poster":null,"small":[{"alt":"Anti-Blemish Sivilce Karşıtı Sonic Set","height":1200,"position":2,"src":"/media/export/cms/products/1200x1500/cl_sku_CLTR07_1200x1500_0.png","type":"image","width":1500}],"smoosh":null,"xl":null},"out_of_stock_threshold":null,"perlgem":{"SKU_BASE_ID":62891},"preorder_date":null,"prices":[{"currency":"TRY","exclude_tax":{"original_price":399,"original_price_formatted":"399.00 TL","price":399,"price_formatted":"399.00 TL","price_per_unit":null,"price_per_unit_formatted":""},"include_tax":{"original_price":399,"original_price_formatted":"399.00 TL","price":399,"price_formatted":"399.00 TL","price_per_unit":null,"price_per_unit_formatted":""},"is_discounted":false}],"purchase_limit":null,"replenishment":{"message":null},"reviews":{"average_rating":null,"number_of_questions":null,"number_of_reviews":null},"set_components":null,"shade_groups":null,"shades":null,"sizes":[{"key":1,"value":null}],"skin":{"tone":null,"type":null,"type_description":null},"sku_badge":null,"sku_badge_image":null,"sku_display_order":0,"sku_id":"CLTR07","sku_promo_messaging":null,"sku_type":"SE","sku_url":null,"tags":{"total":3,"items":[{"id":"1669","key":"harika-cilde-başlangıç-kiti","value":"Harika Cilde Başlangıç Kiti"},{"id":"1671","key":"başlangıç-kiti","value":"Başlangıç Kiti"},{"id":"1670","key":"harika-cilt-sistemi","value":"Harika Cilt Sistemi"}]},"texture":null,"undertone":null,"unit_of_measure":null,"unit_size":null,"unit_size_formatted":null,"upc":"023000000007","vto":{"is_color_experience":null,"is_foundation_experience":null}}]},"sub_display_name":null,"sub_header":null,"tags":{"total":3,"items":[{"id":"1669","key":"harika-cilde-başlangıç-kiti","parent_tag_id":"1668","product_display_order":0,"value":"Harika Cilde Başlangıç Kiti"},{"id":"1671","key":"başlangıç-kiti","parent_tag_id":"1668","product_display_order":0,"value":"Başlangıç Kiti"},{"id":"1670","key":"harika-cilt-sistemi","parent_tag_id":"1668","product_display_order":0,"value":"Harika Cilt Sistemi"}]},"usage":[{"content":null,"label":"PRODUCT USAGE","type":"product_usage"},{"content":null,"label":"HOW DOES IT WORK","type":"how_does_it_work"},{"content":null,"label":"WHO IT IS FOR","type":"who_it_is_for"},{"content":null,"label":"GREAT TO KNOW","type":"great_to_know"},{"content":null,"label":"WHAT_IT_DOES","type":"what_it_does"},{"content":"Sivilcelere karşı etkili temizleyici bakımı keşfetme zamanı. YENİ Clinique Sonic Sistem Arındırıcı Temizleme Fırçası sivilceli ciltlere özel hassas başlığı ve sivilce karşı temizleme jeli ile 450 TL yerine, 399 TL.<br><br>Set İçeriği:<br><ul><li>Clinique Sonic Sistem Arındırıcı Temizleme Fırçası</li><li>Anti-Blemish Sivilce Karşıtı Temizleme Jeli 30 ml</li><li>Anti-Blemish Sivilce Karşıtı Temizleme Fırçası Başlığı<br></li></ul>","label":"WHAT_IT_IS","type":"what_it_is"}],"objectID":"35628"},{"benefit":{"statement":null,"benefits":[{"key":"thickening-benefit","value":"thickening_benefit"},{"key":"lengthening-benefit","value":"lengthening_benefit"},{"key":"curling-benefit","value":"curling_benefit"}]},"brand":null,"collection":null,"coverage":null,"cross_sell":[{"sku_id":"749K01","sort_key":1},{"sku_id":"75X301","sort_key":2},{"sku_id":"60MK01","sort_key":3},{"sku_id":"7T5R01","sort_key":4},{"sku_id":"61CE01","sort_key":5},{"sku_id":"Z51201","sort_key":6}],"default_category":{"id":"1606","key":"maskara"},"description":"Göz dolduran dolgunlukta, güçlü ve yoğun kirpikler yalnızca bir maskara uzaklığında. Clinique'in Chubby Maskara'sı kalın fırçası sayesinde dolgun, hacimli ve göz dolduran kirpikler yaratır. Hacimli fırçası kirpiklerinizin hacmini ağırlaştırmadan arttırır.","display_mode":null,"display_name":"Chubby Lash Fattening Maskara","display_status":7,"finish":null,"form":null,"formula_type":null,"fragrance_family":null,"indexable_keywords":null,"is_hazmat":false,"is_product_coming_soon":null,"is_product_displayable":true,"is_product_searchable":true,"is_product_shoppable":true,"is_product_sold_out":null,"is_product_temporarily_out_of_stock":null,"is_search_suppressed":null,"key_ingredient":null,"media":{"large":null,"medium":null,"poster":null,"small":null,"videos":[{"position":null,"poster":{"height":null,"src":null,"width":null},"provider":null,"src":null},{"position":null,"poster":{"height":null,"src":null,"width":null},"provider":null,"src":null},{"position":null,"poster":{"height":null,"src":null,"width":null},"provider":null,"src":null}],"xl":null},"meta":{"description":null,"keywords":null},"parent_category":[{"id":"1606","value":"MASKARA"},{"id":"1592","value":"MAKYAJ"}],"product_badge":null,"product_id":"36482","product_title_tag":null,"product_type":"Shaded","product_url":"/product/1606/36482/makyaj/maskara/chubby-lash-fattening-maskara","reviews":{"average_rating":4.5,"number_of_questions":null,"number_of_reviews":4},"shade_groups":null,"short_description":null,"skin":null,"skin_goal":null,"skus":{"total":1,"items":[{"color_family":null,"coverage_options":null,"cross_sell":null,"display_status":7,"finish":null,"finish_options":null,"fragrances":[{"family":null,"key":null,"value":null}],"iln_listing":null,"iln_version_number":null,"inventory_status":"Active","is_active":true,"is_coming_soon":null,"is_default_sku":false,"is_discountable":true,"is_displayable":null,"is_engravable":null,"is_fragrance":null,"is_giftable":null,"is_giftwrap":false,"is_inactive":null,"is_multi_shaded":null,"is_out_of_stock":null,"is_preorder":false,"is_preorderable":null,"is_promotional":null,"is_replenishable":false,"is_search_suppressed":null,"is_searchable":true,"is_shaded":null,"is_sized":null,"is_sold_out":null,"is_under_weight_hazmat":false,"is_vto_enabled":null,"life_of_product":"Basic Reorder","material_code":"ZKYC010001","media":{"large":[{"alt":"Chubby Lash Fattening Maskara","height":1200,"position":1,"src":"/media/export/cms/products/1200x1500/cl_sku_ZKYC01_1200x1500_0.png","type":"image","width":1500}],"medium":[{"alt":"Chubby Lash Fattening Maskara","height":600,"position":2,"src":"/media/export/cms/products/600x750/cl_sku_ZKYC01_600x750_0.png","type":"image","width":750}],"model":null,"poster":null,"small":[{"alt":"Chubby Lash Fattening Maskara","height":1200,"position":3,"src":"/media/export/cms/products/1200x1500/cl_sku_ZKYC01_1200x1500_0.png","type":"image","width":1500}],"smoosh":[{"alt":"Chubby Lash Fattening Maskara","height":1200,"position":0,"src":"/media/export/cms/products/1200x1500/swatches_v3/49_ns_ng.png","type":"image","width":1500}],"xl":null},"out_of_stock_threshold":null,"perlgem":{"SKU_BASE_ID":64165},"preorder_date":null,"prices":[{"currency":"TRY","exclude_tax":{"original_price":165,"original_price_formatted":"165.00 TL","price":165,"price_formatted":"165.00 TL","price_per_unit":null,"price_per_unit_formatted":""},"include_tax":{"original_price":165,"original_price_formatted":"165.00 TL","price":165,"price_formatted":"165.00 TL","price_per_unit":null,"price_per_unit_formatted":""},"is_discounted":false}],"purchase_limit":null,"replenishment":{"message":null},"reviews":{"average_rating":null,"number_of_questions":null,"number_of_reviews":null},"set_components":null,"shade_groups":null,"shades":[{"description":"","hex_val":"#050d11","image":{"height":null,"src":"","width":null},"name":"Jumbo Jet","smoosh_design":{"group_id":null,"name":"49::none::none"}}],"sizes":[{"key":1,"value":"9ml"}],"skin":{"tone":null,"type":null,"type_description":null},"sku_badge":null,"sku_badge_image":null,"sku_display_order":1,"sku_id":"ZKYC01","sku_promo_messaging":null,"sku_type":"SE","sku_url":null,"tags":{"total":13,"items":[{"id":"1592","key":"makyaj","value":"MAKYAJ"},{"id":"1606","key":"maskara","value":"MASKARA"},{"id":"4323","key":"yeni̇-ürünler","value":"YENİ ÜRÜNLER"},{"id":"17859","key":"çok-satanlar","value":"ÇOK SATANLAR"},{"id":"27174","key":"day7flashsale","value":"Day7FlashSale"},{"id":"13562","key":"yeni̇-yil-makyaj","value":"YENİ YIL MAKYAJ"},{"id":"12537","key":"çok-satan-makyaj-ürünleri̇","value":"ÇOK SATAN MAKYAJ ÜRÜNLERİ"},{"id":"15513","key":"recommended-for-students","value":"Recommended for Students"},{"id":"27172","key":"day5flashsale","value":"Day5FlashSale"},{"id":"13561","key":"yeni̇-yil-buti̇ği̇","value":"YENİ YIL BUTİĞİ"},{"id":"1575","key":"en-çok-satanlar","value":"En Çok Satanlar"},{"id":"13569","key":"99-tl-ve-alti-ci̇lt-bakimmakyajparfüm-setleri̇","value":"99 TL VE ALTI CİLT BAKIM&MAKYAJ&PARFÜM SETLERİ"},{"id":"27171","key":"day4flashsale","value":"Day4FlashSale"}]},"texture":null,"undertone":null,"unit_of_measure":null,"unit_size":null,"unit_size_formatted":null,"upc":"020714784201","vto":{"is_color_experience":null,"is_foundation_experience":null}}]},"sub_display_name":null,"sub_header":null,"tags":{"total":13,"items":[{"id":"1592","key":"makyaj","parent_tag_id":null,"product_display_order":66,"value":"MAKYAJ"},{"id":"1606","key":"maskara","parent_tag_id":"1592","product_display_order":1,"value":"MASKARA"},{"id":"4323","key":"yeni̇-ürünler","parent_tag_id":null,"product_display_order":330,"value":"YENİ ÜRÜNLER"},{"id":"17859","key":"çok-satanlar","parent_tag_id":null,"product_display_order":63,"value":"ÇOK SATANLAR"},{"id":"27174","key":"day7flashsale","parent_tag_id":"1590","product_display_order":0,"value":"Day7FlashSale"},{"id":"13562","key":"yeni̇-yil-makyaj","parent_tag_id":"13561","product_display_order":1,"value":"YENİ YIL MAKYAJ"},{"id":"12537","key":"çok-satan-makyaj-ürünleri̇","parent_tag_id":"1592","product_display_order":0,"value":"ÇOK SATAN MAKYAJ ÜRÜNLERİ"},{"id":"15513","key":"recommended-for-students","parent_tag_id":"4323","product_display_order":0,"value":"Recommended for Students"},{"id":"27172","key":"day5flashsale","parent_tag_id":"1590","product_display_order":0,"value":"Day5FlashSale"},{"id":"13561","key":"yeni̇-yil-buti̇ği̇","parent_tag_id":null,"product_display_order":1,"value":"YENİ YIL BUTİĞİ"},{"id":"1575","key":"en-çok-satanlar","parent_tag_id":null,"product_display_order":121,"value":"En Çok Satanlar"},{"id":"13569","key":"99-tl-ve-alti-ci̇lt-bakimmakyajparfüm-setleri̇","parent_tag_id":"13561","product_display_order":1,"value":"99 TL VE ALTI CİLT BAKIM&MAKYAJ&PARFÜM SETLERİ"},{"id":"27171","key":"day4flashsale","parent_tag_id":"1590","product_display_order":17,"value":"Day4FlashSale"}]},"usage":[{"content":"Kirpik köklerinden başlayarak, yukarıya doğru uygulayınız. Küçük kirpikler için rimel fırçasının ucunu kullanınız.","label":"PRODUCT USAGE","type":"product_usage"},{"content":null,"label":"HOW DOES IT WORK","type":"how_does_it_work"},{"content":null,"label":"WHO IT IS FOR","type":"who_it_is_for"},{"content":null,"label":"GREAT TO KNOW","type":"great_to_know"},{"content":null,"label":"WHAT_IT_DOES","type":"what_it_does"},{"content":"Göz dolduran dolgunlukta, güçlü ve yoğun kirpikler yalnızca bir maskara uzaklığında. Clinique'in Chubby Maskara'sı kalın fırçası sayesinde dolgun, hacimli ve göz dolduran kirpikler yaratır. Hacimli fırçası kirpiklerinizin hacmini ağırlaştırmadan arttırır.","label":"WHAT_IT_IS","type":"what_it_is"}],"objectID":"36482"},{"benefit":{"statement":null,"benefits":null},"brand":null,"collection":null,"coverage":null,"cross_sell":[{"sku_id":"6PAY01","sort_key":1},{"sku_id":"7PWL01","sort_key":2},{"sku_id":null,"sort_key":3},{"sku_id":"6FLK01","sort_key":4},{"sku_id":"Z9FF02","sort_key":5},{"sku_id":"6H9K01","sort_key":6}],"default_category":{"id":"1597","key":"eyeliner"},"description":"<P>Artık eyeliner uygulayarak dramatik&nbsp;bakışlara kavuşmak çok kolay! Tek hamlede mükemmel çizgiler oluşturan&nbsp;Clinique Pretty Easy Liquid Eyeliner Kalem'le tanışın. Konik ve ince uçlu fırçası sayesinde yoğun renk vererek pürüzsüz, eşit ve düzgün çizgiler çizmenizi sağlar.</P>","display_mode":null,"display_name":"Pretty Easy Likit Eyeliner","display_status":7,"finish":null,"form":null,"formula_type":null,"fragrance_family":null,"indexable_keywords":null,"is_hazmat":false,"is_product_coming_soon":null,"is_product_displayable":true,"is_product_searchable":true,"is_product_shoppable":true,"is_product_sold_out":null,"is_product_temporarily_out_of_stock":null,"is_search_suppressed":null,"key_ingredient":null,"media":{"large":null,"medium":null,"poster":null,"small":null,"videos":[{"position":null,"poster":{"height":null,"src":null,"width":null},"provider":null,"src":null},{"position":null,"poster":{"height":null,"src":null,"width":null},"provider":null,"src":null},{"position":null,"poster":{"height":null,"src":null,"width":null},"provider":null,"src":null}],"xl":null},"meta":{"description":null,"keywords":null},"parent_category":[{"id":"1597","value":"EYELINER "},{"id":"1592","value":"MAKYAJ"}],"product_badge":null,"product_id":"36520","product_title_tag":null,"product_type":"Shaded","product_url":"/product/1597/36520/makyaj/eyeliner/pretty-easy-likit-eyeliner","reviews":{"average_rating":4.8,"number_of_questions":null,"number_of_reviews":6},"shade_groups":null,"short_description":"Konik ve ince uçlu fırçası sayesinde yoğun renk vererek pürüzsüz, eşit ve düzgün çizgiler çizmenizi sağlar. <br>","skin":null,"skin_goal":null,"skus":{"total":1,"items":[{"color_family":null,"coverage_options":null,"cross_sell":null,"display_status":7,"finish":null,"finish_options":null,"fragrances":[{"family":null,"key":null,"value":null}],"iln_listing":null,"iln_version_number":null,"inventory_status":"Active","is_active":true,"is_coming_soon":null,"is_default_sku":false,"is_discountable":true,"is_displayable":null,"is_engravable":null,"is_fragrance":null,"is_giftable":null,"is_giftwrap":false,"is_inactive":null,"is_multi_shaded":null,"is_out_of_stock":null,"is_preorder":false,"is_preorderable":null,"is_promotional":null,"is_replenishable":false,"is_search_suppressed":null,"is_searchable":true,"is_shaded":null,"is_sized":null,"is_sold_out":null,"is_under_weight_hazmat":false,"is_vto_enabled":null,"life_of_product":"Basic Reorder","material_code":"ZGC001A000","media":{"large":[{"alt":"Pretty Easy Likit Eyeliner","height":1200,"position":1,"src":"/media/export/cms/products/1200x1500/cl_sku_ZGC001_1200x1500_0.png","type":"image","width":1500}],"medium":[{"alt":"Pretty Easy Likit Eyeliner","height":600,"position":2,"src":"/media/export/cms/products/600x750/cl_sku_ZGC001_600x750_0.png","type":"image","width":750}],"model":null,"poster":null,"small":[{"alt":"Pretty Easy Likit Eyeliner","height":1200,"position":3,"src":"/media/export/cms/products/1200x1500/cl_sku_ZGC001_1200x1500_0.png","type":"image","width":1500}],"smoosh":[{"alt":"Pretty Easy Likit Eyeliner","height":1200,"position":0,"src":"/media/export/cms/products/1200x1500/swatches_v3/70_ns_ng.png","type":"image","width":1500}],"xl":null},"out_of_stock_threshold":null,"perlgem":{"SKU_BASE_ID":64249},"preorder_date":null,"prices":[{"currency":"TRY","exclude_tax":{"original_price":199,"original_price_formatted":"199.00 TL","price":199,"price_formatted":"199.00 TL","price_per_unit":null,"price_per_unit_formatted":""},"include_tax":{"original_price":199,"original_price_formatted":"199.00 TL","price":199,"price_formatted":"199.00 TL","price_per_unit":null,"price_per_unit_formatted":""},"is_discounted":false}],"purchase_limit":null,"replenishment":{"message":null},"reviews":{"average_rating":null,"number_of_questions":null,"number_of_reviews":null},"set_components":null,"shade_groups":null,"shades":[{"description":"","hex_val":"#2d2a29","image":{"height":null,"src":"","width":null},"name":"Black","smoosh_design":{"group_id":null,"name":"70::none::none"}}],"sizes":[{"key":1,"value":null}],"skin":{"tone":null,"type":null,"type_description":null},"sku_badge":null,"sku_badge_image":null,"sku_display_order":1,"sku_id":"ZGC001","sku_promo_messaging":null,"sku_type":"SE","sku_url":null,"tags":{"total":15,"items":[{"id":"27171","key":"day4flashsale","value":"Day4FlashSale"},{"id":"27174","key":"day7flashsale","value":"Day7FlashSale"},{"id":"1597","key":"eyeliner","value":"EYELINER "},{"id":"8194","key":"en-çok-satan-10","value":"En Çok Satan 10 "},{"id":"17859","key":"çok-satanlar","value":"ÇOK SATANLAR"},{"id":"12537","key":"çok-satan-makyaj-ürünleri̇","value":"ÇOK SATAN MAKYAJ ÜRÜNLERİ"},{"id":"1592","key":"makyaj","value":"MAKYAJ"},{"id":"4323","key":"yeni̇-ürünler","value":"YENİ ÜRÜNLER"},{"id":"15513","key":"recommended-for-students","value":"Recommended for Students"},{"id":"1575","key":"en-çok-satanlar","value":"En Çok Satanlar"},{"id":"13562","key":"yeni̇-yil-makyaj","value":"YENİ YIL MAKYAJ"},{"id":"13561","key":"yeni̇-yil-buti̇ği̇","value":"YENİ YIL BUTİĞİ"},{"id":"27172","key":"day5flashsale","value":"Day5FlashSale"},{"id":"13770","key":"recommended-clinique-favourites","value":"Recommended Clinique Favourites"},{"id":"25565","key":"justarrivednew","value":"justarrivednew"}]},"texture":null,"undertone":null,"unit_of_measure":null,"unit_size":null,"unit_size_formatted":null,"upc":"020714754082","vto":{"is_color_experience":null,"is_foundation_experience":null}}]},"sub_display_name":null,"sub_header":null,"tags":{"total":15,"items":[{"id":"27171","key":"day4flashsale","parent_tag_id":"1590","product_display_order":13,"value":"Day4FlashSale"},{"id":"27174","key":"day7flashsale","parent_tag_id":"1590","product_display_order":0,"value":"Day7FlashSale"},{"id":"1597","key":"eyeliner","parent_tag_id":"1592","product_display_order":1,"value":"EYELINER "},{"id":"8194","key":"en-çok-satan-10","parent_tag_id":null,"product_display_order":0,"value":"En Çok Satan 10 "},{"id":"17859","key":"çok-satanlar","parent_tag_id":null,"product_display_order":64,"value":"ÇOK SATANLAR"},{"id":"12537","key":"çok-satan-makyaj-ürünleri̇","parent_tag_id":"1592","product_display_order":0,"value":"ÇOK SATAN MAKYAJ ÜRÜNLERİ"},{"id":"1592","key":"makyaj","parent_tag_id":null,"product_display_order":37,"value":"MAKYAJ"},{"id":"4323","key":"yeni̇-ürünler","parent_tag_id":null,"product_display_order":370,"value":"YENİ ÜRÜNLER"},{"id":"15513","key":"recommended-for-students","parent_tag_id":"4323","product_display_order":0,"value":"Recommended for Students"},{"id":"1575","key":"en-çok-satanlar","parent_tag_id":null,"product_display_order":11,"value":"En Çok Satanlar"},{"id":"13562","key":"yeni̇-yil-makyaj","parent_tag_id":"13561","product_display_order":1,"value":"YENİ YIL MAKYAJ"},{"id":"13561","key":"yeni̇-yil-buti̇ği̇","parent_tag_id":null,"product_display_order":1,"value":"YENİ YIL BUTİĞİ"},{"id":"27172","key":"day5flashsale","parent_tag_id":"1590","product_display_order":0,"value":"Day5FlashSale"},{"id":"13770","key":"recommended-clinique-favourites","parent_tag_id":null,"product_display_order":0,"value":"Recommended Clinique Favourites"},{"id":"25565","key":"justarrivednew","parent_tag_id":null,"product_display_order":4,"value":"justarrivednew"}]},"usage":[{"content":"<ul><li>Gözlerin iç köşelerinden başlayarak kısa çizgiler çizin.</li><li>Sonradan doldurmak için aralarında boşluklar bırakın. <br></li><li>Tek bir çizgiyle kısa çizgileri birleştirin.</li></ul>","label":"PRODUCT USAGE","type":"product_usage"},{"content":null,"label":"HOW DOES IT WORK","type":"how_does_it_work"},{"content":null,"label":"WHO IT IS FOR","type":"who_it_is_for"},{"content":null,"label":"GREAT TO KNOW","type":"great_to_know"},{"content":null,"label":"WHAT_IT_DOES","type":"what_it_does"},{"content":"<P>Artık eyeliner uygulayarak dramatik&nbsp;bakışlara kavuşmak çok kolay! Tek hamlede mükemmel çizgiler oluşturan&nbsp;Clinique Pretty Easy Liquid Eyeliner Kalem'le tanışın. Konik ve ince uçlu fırçası sayesinde yoğun renk vererek pürüzsüz, eşit ve düzgün çizgiler çizmenizi sağlar.</P>","label":"WHAT_IT_IS","type":"what_it_is"}],"objectID":"36520"},{"benefit":{"statement":null,"benefits":null},"brand":null,"collection":null,"coverage":null,"cross_sell":[{"sku_id":"ZHK401","sort_key":1},{"sku_id":"ZGC001","sort_key":2},{"sku_id":"ZEK201","sort_key":3},{"sku_id":"Z9FF02","sort_key":4},{"sku_id":"ZCAE02","sort_key":5},{"sku_id":"60MK01","sort_key":6}],"default_category":{"id":"1595","key":"kaş-ürünleri̇"},"description":"<b>Nedir?</b><br>Just Browsing Brush-On Maskara, 16 saat kalıcı jel-köpük formülüyle, yumuşak ve kolay bir uygulama sağlar. İçeriğindeki özel formüller kaşları sabit tutar, doğal bir görünüm verir. Ter ve suya karşı dayanıklıdır. Just Browsing Brush-On Maskara, ince ya da seyrek kaşları doldurur, kalın kaşları ise sabit tutmayı sağlar. Bütün kaş tipleri için kusursuz renklendirmeye uygundur.","display_mode":null,"display_name":"Just Browsing Kaş Maskarası","display_status":7,"finish":null,"form":null,"formula_type":null,"fragrance_family":null,"indexable_keywords":null,"is_hazmat":false,"is_product_coming_soon":null,"is_product_displayable":true,"is_product_searchable":true,"is_product_shoppable":true,"is_product_sold_out":null,"is_product_temporarily_out_of_stock":null,"is_search_suppressed":null,"key_ingredient":null,"media":{"large":null,"medium":null,"poster":null,"small":null,"videos":[{"position":null,"poster":{"height":null,"src":null,"width":null},"provider":null,"src":null},{"position":null,"poster":{"height":null,"src":null,"width":null},"provider":null,"src":null},{"position":null,"poster":{"height":null,"src":null,"width":null},"provider":null,"src":null}],"xl":null},"meta":{"description":null,"keywords":null},"parent_category":[{"id":"1595","value":"KAŞ ÜRÜNLERİ"},{"id":"1592","value":"MAKYAJ"}],"product_badge":null,"product_id":"36585","product_title_tag":null,"product_type":"Shaded","product_url":"/product/1595/36585/makyaj/kas-urunleri/just-browsing-kas-maskaras","reviews":{"average_rating":5,"number_of_questions":null,"number_of_reviews":1},"shade_groups":null,"short_description":"16 saat kalıcı jel-köpük formülüyle, Just Browsing Brush-On Maskara, ince ya da seyrek kaşları doldurur, kalın kaşları ise sabit tutmayı sağlar. Bütün kaş tipleri için kusursuz renklendirmeye uygundur.","skin":null,"skin_goal":null,"skus":{"total":2,"items":[{"color_family":null,"coverage_options":null,"cross_sell":null,"display_status":7,"finish":null,"finish_options":null,"fragrances":[{"family":null,"key":null,"value":null}],"iln_listing":null,"iln_version_number":null,"inventory_status":"Active","is_active":true,"is_coming_soon":null,"is_default_sku":false,"is_discountable":true,"is_displayable":null,"is_engravable":null,"is_fragrance":null,"is_giftable":null,"is_giftwrap":false,"is_inactive":null,"is_multi_shaded":null,"is_out_of_stock":null,"is_preorder":false,"is_preorderable":null,"is_promotional":null,"is_replenishable":false,"is_search_suppressed":null,"is_searchable":true,"is_shaded":null,"is_sized":null,"is_sold_out":null,"is_under_weight_hazmat":false,"is_vto_enabled":null,"life_of_product":"Basic Reorder","material_code":"ZGH5030001","media":{"large":[{"alt":"Just Browsing Kaş Maskarası","height":1200,"position":1,"src":"/media/export/cms/products/1200x1500/cl_sku_ZGH503_1200x1500_0.png","type":"image","width":1500}],"medium":[{"alt":"Just Browsing Kaş Maskarası","height":600,"position":2,"src":"/media/export/cms/products/600x750/cl_sku_ZGH503_600x750_0.png","type":"image","width":750}],"model":null,"poster":null,"small":[{"alt":"Just Browsing Kaş Maskarası","height":1200,"position":3,"src":"/media/export/cms/products/1200x1500/cl_sku_ZGH503_1200x1500_0.png","type":"image","width":1500}],"smoosh":[{"alt":"Just Browsing Kaş Maskarası","height":1200,"position":0,"src":"/media/export/cms/products/1200x1500/swatches_v3/05_ns_ng.png","type":"image","width":1500}],"xl":null},"out_of_stock_threshold":null,"perlgem":{"SKU_BASE_ID":64331},"preorder_date":null,"prices":[{"currency":"TRY","exclude_tax":{"original_price":175,"original_price_formatted":"175.00 TL","price":175,"price_formatted":"175.00 TL","price_per_unit":null,"price_per_unit_formatted":""},"include_tax":{"original_price":175,"original_price_formatted":"175.00 TL","price":175,"price_formatted":"175.00 TL","price_per_unit":null,"price_per_unit_formatted":""},"is_discounted":false}],"purchase_limit":null,"replenishment":{"message":null},"reviews":{"average_rating":null,"number_of_questions":null,"number_of_reviews":null},"set_components":null,"shade_groups":null,"shades":[{"description":"","hex_val":"#533d2a","image":{"height":null,"src":"","width":null},"name":"Deep Brown","smoosh_design":{"group_id":null,"name":"05::none::none"}}],"sizes":[{"key":1,"value":"2 ml"}],"skin":{"tone":null,"type":null,"type_description":null},"sku_badge":null,"sku_badge_image":null,"sku_display_order":1,"sku_id":"ZGH503","sku_promo_messaging":null,"sku_type":"SE","sku_url":null,"tags":{"total":9,"items":[{"id":"1592","key":"makyaj","value":"MAKYAJ"},{"id":"13569","key":"99-tl-ve-alti-ci̇lt-bakimmakyajparfüm-setleri̇","value":"99 TL VE ALTI CİLT BAKIM&MAKYAJ&PARFÜM SETLERİ"},{"id":"17859","key":"çok-satanlar","value":"ÇOK SATANLAR"},{"id":"4323","key":"yeni̇-ürünler","value":"YENİ ÜRÜNLER"},{"id":"22734","key":"30-aninda-i̇ndi̇ri̇m","value":"%30 ANINDA İNDİRİM"},{"id":"1597","key":"eyeliner","value":"EYELINER "},{"id":"13562","key":"yeni̇-yil-makyaj","value":"YENİ YIL MAKYAJ"},{"id":"1595","key":"kaş-ürünleri̇","value":"KAŞ ÜRÜNLERİ"},{"id":"15513","key":"recommended-for-students","value":"Recommended for Students"}]},"texture":null,"undertone":null,"unit_of_measure":null,"unit_size":null,"unit_size_formatted":null,"upc":"020714755898","vto":{"is_color_experience":null,"is_foundation_experience":null}},{"color_family":null,"coverage_options":null,"cross_sell":null,"display_status":7,"finish":null,"finish_options":null,"fragrances":[{"family":null,"key":null,"value":null}],"iln_listing":null,"iln_version_number":null,"inventory_status":"Active","is_active":true,"is_coming_soon":null,"is_default_sku":false,"is_discountable":true,"is_displayable":null,"is_engravable":null,"is_fragrance":null,"is_giftable":null,"is_giftwrap":false,"is_inactive":null,"is_multi_shaded":null,"is_out_of_stock":null,"is_preorder":false,"is_preorderable":null,"is_promotional":null,"is_replenishable":false,"is_search_suppressed":null,"is_searchable":true,"is_shaded":null,"is_sized":null,"is_sold_out":null,"is_under_weight_hazmat":false,"is_vto_enabled":null,"life_of_product":"Basic Reorder","material_code":"ZGH5020001","media":{"large":[{"alt":"Just Browsing Kaş Maskarası","height":1200,"position":1,"src":"/media/export/cms/products/1200x1500/cl_sku_ZGH502_1200x1500_0.png","type":"image","width":1500}],"medium":[{"alt":"Just Browsing Kaş Maskarası","height":600,"position":2,"src":"/media/export/cms/products/600x750/cl_sku_ZGH502_600x750_0.png","type":"image","width":750}],"model":null,"poster":null,"small":[{"alt":"Just Browsing Kaş Maskarası","height":1200,"position":3,"src":"/media/export/cms/products/1200x1500/cl_sku_ZGH502_1200x1500_0.png","type":"image","width":1500}],"smoosh":[{"alt":"Just Browsing Kaş Maskarası","height":1200,"position":0,"src":"/media/export/cms/products/1200x1500/swatches_v3/05_ns_ng.png","type":"image","width":1500}],"xl":null},"out_of_stock_threshold":null,"perlgem":{"SKU_BASE_ID":64330},"preorder_date":null,"prices":[{"currency":"TRY","exclude_tax":{"original_price":175,"original_price_formatted":"175.00 TL","price":175,"price_formatted":"175.00 TL","price_per_unit":null,"price_per_unit_formatted":""},"include_tax":{"original_price":175,"original_price_formatted":"175.00 TL","price":175,"price_formatted":"175.00 TL","price_per_unit":null,"price_per_unit_formatted":""},"is_discounted":false}],"purchase_limit":null,"replenishment":{"message":null},"reviews":{"average_rating":null,"number_of_questions":null,"number_of_reviews":null},"set_components":null,"shade_groups":null,"shades":[{"description":"","hex_val":"#74523c","image":{"height":null,"src":"","width":null},"name":"Light Brown","smoosh_design":{"group_id":null,"name":"05::none::none"}}],"sizes":[{"key":1,"value":"2 ml"}],"skin":{"tone":null,"type":null,"type_description":null},"sku_badge":null,"sku_badge_image":null,"sku_display_order":1,"sku_id":"ZGH502","sku_promo_messaging":null,"sku_type":"SE","sku_url":null,"tags":{"total":9,"items":[{"id":"1592","key":"makyaj","value":"MAKYAJ"},{"id":"13569","key":"99-tl-ve-alti-ci̇lt-bakimmakyajparfüm-setleri̇","value":"99 TL VE ALTI CİLT BAKIM&MAKYAJ&PARFÜM SETLERİ"},{"id":"4323","key":"yeni̇-ürünler","value":"YENİ ÜRÜNLER"},{"id":"22734","key":"30-aninda-i̇ndi̇ri̇m","value":"%30 ANINDA İNDİRİM"},{"id":"1597","key":"eyeliner","value":"EYELINER "},{"id":"13562","key":"yeni̇-yil-makyaj","value":"YENİ YIL MAKYAJ"},{"id":"1595","key":"kaş-ürünleri̇","value":"KAŞ ÜRÜNLERİ"},{"id":"25565","key":"justarrivednew","value":"justarrivednew"},{"id":"15513","key":"recommended-for-students","value":"Recommended for Students"}]},"texture":null,"undertone":null,"unit_of_measure":null,"unit_size":null,"unit_size_formatted":null,"upc":"020714755881","vto":{"is_color_experience":null,"is_foundation_experience":null}}]},"sub_display_name":null,"sub_header":null,"tags":{"total":10,"items":[{"id":"1592","key":"makyaj","parent_tag_id":null,"product_display_order":109,"value":"MAKYAJ"},{"id":"13569","key":"99-tl-ve-alti-ci̇lt-bakimmakyajparfüm-setleri̇","parent_tag_id":"13561","product_display_order":1,"value":"99 TL VE ALTI CİLT BAKIM&MAKYAJ&PARFÜM SETLERİ"},{"id":"17859","key":"çok-satanlar","parent_tag_id":null,"product_display_order":111,"value":"ÇOK SATANLAR"},{"id":"4323","key":"yeni̇-ürünler","parent_tag_id":null,"product_display_order":361,"value":"YENİ ÜRÜNLER"},{"id":"22734","key":"30-aninda-i̇ndi̇ri̇m","parent_tag_id":"1590","product_display_order":0,"value":"%30 ANINDA İNDİRİM"},{"id":"1597","key":"eyeliner","parent_tag_id":"1592","product_display_order":1,"value":"EYELINER "},{"id":"13562","key":"yeni̇-yil-makyaj","parent_tag_id":"13561","product_display_order":1,"value":"YENİ YIL MAKYAJ"},{"id":"1595","key":"kaş-ürünleri̇","parent_tag_id":"1592","product_display_order":1,"value":"KAŞ ÜRÜNLERİ"},{"id":"25565","key":"justarrivednew","parent_tag_id":null,"product_display_order":3,"value":"justarrivednew"},{"id":"15513","key":"recommended-for-students","parent_tag_id":"4323","product_display_order":0,"value":"Recommended for Students"}]},"usage":[{"content":"Jel köpük formüllü kaş maskarasını kaşlarınızı doğal şekli üzerinden tarayarak uygulayınız. Seyrek kaşları doldurmak için veya kaş bitimini uzatmak için gerekli kısımlara daha yoğun uygulama yapın.","label":"PRODUCT USAGE","type":"product_usage"},{"content":null,"label":"HOW DOES IT WORK","type":"how_does_it_work"},{"content":null,"label":"WHO IT IS FOR","type":"who_it_is_for"},{"content":null,"label":"GREAT TO KNOW","type":"great_to_know"},{"content":null,"label":"WHAT_IT_DOES","type":"what_it_does"},{"content":"Just Browsing Brush-On Maskara, 24 saat kalıcı jel-köpük formülüyle, yumuşak ve kolay bir uygulama sağlar. İçeriğindeki özel formüller kaşları sabit tutar, doğal bir görünüm verir. Ter ve suya karşı dayanıklıdır.<br>Just Browsing Brush-On Maskara, ince ya da seyrek kaşları doldurur, kalın kaşları ise sabit tutmayı sağlar. Bütün kaş tipleri için kusursuz renklendirmeye uygundur.","label":"WHAT_IT_IS","type":"what_it_is"}],"objectID":"36585"},{"benefit":{"statement":null,"benefits":null},"brand":null,"collection":[{"key":"clinique-smart-collection","value":"clinique_smart_collection"}],"coverage":null,"cross_sell":[{"sku_id":"Z51201","sort_key":1},{"sku_id":"Z75Y01","sort_key":2},{"sku_id":"Z4KL01","sort_key":3},{"sku_id":"6AL901","sort_key":4},{"sku_id":"60MK01","sort_key":5}],"default_category":{"id":"1687","key":"yüz-nemlendi̇ri̇ci̇"},"description":"<b>Nedir?</b><br> Smart gece nemlendiricimiz, yaşlanmanın temel belirtilerinin görünümünü belirgin şekilde azaltmaya yardımcı olur.<br><br><b>Ne İşe Yarar?</b><br>Yaşlanma karşıtı, yağsız formül, cildinizin gece onarılmasına yardımcı olur. Siz uyurken, bu yenilikçi nemlendirici çizgileri ve kırışıklıkları gözle görülür şekilde azaltmaya, sıkılaştırmaya, aydınlatmaya ve cildin nem bariyerini güçlendirmeye yardımcı olur. Clinique Smart™ su bazlı teknolojisiyle cildinizin nemi emmesine ve tutmasına yardımcı olur; böylece genç, taze, sıkı ve canlı bir cilde uyanırsınız. Akne karşıtıdır. Oftalmoloji testinden geçmiştir. <br><br><b>Ana Bileşenler</b><br>Güçlü yaşlanma karşıtı teknolojisiyle cildinizi yatıştırın ve nemlendirin. Cildinizde bulunan hyalüronik asit oranını arttırmaya yardım eder. Uyku halindeyken aktive olan  Micrococcus Luteus Extract enzimi, cildin gece onarım döngüsünü güçlendirmeye yardımcı olur.<br><br><b>Nasıl Kullanılır?</b><br><ul><li> Optimum sonuçlar için 3 adımlı cilt bakım sistemi ile cildinizi hazırlayın. </li><li>Göz çevresinden kaçınarak akşamları uygulayın.","display_mode":null,"display_name":"Smart Akıllı Onarım Gece Nemlendirici Kremi","display_status":7,"finish":null,"form":[{"key":"cream-form","value":"cream_form"}],"formula_type":null,"fragrance_family":null,"indexable_keywords":null,"is_hazmat":false,"is_product_coming_soon":null,"is_product_displayable":true,"is_product_searchable":true,"is_product_shoppable":true,"is_product_sold_out":null,"is_product_temporarily_out_of_stock":null,"is_search_suppressed":null,"key_ingredient":null,"media":{"large":[{"alt":"Smart Akıllı Onarım Gece Nemlendirici Kremi","height":1200,"position":0,"src":"/media/export/cms/products/1200x1500/cl_prod_36597_1200x1500_0.png","type":"image","width":1500}],"medium":null,"poster":null,"small":[{"alt":"Smart Akıllı Onarım Gece Nemlendirici Kremi","height":1200,"position":1,"src":"/media/export/cms/products/1200x1500/cl_prod_36597_1200x1500_0.png","type":"image","width":1500}],"videos":[{"position":null,"poster":{"height":null,"src":null,"width":null},"provider":null,"src":null},{"position":null,"poster":{"height":null,"src":null,"width":null},"provider":null,"src":null},{"position":null,"poster":{"height":null,"src":null,"width":null},"provider":null,"src":null}],"xl":null},"meta":{"description":null,"keywords":null},"parent_category":[{"id":"1687","value":"YÜZ NEMLENDİRİCİ"},{"id":"1667","value":"CİLT BAKIMI"}],"product_badge":null,"product_id":"36597","product_title_tag":null,"product_type":"Sized","product_url":"/product/1687/36597/cilt-bakimi/yuz-nemlendirici/smart-akll-onarm-gece-nemlendirici-kremi","reviews":{"average_rating":5,"number_of_questions":null,"number_of_reviews":1},"shade_groups":null,"short_description":"Smart gece nemlendiricimiz, yaşlanmanın temel belirtilerinin görünümünü belirgin şekilde azaltmaya yardımcı olur.","skin":{"concern":[{"key":"anti-aging-concern","value":"anti_aging_concern"}]},"skin_goal":null,"skus":{"total":3,"items":[{"color_family":null,"coverage_options":null,"cross_sell":null,"display_status":3,"finish":null,"finish_options":null,"fragrances":[{"family":null,"key":null,"value":null}],"iln_listing":null,"iln_version_number":null,"inventory_status":"Active","is_active":true,"is_coming_soon":null,"is_default_sku":false,"is_discountable":true,"is_displayable":null,"is_engravable":null,"is_fragrance":null,"is_giftable":null,"is_giftwrap":false,"is_inactive":null,"is_multi_shaded":null,"is_out_of_stock":null,"is_preorder":false,"is_preorderable":null,"is_promotional":null,"is_replenishable":false,"is_search_suppressed":null,"is_searchable":true,"is_shaded":null,"is_sized":null,"is_sold_out":null,"is_under_weight_hazmat":false,"is_vto_enabled":null,"life_of_product":"Basic Reorder","material_code":"Z5CK010001","media":{"large":[{"alt":"Smart Akıllı Onarım Gece Nemlendirici Kremi","height":1200,"position":0,"src":"/media/export/cms/products/1200x1500/cl_sku_Z5CK01_1200x1500_0.png","type":"image","width":1500}],"medium":[{"alt":"Smart Akıllı Onarım Gece Nemlendirici Kremi","height":600,"position":1,"src":"/media/export/cms/products/600x750/cl_sku_Z5CK01_600x750_0.png","type":"image","width":750}],"model":null,"poster":null,"small":[{"alt":"Smart Akıllı Onarım Gece Nemlendirici Kremi","height":1200,"position":2,"src":"/media/export/cms/products/1200x1500/cl_sku_Z5CK01_1200x1500_0.png","type":"image","width":1500}],"smoosh":null,"xl":null},"out_of_stock_threshold":null,"perlgem":{"SKU_BASE_ID":64354},"preorder_date":null,"prices":[{"currency":"TRY","exclude_tax":{"original_price":635,"original_price_formatted":"635.00 TL","price":635,"price_formatted":"635.00 TL","price_per_unit":null,"price_per_unit_formatted":""},"include_tax":{"original_price":635,"original_price_formatted":"635.00 TL","price":635,"price_formatted":"635.00 TL","price_per_unit":null,"price_per_unit_formatted":""},"is_discounted":false}],"purchase_limit":null,"replenishment":{"message":null},"reviews":{"average_rating":null,"number_of_questions":null,"number_of_reviews":null},"set_components":null,"shade_groups":null,"shades":null,"sizes":[{"key":1,"value":"50 ml - Kuru"}],"skin":{"tone":null,"type":[{"key":"very-dry-skintype","value":"very_dry_skintype"},{"key":"dry-skintype","value":"dry_skintype"}],"type_description":null},"sku_badge":null,"sku_badge_image":null,"sku_display_order":1,"sku_id":"Z5CK01","sku_promo_messaging":null,"sku_type":"SE","sku_url":null,"tags":{"total":15,"items":[{"id":"1575","key":"en-çok-satanlar","value":"En Çok Satanlar"},{"id":"1667","key":"ci̇lt-bakimi","value":"CİLT BAKIMI"},{"id":"27174","key":"day7flashsale","value":"Day7FlashSale"},{"id":"17859","key":"çok-satanlar","value":"ÇOK SATANLAR"},{"id":"1628","key":"-evde-bakim","value":"# EVDE BAKIM"},{"id":"16320","key":"clinique-smart","value":"Clinique Smart"},{"id":"8312","key":"3-al","value":"3 Al"},{"id":"1687","key":"yüz-nemlendi̇ri̇ci̇","value":"YÜZ NEMLENDİRİCİ"},{"id":"1674","key":"yaşlanma-karşıtı-bakım","value":"Yaşlanma Karşıtı Bakım"},{"id":"27168","key":"day1flashsale","value":"Day1FlashSale"},{"id":"13770","key":"recommended-clinique-favourites","value":"Recommended Clinique Favourites"},{"id":"13051","key":"skin-care-best-sellers","value":"Skin Care Best Sellers"},{"id":"1675","key":"koruma-önleme","value":"Koruma & Önleme"},{"id":"27172","key":"day5flashsale","value":"Day5FlashSale"},{"id":"13563","key":"yeni̇-yil-ci̇lt-bakimi","value":"YENİ YIL CİLT BAKIMI"}]},"texture":null,"undertone":null,"unit_of_measure":null,"unit_size":null,"unit_size_formatted":null,"upc":"020714678197","vto":{"is_color_experience":null,"is_foundation_experience":null}},{"color_family":null,"coverage_options":null,"cross_sell":null,"display_status":7,"finish":null,"finish_options":null,"fragrances":[{"family":null,"key":null,"value":null}],"iln_listing":null,"iln_version_number":null,"inventory_status":"Active","is_active":true,"is_coming_soon":null,"is_default_sku":true,"is_discountable":true,"is_displayable":null,"is_engravable":null,"is_fragrance":null,"is_giftable":null,"is_giftwrap":false,"is_inactive":null,"is_multi_shaded":null,"is_out_of_stock":null,"is_preorder":false,"is_preorderable":null,"is_promotional":null,"is_replenishable":false,"is_search_suppressed":null,"is_searchable":true,"is_shaded":null,"is_sized":null,"is_sold_out":null,"is_under_weight_hazmat":false,"is_vto_enabled":null,"life_of_product":"Basic Reorder","material_code":"Z5CL010001","media":{"large":[{"alt":"Smart Akıllı Onarım Gece Nemlendirici Kremi","height":1200,"position":0,"src":"/media/export/cms/products/1200x1500/cl_sku_Z5CL01_1200x1500_0.png","type":"image","width":1500}],"medium":[{"alt":"Smart Akıllı Onarım Gece Nemlendirici Kremi","height":600,"position":1,"src":"/media/export/cms/products/600x750/cl_sku_Z5CL01_600x750_0.png","type":"image","width":750},{"alt":"Smart Akıllı Onarım Gece Nemlendirici Kremi","height":600,"position":2,"src":"/media/export/cms/products/600x750/cl_sku_Z5CL01_600x750_1.png","type":"image","width":750}],"model":null,"poster":null,"small":[{"alt":"Smart Akıllı Onarım Gece Nemlendirici Kremi","height":1200,"position":3,"src":"/media/export/cms/products/1200x1500/cl_sku_Z5CL01_1200x1500_0.png","type":"image","width":1500}],"smoosh":null,"xl":null},"out_of_stock_threshold":null,"perlgem":{"SKU_BASE_ID":64355},"preorder_date":null,"prices":[{"currency":"TRY","exclude_tax":{"original_price":635,"original_price_formatted":"635.00 TL","price":635,"price_formatted":"635.00 TL","price_per_unit":null,"price_per_unit_formatted":""},"include_tax":{"original_price":635,"original_price_formatted":"635.00 TL","price":635,"price_formatted":"635.00 TL","price_per_unit":null,"price_per_unit_formatted":""},"is_discounted":false}],"purchase_limit":null,"replenishment":{"message":null},"reviews":{"average_rating":null,"number_of_questions":null,"number_of_reviews":null},"set_components":null,"shade_groups":null,"shades":null,"sizes":[{"key":1,"value":"50 ml - Kuru/Kuru Karma"}],"skin":{"tone":null,"type":[{"key":"dry-skintype","value":"dry_skintype"},{"key":"combination-skintype","value":"combination_skintype"}],"type_description":null},"sku_badge":null,"sku_badge_image":null,"sku_display_order":2,"sku_id":"Z5CL01","sku_promo_messaging":null,"sku_type":"SE","sku_url":null,"tags":{"total":13,"items":[{"id":"1575","key":"en-çok-satanlar","value":"En Çok Satanlar"},{"id":"25016","key":"top-sellers","value":"Top Sellers"},{"id":"17859","key":"çok-satanlar","value":"ÇOK SATANLAR"},{"id":"1628","key":"-evde-bakim","value":"# EVDE BAKIM"},{"id":"16320","key":"clinique-smart","value":"Clinique Smart"},{"id":"1687","key":"yüz-nemlendi̇ri̇ci̇","value":"YÜZ NEMLENDİRİCİ"},{"id":"16422","key":"gifts","value":"Gifts"},{"id":"1674","key":"yaşlanma-karşıtı-bakım","value":"Yaşlanma Karşıtı Bakım"},{"id":"13770","key":"recommended-clinique-favourites","value":"Recommended Clinique Favourites"},{"id":"13051","key":"skin-care-best-sellers","value":"Skin Care Best Sellers"},{"id":"1675","key":"koruma-önleme","value":"Koruma & Önleme"},{"id":"27172","key":"day5flashsale","value":"Day5FlashSale"},{"id":"13563","key":"yeni̇-yil-ci̇lt-bakimi","value":"YENİ YIL CİLT BAKIMI"}]},"texture":null,"undertone":null,"unit_of_measure":null,"unit_size":null,"unit_size_formatted":null,"upc":"020714678203","vto":{"is_color_experience":null,"is_foundation_experience":null}},{"color_family":null,"coverage_options":null,"cross_sell":null,"display_status":7,"finish":null,"finish_options":null,"fragrances":[{"family":null,"key":null,"value":null}],"iln_listing":null,"iln_version_number":null,"inventory_status":"Active","is_active":true,"is_coming_soon":null,"is_default_sku":false,"is_discountable":true,"is_displayable":null,"is_engravable":null,"is_fragrance":null,"is_giftable":null,"is_giftwrap":false,"is_inactive":null,"is_multi_shaded":null,"is_out_of_stock":null,"is_preorder":false,"is_preorderable":null,"is_promotional":null,"is_replenishable":false,"is_search_suppressed":null,"is_searchable":true,"is_shaded":null,"is_sized":null,"is_sold_out":null,"is_under_weight_hazmat":false,"is_vto_enabled":null,"life_of_product":"Basic Reorder","material_code":"Z5XG010001","media":{"large":[{"alt":"Smart Akıllı Onarım Gece Nemlendirici Kremi","height":1200,"position":0,"src":"/media/export/cms/products/1200x1500/cl_sku_Z5XG01_1200x1500_0.png","type":"image","width":1500}],"medium":[{"alt":"Smart Akıllı Onarım Gece Nemlendirici Kremi","height":600,"position":1,"src":"/media/export/cms/products/600x750/cl_sku_Z5XG01_600x750_0.png","type":"image","width":750}],"model":null,"poster":null,"small":[{"alt":"Smart Akıllı Onarım Gece Nemlendirici Kremi","height":1200,"position":2,"src":"/media/export/cms/products/1200x1500/cl_sku_Z5XG01_1200x1500_0.png","type":"image","width":1500}],"smoosh":null,"xl":null},"out_of_stock_threshold":null,"perlgem":{"SKU_BASE_ID":64356},"preorder_date":null,"prices":[{"currency":"TRY","exclude_tax":{"original_price":635,"original_price_formatted":"635.00 TL","price":635,"price_formatted":"635.00 TL","price_per_unit":null,"price_per_unit_formatted":""},"include_tax":{"original_price":635,"original_price_formatted":"635.00 TL","price":635,"price_formatted":"635.00 TL","price_per_unit":null,"price_per_unit_formatted":""},"is_discounted":false}],"purchase_limit":null,"replenishment":{"message":null},"reviews":{"average_rating":null,"number_of_questions":null,"number_of_reviews":null},"set_components":null,"shade_groups":null,"shades":null,"sizes":[{"key":1,"value":"50 ml - Karma/Yağlı"}],"skin":{"tone":null,"type":[{"key":"combination-skintype","value":"combination_skintype"},{"key":"oily-skintype","value":"oily_skintype"}],"type_description":null},"sku_badge":null,"sku_badge_image":null,"sku_display_order":3,"sku_id":"Z5XG01","sku_promo_messaging":null,"sku_type":"SE","sku_url":null,"tags":{"total":13,"items":[{"id":"1575","key":"en-çok-satanlar","value":"En Çok Satanlar"},{"id":"1667","key":"ci̇lt-bakimi","value":"CİLT BAKIMI"},{"id":"27174","key":"day7flashsale","value":"Day7FlashSale"},{"id":"17859","key":"çok-satanlar","value":"ÇOK SATANLAR"},{"id":"1628","key":"-evde-bakim","value":"# EVDE BAKIM"},{"id":"16320","key":"clinique-smart","value":"Clinique Smart"},{"id":"1687","key":"yüz-nemlendi̇ri̇ci̇","value":"YÜZ NEMLENDİRİCİ"},{"id":"1674","key":"yaşlanma-karşıtı-bakım","value":"Yaşlanma Karşıtı Bakım"},{"id":"27168","key":"day1flashsale","value":"Day1FlashSale"},{"id":"13770","key":"recommended-clinique-favourites","value":"Recommended Clinique Favourites"},{"id":"13051","key":"skin-care-best-sellers","value":"Skin Care Best Sellers"},{"id":"1675","key":"koruma-önleme","value":"Koruma & Önleme"},{"id":"27172","key":"day5flashsale","value":"Day5FlashSale"}]},"texture":null,"undertone":null,"unit_of_measure":null,"unit_size":null,"unit_size_formatted":null,"upc":"020714682422","vto":{"is_color_experience":null,"is_foundation_experience":null}}]},"sub_display_name":null,"sub_header":null,"tags":{"total":19,"items":[{"id":"1575","key":"en-çok-satanlar","parent_tag_id":null,"product_display_order":43,"value":"En Çok Satanlar"},{"id":"25016","key":"top-sellers","parent_tag_id":"4323","product_display_order":0,"value":"Top Sellers"},{"id":"1667","key":"ci̇lt-bakimi","parent_tag_id":null,"product_display_order":4,"value":"CİLT BAKIMI"},{"id":"27174","key":"day7flashsale","parent_tag_id":"1590","product_display_order":0,"value":"Day7FlashSale"},{"id":"17859","key":"çok-satanlar","parent_tag_id":null,"product_display_order":40,"value":"ÇOK SATANLAR"},{"id":"2644","key":"alışverişi-tamamla","parent_tag_id":null,"product_display_order":0,"value":"Alışverişi Tamamla"},{"id":"1628","key":"-evde-bakim","parent_tag_id":null,"product_display_order":450,"value":"# EVDE BAKIM"},{"id":"16320","key":"clinique-smart","parent_tag_id":"1667","product_display_order":0,"value":"Clinique Smart"},{"id":"8312","key":"3-al","parent_tag_id":"1628","product_display_order":0,"value":"3 Al"},{"id":"1687","key":"yüz-nemlendi̇ri̇ci̇","parent_tag_id":"1667","product_display_order":139,"value":"YÜZ NEMLENDİRİCİ"},{"id":"1980","key":"yaşlanma-karşıtı","parent_tag_id":"1674","product_display_order":1,"value":"Yaşlanma Karşıtı"},{"id":"16422","key":"gifts","parent_tag_id":"1585","product_display_order":0,"value":"Gifts"},{"id":"1674","key":"yaşlanma-karşıtı-bakım","parent_tag_id":"1667","product_display_order":0,"value":"Yaşlanma Karşıtı Bakım"},{"id":"27168","key":"day1flashsale","parent_tag_id":"1590","product_display_order":0,"value":"Day1FlashSale"},{"id":"13770","key":"recommended-clinique-favourites","parent_tag_id":null,"product_display_order":0,"value":"Recommended Clinique Favourites"},{"id":"13051","key":"skin-care-best-sellers","parent_tag_id":"1667","product_display_order":5,"value":"Skin Care Best Sellers"},{"id":"1675","key":"koruma-önleme","parent_tag_id":"1674","product_display_order":1,"value":"Koruma & Önleme"},{"id":"27172","key":"day5flashsale","parent_tag_id":"1590","product_display_order":8,"value":"Day5FlashSale"},{"id":"13563","key":"yeni̇-yil-ci̇lt-bakimi","parent_tag_id":"13561","product_display_order":0,"value":"YENİ YIL CİLT BAKIMI"}]},"usage":[{"content":"<ul><li> Optimum sonuçlar için 3 adımlı cilt bakım sistemi ile cildinizi hazırlayın.  </li><li>Göz çevresinden kaçınarak akşamları uygulayın. </li></ul>","label":"PRODUCT USAGE","type":"product_usage"},{"content":null,"label":"HOW DOES IT WORK","type":"how_does_it_work"},{"content":"Kuru karma ve karma yağlı ciltler","label":"WHO IT IS FOR","type":"who_it_is_for"},{"content":null,"label":"GREAT TO KNOW","type":"great_to_know"},{"content":"Yaşlanma karşıtı, yağ içermeyen formülü ile istediğiniz gece onarımını sağlar.Siz uyurken yenilikçi nemlendirici formülüyle çizgi ve kırışıklıkları azaltmaya yardımcı olur, cilde daha aydınlık bir görünüm sağlar ve cildin nem bariyerini güçlendirir.Clinique Smart'ın ™ hidration teknolojisi cildin ihtiyacı olan nemi almasına ve hapsetmesini sağlar böylelikle sabah daha genç, yenilenmiş ve canlı bir cilt görünümü elde edersiniz. Akne karşıtı. Dermatologlar tarafından test edilmiştir.<br><b>Temel İçerikler</ b><br>Yaşlanma karşıtı formülü ile cildinize nem bombası etkisi sağlar. Cildin Hyaluronik Asit seviyesini arttırır ve cildin nemi hapsetmesine yardımcı olur.Siz uyurken çalışan Micrococcus luteus Özü,cildin gece boyunca kendini onarmasını sağlar.<br> <b> Nasıl Kullanılır</ b><br><ul><li>optimum sonuçlar için 3 adımlı cilt bakım sistemi ile cildinizi hazırlayın.<li></ li><li> Günde iki kez; sabah ve gece olmak üzere kullanabilirsiniz ve göz çevresinden kaçınınız.</li></ul>","label":"WHAT_IT_DOES","type":"what_it_does"},{"content":"Clinique Akıllı Onarım Gece Kremi gece boyunca cildin dinlenmesine yardımcı olur.","label":"WHAT_IT_IS","type":"what_it_is"}],"objectID":"36597"},{"benefit":{"statement":null,"benefits":null},"brand":null,"collection":null,"coverage":null,"cross_sell":null,"default_category":{"id":"1683","key":"göz-dudak-bakimi"},"description":"Nedir? Bu güçlü göz kremi kırışıklıkların görünümünü belirgin biçimde azaltmaya yardımcı olur. Ne Yapar? Zengin göz kremi ince çizgilerin görünümünü azaltmaya yardımcı olur. Göz çevresinin görünümünü belirgin biçimde iyileştirmeye destek verir. Yaşlanma karşıtı formülü dolgun bir görünüm ve nemlendirme sağlar; göz çevresinin daha genç ve aydınlık görünmesine yardımcı olur. Oftalmolojik olarak test edilmiştir.","display_mode":null,"display_name":"Repairwear Laser Focus Wrinkle Correcting Yaşlanma Karşıtı Göz Kremi","display_status":7,"finish":null,"form":null,"formula_type":null,"fragrance_family":null,"indexable_keywords":null,"is_hazmat":false,"is_product_coming_soon":null,"is_product_displayable":true,"is_product_searchable":true,"is_product_shoppable":true,"is_product_sold_out":null,"is_product_temporarily_out_of_stock":null,"is_search_suppressed":null,"key_ingredient":null,"media":{"large":null,"medium":null,"poster":null,"small":null,"videos":[{"position":null,"poster":{"height":null,"src":null,"width":null},"provider":null,"src":null},{"position":null,"poster":{"height":null,"src":null,"width":null},"provider":null,"src":null},{"position":null,"poster":{"height":null,"src":null,"width":null},"provider":null,"src":null}],"xl":null},"meta":{"description":null,"keywords":null},"parent_category":[{"id":"1683","value":"GÖZ & DUDAK BAKIMI"},{"id":"1667","value":"CİLT BAKIMI"}],"product_badge":null,"product_id":"37235","product_title_tag":null,"product_type":"Sized","product_url":"/product/1683/37235/cilt-bakimi/goz-dudak-bakimi/repairwear-laser-focus-wrinkle-correcting-yaslanma-karst-goz-kremi","reviews":{"average_rating":4,"number_of_questions":null,"number_of_reviews":3},"shade_groups":null,"short_description":null,"skin":null,"skin_goal":null,"skus":{"total":1,"items":[{"color_family":null,"coverage_options":null,"cross_sell":null,"display_status":7,"finish":null,"finish_options":null,"fragrances":[{"family":null,"key":null,"value":null}],"iln_listing":null,"iln_version_number":null,"inventory_status":"Active","is_active":true,"is_coming_soon":null,"is_default_sku":false,"is_discountable":true,"is_displayable":null,"is_engravable":null,"is_fragrance":null,"is_giftable":null,"is_giftwrap":false,"is_inactive":null,"is_multi_shaded":null,"is_out_of_stock":null,"is_preorder":false,"is_preorderable":null,"is_promotional":null,"is_replenishable":false,"is_search_suppressed":null,"is_searchable":true,"is_shaded":null,"is_sized":null,"is_sold_out":null,"is_under_weight_hazmat":false,"is_vto_enabled":null,"life_of_product":"Basic Reorder","material_code":"ZK4K010001","media":{"large":[{"alt":"Repairwear Laser Focus Wrinkle Correcting Yaşlanma Karşıtı Göz Kremi","height":1200,"position":0,"src":"/media/export/cms/products/1200x1500/cl_sku_ZK4K01_1200x1500_0.png","type":"image","width":1500}],"medium":[{"alt":"Repairwear Laser Focus Wrinkle Correcting Yaşlanma Karşıtı Göz Kremi","height":600,"position":1,"src":"/media/export/cms/products/600x750/cl_sku_ZK4K01_600x750_0.png","type":"image","width":750}],"model":null,"poster":null,"small":[{"alt":"Repairwear Laser Focus Wrinkle Correcting Yaşlanma Karşıtı Göz Kremi","height":1200,"position":2,"src":"/media/export/cms/products/1200x1500/cl_sku_ZK4K01_1200x1500_0.png","type":"image","width":1500}],"smoosh":null,"xl":null},"out_of_stock_threshold":null,"perlgem":{"SKU_BASE_ID":65258},"preorder_date":null,"prices":[{"currency":"TRY","exclude_tax":{"original_price":470,"original_price_formatted":"470.00 TL","price":470,"price_formatted":"470.00 TL","price_per_unit":null,"price_per_unit_formatted":""},"include_tax":{"original_price":470,"original_price_formatted":"470.00 TL","price":470,"price_formatted":"470.00 TL","price_per_unit":null,"price_per_unit_formatted":""},"is_discounted":false}],"purchase_limit":null,"replenishment":{"message":null},"reviews":{"average_rating":null,"number_of_questions":null,"number_of_reviews":null},"set_components":null,"shade_groups":null,"shades":null,"sizes":[{"key":1,"value":"15 ml"}],"skin":{"tone":null,"type":null,"type_description":null},"sku_badge":null,"sku_badge_image":null,"sku_display_order":1,"sku_id":"ZK4K01","sku_promo_messaging":null,"sku_type":"SE","sku_url":null,"tags":{"total":14,"items":[{"id":"27172","key":"day5flashsale","value":"Day5FlashSale"},{"id":"1683","key":"göz-dudak-bakimi","value":"GÖZ & DUDAK BAKIMI"},{"id":"1676","key":"724-onarım","value":"7/24 Onarım"},{"id":"1667","key":"ci̇lt-bakimi","value":"CİLT BAKIMI"},{"id":"1675","key":"koruma-önleme","value":"Koruma & Önleme"},{"id":"13563","key":"yeni̇-yil-ci̇lt-bakimi","value":"YENİ YIL CİLT BAKIMI"},{"id":"27174","key":"day7flashsale","value":"Day7FlashSale"},{"id":"1687","key":"yüz-nemlendi̇ri̇ci̇","value":"YÜZ NEMLENDİRİCİ"},{"id":"1628","key":"-evde-bakim","value":"# EVDE BAKIM"},{"id":"1575","key":"en-çok-satanlar","value":"En Çok Satanlar"},{"id":"27169","key":"day2flashsale","value":"Day2FlashSale"},{"id":"1980","key":"yaşlanma-karşıtı","value":"Yaşlanma Karşıtı"},{"id":"1674","key":"yaşlanma-karşıtı-bakım","value":"Yaşlanma Karşıtı Bakım"},{"id":"17859","key":"çok-satanlar","value":"ÇOK SATANLAR"}]},"texture":null,"undertone":null,"unit_of_measure":null,"unit_size":null,"unit_size_formatted":null,"upc":"020714777647","vto":{"is_color_experience":null,"is_foundation_experience":null}}]},"sub_display_name":null,"sub_header":null,"tags":{"total":14,"items":[{"id":"27172","key":"day5flashsale","parent_tag_id":"1590","product_display_order":13,"value":"Day5FlashSale"},{"id":"1683","key":"göz-dudak-bakimi","parent_tag_id":"1667","product_display_order":1,"value":"GÖZ & DUDAK BAKIMI"},{"id":"1676","key":"724-onarım","parent_tag_id":"1674","product_display_order":1,"value":"7/24 Onarım"},{"id":"1667","key":"ci̇lt-bakimi","parent_tag_id":null,"product_display_order":194,"value":"CİLT BAKIMI"},{"id":"1675","key":"koruma-önleme","parent_tag_id":"1674","product_display_order":1,"value":"Koruma & Önleme"},{"id":"13563","key":"yeni̇-yil-ci̇lt-bakimi","parent_tag_id":"13561","product_display_order":0,"value":"YENİ YIL CİLT BAKIMI"},{"id":"27174","key":"day7flashsale","parent_tag_id":"1590","product_display_order":0,"value":"Day7FlashSale"},{"id":"1687","key":"yüz-nemlendi̇ri̇ci̇","parent_tag_id":"1667","product_display_order":6,"value":"YÜZ NEMLENDİRİCİ"},{"id":"1628","key":"-evde-bakim","parent_tag_id":null,"product_display_order":265,"value":"# EVDE BAKIM"},{"id":"1575","key":"en-çok-satanlar","parent_tag_id":null,"product_display_order":66,"value":"En Çok Satanlar"},{"id":"27169","key":"day2flashsale","parent_tag_id":"1590","product_display_order":0,"value":"Day2FlashSale"},{"id":"1980","key":"yaşlanma-karşıtı","parent_tag_id":"1674","product_display_order":1,"value":"Yaşlanma Karşıtı"},{"id":"1674","key":"yaşlanma-karşıtı-bakım","parent_tag_id":"1667","product_display_order":1,"value":"Yaşlanma Karşıtı Bakım"},{"id":"17859","key":"çok-satanlar","parent_tag_id":null,"product_display_order":41,"value":"ÇOK SATANLAR"}]},"usage":[{"content":null,"label":"PRODUCT USAGE","type":"product_usage"},{"content":null,"label":"HOW DOES IT WORK","type":"how_does_it_work"},{"content":null,"label":"WHO IT IS FOR","type":"who_it_is_for"},{"content":null,"label":"GREAT TO KNOW","type":"great_to_know"},{"content":null,"label":"WHAT_IT_DOES","type":"what_it_does"},{"content":"Nedir? Bu güçlü göz kremi kırışıklıkların görünümünü belirgin biçimde azaltmaya yardımcı olur. Ne Yapar? Zengin göz kremi ince çizgilerin görünümünü azaltmaya yardımcı olur. Göz çevresinin görünümünü belirgin biçimde iyileştirmeye destek verir. Yaşlanma karşıtı formülü dolgun bir görünüm ve nemlendirme sağlar; göz çevresinin daha genç ve aydınlık görünmesine yardımcı olur. Oftalmolojik olarak test edilmiştir.","label":"WHAT_IT_IS","type":"what_it_is"}],"objectID":"37235"},{"benefit":{"statement":null,"benefits":null},"brand":null,"collection":null,"coverage":[{"key":"full-coverage","value":"full_coverage"}],"cross_sell":null,"default_category":{"id":"1599","key":"fondöten"},"description":"<P>Full kapatıcılık, hafif nefes aldıran dokusu sayesinde ciltte rahatsızlık vermeden tüm gün kapatıcılık sağlar. Gün boyu kalıcıdır. Tüm yüze uygulamaya veya noktasal uygulamaya uygun özel aplikatör ile istediğiniz zaman pudra ve fondöten olarak tüm yüzünüze uygulayabilirsiniz.</P><P>&nbsp;</P>","display_mode":null,"display_name":"Beyond Perfecting Pudra Fondöten ve Kapatıcı","display_status":7,"finish":[{"key":"matte-finish","value":"matte_finish"},{"key":"natural-finish","value":"natural_finish"}],"form":[{"key":"powder-form","value":"powder_form"}],"formula_type":null,"fragrance_family":null,"indexable_keywords":null,"is_hazmat":false,"is_product_coming_soon":null,"is_product_displayable":true,"is_product_searchable":true,"is_product_shoppable":true,"is_product_sold_out":null,"is_product_temporarily_out_of_stock":null,"is_search_suppressed":null,"key_ingredient":null,"media":{"large":null,"medium":null,"poster":null,"small":null,"videos":[{"position":null,"poster":{"height":null,"src":null,"width":null},"provider":null,"src":null},{"position":null,"poster":{"height":null,"src":null,"width":null},"provider":null,"src":null},{"position":null,"poster":{"height":null,"src":null,"width":null},"provider":null,"src":null}],"xl":null},"meta":{"description":null,"keywords":null},"parent_category":[{"id":"1599","value":"FONDÖTEN"},{"id":"1592","value":"MAKYAJ"}],"product_badge":null,"product_id":"37389","product_title_tag":null,"product_type":"Shaded","product_url":"/product/1599/37389/makyaj/fondoten/beyond-perfecting-pudra-fondoten-ve-kapatc","reviews":{"average_rating":5,"number_of_questions":null,"number_of_reviews":4},"shade_groups":null,"short_description":null,"skin":null,"skin_goal":null,"skus":{"total":6,"items":[{"color_family":[{"key":"very-fair-color","value":"very_fair_color"}],"coverage_options":null,"cross_sell":null,"display_status":7,"finish":[{"key":"matte-finish","value":"matte_finish"},{"key":"natural-finish","value":"natural_finish"}],"finish_options":[{"key":"matte-finish","value":"matte_finish"},{"key":"natural-finish","value":"natural_finish"}],"fragrances":[{"family":null,"key":null,"value":null}],"iln_listing":null,"iln_version_number":null,"inventory_status":"Active","is_active":true,"is_coming_soon":null,"is_default_sku":false,"is_discountable":true,"is_displayable":null,"is_engravable":null,"is_fragrance":null,"is_giftable":null,"is_giftwrap":false,"is_inactive":null,"is_multi_shaded":null,"is_out_of_stock":null,"is_preorder":false,"is_preorderable":null,"is_promotional":null,"is_replenishable":false,"is_search_suppressed":null,"is_searchable":true,"is_shaded":null,"is_sized":null,"is_sold_out":null,"is_under_weight_hazmat":false,"is_vto_enabled":null,"life_of_product":"Basic Reorder","material_code":"ZGH60A0001","media":{"large":[{"alt":"Beyond Perfecting Pudra Fondöten ve Kapatıcı","height":1200,"position":1,"src":"/media/export/cms/products/1200x1500/cl_sku_ZGH60A_1200x1500_0.png","type":"image","width":1500}],"medium":[{"alt":"Beyond Perfecting Pudra Fondöten ve Kapatıcı","height":600,"position":2,"src":"/media/export/cms/products/600x750/cl_sku_ZGH60A_600x750_0.png","type":"image","width":750}],"model":null,"poster":null,"small":[{"alt":"Beyond Perfecting Pudra Fondöten ve Kapatıcı","height":1200,"position":3,"src":"/media/export/cms/products/1200x1500/cl_sku_ZGH60A_1200x1500_0.png","type":"image","width":1500}],"smoosh":[{"alt":"Beyond Perfecting Pudra Fondöten ve Kapatıcı","height":1200,"position":0,"src":"/media/export/cms/products/1200x1500/swatches_v3/02_ns_ng.png","type":"image","width":1500}],"xl":null},"out_of_stock_threshold":null,"perlgem":{"SKU_BASE_ID":65446},"preorder_date":null,"prices":[{"currency":"TRY","exclude_tax":{"original_price":310,"original_price_formatted":"310.00 TL","price":310,"price_formatted":"310.00 TL","price_per_unit":null,"price_per_unit_formatted":""},"include_tax":{"original_price":310,"original_price_formatted":"310.00 TL","price":310,"price_formatted":"310.00 TL","price_per_unit":null,"price_per_unit_formatted":""},"is_discounted":false}],"purchase_limit":null,"replenishment":{"message":null},"reviews":{"average_rating":null,"number_of_questions":null,"number_of_reviews":null},"set_components":null,"shade_groups":null,"shades":[{"description":"","hex_val":"#F7C8B2","image":{"height":null,"src":"","width":null},"name":"0.5 Breeze","smoosh_design":{"group_id":null,"name":"02::none::none"}}],"sizes":[{"key":1,"value":"14.5 g"}],"skin":{"tone":null,"type":[{"key":"dry-skintype","value":"dry_skintype"},{"key":"oily-skintype","value":"oily_skintype"}],"type_description":null},"sku_badge":null,"sku_badge_image":null,"sku_display_order":2,"sku_id":"ZGH60A","sku_promo_messaging":null,"sku_type":"SE","sku_url":null,"tags":{"total":7,"items":[{"id":"13562","key":"yeni̇-yil-makyaj","value":"YENİ YIL MAKYAJ"},{"id":"1607","key":"pudra","value":"PUDRA"},{"id":"12537","key":"çok-satan-makyaj-ürünleri̇","value":"ÇOK SATAN MAKYAJ ÜRÜNLERİ"},{"id":"1592","key":"makyaj","value":"MAKYAJ"},{"id":"27171","key":"day4flashsale","value":"Day4FlashSale"},{"id":"27172","key":"day5flashsale","value":"Day5FlashSale"},{"id":"1599","key":"fondöten","value":"FONDÖTEN"}]},"texture":null,"undertone":[{"key":"cool-undertone","value":"cool_undertone"},{"key":"warm-undertone","value":"warm_undertone"}],"unit_of_measure":null,"unit_size":null,"unit_size_formatted":null,"upc":"020714801267","vto":{"is_color_experience":null,"is_foundation_experience":null}},{"color_family":[{"key":"very-fair-color","value":"very_fair_color"}],"coverage_options":null,"cross_sell":null,"display_status":7,"finish":[{"key":"matte-finish","value":"matte_finish"},{"key":"natural-finish","value":"natural_finish"}],"finish_options":[{"key":"matte-finish","value":"matte_finish"},{"key":"natural-finish","value":"natural_finish"}],"fragrances":[{"family":null,"key":null,"value":null}],"iln_listing":null,"iln_version_number":null,"inventory_status":"Active","is_active":true,"is_coming_soon":null,"is_default_sku":false,"is_discountable":true,"is_displayable":null,"is_engravable":null,"is_fragrance":null,"is_giftable":null,"is_giftwrap":false,"is_inactive":null,"is_multi_shaded":null,"is_out_of_stock":null,"is_preorder":false,"is_preorderable":null,"is_promotional":null,"is_replenishable":false,"is_search_suppressed":null,"is_searchable":true,"is_shaded":null,"is_sized":null,"is_sold_out":null,"is_under_weight_hazmat":false,"is_vto_enabled":null,"life_of_product":"Basic Reorder","material_code":"ZGH6020001","media":{"large":[{"alt":"Beyond Perfecting Pudra Fondöten ve Kapatıcı","height":1200,"position":1,"src":"/media/export/cms/products/1200x1500/cl_sku_ZGH602_1200x1500_0.png","type":"image","width":1500}],"medium":[{"alt":"Beyond Perfecting Pudra Fondöten ve Kapatıcı","height":600,"position":2,"src":"/media/export/cms/products/600x750/cl_sku_ZGH602_600x750_0.png","type":"image","width":750}],"model":null,"poster":null,"small":[{"alt":"Beyond Perfecting Pudra Fondöten ve Kapatıcı","height":1200,"position":3,"src":"/media/export/cms/products/1200x1500/cl_sku_ZGH602_1200x1500_0.png","type":"image","width":1500}],"smoosh":[{"alt":"Beyond Perfecting Pudra Fondöten ve Kapatıcı","height":1200,"position":0,"src":"/media/export/cms/products/1200x1500/swatches_v3/02_ns_ng.png","type":"image","width":1500}],"xl":null},"out_of_stock_threshold":null,"perlgem":{"SKU_BASE_ID":65444},"preorder_date":null,"prices":[{"currency":"TRY","exclude_tax":{"original_price":310,"original_price_formatted":"310.00 TL","price":310,"price_formatted":"310.00 TL","price_per_unit":null,"price_per_unit_formatted":""},"include_tax":{"original_price":310,"original_price_formatted":"310.00 TL","price":310,"price_formatted":"310.00 TL","price_per_unit":null,"price_per_unit_formatted":""},"is_discounted":false}],"purchase_limit":null,"replenishment":{"message":null},"reviews":{"average_rating":null,"number_of_questions":null,"number_of_reviews":null},"set_components":null,"shade_groups":null,"shades":[{"description":"","hex_val":"#e4b78e","image":{"height":null,"src":"","width":null},"name":"02 Alabaster","smoosh_design":{"group_id":null,"name":"02::none::none"}}],"sizes":[{"key":1,"value":"14.5 g"}],"skin":{"tone":null,"type":[{"key":"dry-skintype","value":"dry_skintype"},{"key":"oily-skintype","value":"oily_skintype"}],"type_description":null},"sku_badge":null,"sku_badge_image":null,"sku_display_order":3,"sku_id":"ZGH602","sku_promo_messaging":null,"sku_type":"SE","sku_url":null,"tags":{"total":8,"items":[{"id":"13568","key":"249-tl-ve-alti-ci̇lt-bakimmakyajparfüm-setleri̇","value":"249 TL VE ALTI CİLT BAKIM&MAKYAJ&PARFÜM SETLERİ"},{"id":"13562","key":"yeni̇-yil-makyaj","value":"YENİ YIL MAKYAJ"},{"id":"1607","key":"pudra","value":"PUDRA"},{"id":"12537","key":"çok-satan-makyaj-ürünleri̇","value":"ÇOK SATAN MAKYAJ ÜRÜNLERİ"},{"id":"1592","key":"makyaj","value":"MAKYAJ"},{"id":"27171","key":"day4flashsale","value":"Day4FlashSale"},{"id":"27172","key":"day5flashsale","value":"Day5FlashSale"},{"id":"1599","key":"fondöten","value":"FONDÖTEN"}]},"texture":null,"undertone":[{"key":"cool-undertone","value":"cool_undertone"},{"key":"warm-undertone","value":"warm_undertone"}],"unit_of_measure":null,"unit_size":null,"unit_size_formatted":null,"upc":"020714755928","vto":{"is_color_experience":null,"is_foundation_experience":null}},{"color_family":[{"key":"very-fair-color","value":"very_fair_color"}],"coverage_options":null,"cross_sell":null,"display_status":3,"finish":[{"key":"matte-finish","value":"matte_finish"},{"key":"natural-finish","value":"natural_finish"}],"finish_options":[{"key":"matte-finish","value":"matte_finish"},{"key":"natural-finish","value":"natural_finish"}],"fragrances":[{"family":null,"key":null,"value":null}],"iln_listing":null,"iln_version_number":null,"inventory_status":"Active","is_active":true,"is_coming_soon":null,"is_default_sku":false,"is_discountable":true,"is_displayable":null,"is_engravable":null,"is_fragrance":null,"is_giftable":null,"is_giftwrap":false,"is_inactive":null,"is_multi_shaded":null,"is_out_of_stock":null,"is_preorder":false,"is_preorderable":null,"is_promotional":null,"is_replenishable":false,"is_search_suppressed":null,"is_searchable":true,"is_shaded":null,"is_sized":null,"is_sold_out":null,"is_under_weight_hazmat":false,"is_vto_enabled":null,"life_of_product":"Basic Reorder","material_code":"ZGH6040001","media":{"large":[{"alt":"Beyond Perfecting Pudra Fondöten ve Kapatıcı","height":1200,"position":1,"src":"/media/export/cms/products/1200x1500/cl_sku_ZGH604_1200x1500_0.png","type":"image","width":1500}],"medium":[{"alt":"Beyond Perfecting Pudra Fondöten ve Kapatıcı","height":600,"position":2,"src":"/media/export/cms/products/600x750/cl_sku_ZGH604_600x750_0.png","type":"image","width":750}],"model":null,"poster":null,"small":[{"alt":"Beyond Perfecting Pudra Fondöten ve Kapatıcı","height":1200,"position":3,"src":"/media/export/cms/products/1200x1500/cl_sku_ZGH604_1200x1500_0.png","type":"image","width":1500}],"smoosh":[{"alt":"Beyond Perfecting Pudra Fondöten ve Kapatıcı","height":1200,"position":0,"src":"/media/export/cms/products/1200x1500/swatches_v3/02_ns_ng.png","type":"image","width":1500}],"xl":null},"out_of_stock_threshold":null,"perlgem":{"SKU_BASE_ID":65449},"preorder_date":null,"prices":[{"currency":"TRY","exclude_tax":{"original_price":310,"original_price_formatted":"310.00 TL","price":310,"price_formatted":"310.00 TL","price_per_unit":null,"price_per_unit_formatted":""},"include_tax":{"original_price":310,"original_price_formatted":"310.00 TL","price":310,"price_formatted":"310.00 TL","price_per_unit":null,"price_per_unit_formatted":""},"is_discounted":false}],"purchase_limit":null,"replenishment":{"message":null},"reviews":{"average_rating":null,"number_of_questions":null,"number_of_reviews":null},"set_components":null,"shade_groups":null,"shades":[{"description":"","hex_val":"#d8ac8e","image":{"height":null,"src":"","width":null},"name":"04 Cream Whip","smoosh_design":{"group_id":null,"name":"02::none::none"}}],"sizes":[{"key":1,"value":"14.5 g"}],"skin":{"tone":null,"type":[{"key":"dry-skintype","value":"dry_skintype"},{"key":"oily-skintype","value":"oily_skintype"}],"type_description":null},"sku_badge":null,"sku_badge_image":null,"sku_display_order":4,"sku_id":"ZGH604","sku_promo_messaging":null,"sku_type":"SE","sku_url":null,"tags":{"total":7,"items":[{"id":"13562","key":"yeni̇-yil-makyaj","value":"YENİ YIL MAKYAJ"},{"id":"1607","key":"pudra","value":"PUDRA"},{"id":"12537","key":"çok-satan-makyaj-ürünleri̇","value":"ÇOK SATAN MAKYAJ ÜRÜNLERİ"},{"id":"1592","key":"makyaj","value":"MAKYAJ"},{"id":"27171","key":"day4flashsale","value":"Day4FlashSale"},{"id":"27172","key":"day5flashsale","value":"Day5FlashSale"},{"id":"1599","key":"fondöten","value":"FONDÖTEN"}]},"texture":null,"undertone":[{"key":"cool-undertone","value":"cool_undertone"},{"key":"warm-undertone","value":"warm_undertone"}],"unit_of_measure":null,"unit_size":null,"unit_size_formatted":null,"upc":"020714755942","vto":{"is_color_experience":null,"is_foundation_experience":null}},{"color_family":[{"key":"very-fair-color","value":"very_fair_color"}],"coverage_options":null,"cross_sell":null,"display_status":7,"finish":[{"key":"matte-finish","value":"matte_finish"},{"key":"natural-finish","value":"natural_finish"}],"finish_options":[{"key":"matte-finish","value":"matte_finish"},{"key":"natural-finish","value":"natural_finish"}],"fragrances":[{"family":null,"key":null,"value":null}],"iln_listing":null,"iln_version_number":null,"inventory_status":"Active","is_active":true,"is_coming_soon":null,"is_default_sku":false,"is_discountable":true,"is_displayable":null,"is_engravable":null,"is_fragrance":null,"is_giftable":null,"is_giftwrap":false,"is_inactive":null,"is_multi_shaded":null,"is_out_of_stock":null,"is_preorder":false,"is_preorderable":null,"is_promotional":null,"is_replenishable":false,"is_search_suppressed":null,"is_searchable":true,"is_shaded":null,"is_sized":null,"is_sold_out":null,"is_under_weight_hazmat":false,"is_vto_enabled":null,"life_of_product":"Basic Reorder","material_code":"ZGH6060001","media":{"large":[{"alt":"Beyond Perfecting Pudra Fondöten ve Kapatıcı","height":1200,"position":1,"src":"/media/export/cms/products/1200x1500/cl_sku_ZGH606_1200x1500_0.png","type":"image","width":1500}],"medium":[{"alt":"Beyond Perfecting Pudra Fondöten ve Kapatıcı","height":600,"position":2,"src":"/media/export/cms/products/600x750/cl_sku_ZGH606_600x750_0.png","type":"image","width":750}],"model":null,"poster":null,"small":[{"alt":"Beyond Perfecting Pudra Fondöten ve Kapatıcı","height":1200,"position":3,"src":"/media/export/cms/products/1200x1500/cl_sku_ZGH606_1200x1500_0.png","type":"image","width":1500}],"smoosh":[{"alt":"Beyond Perfecting Pudra Fondöten ve Kapatıcı","height":1200,"position":0,"src":"/media/export/cms/products/1200x1500/swatches_v3/02_ns_ng.png","type":"image","width":1500}],"xl":null},"out_of_stock_threshold":null,"perlgem":{"SKU_BASE_ID":65636},"preorder_date":null,"prices":[{"currency":"TRY","exclude_tax":{"original_price":310,"original_price_formatted":"310.00 TL","price":310,"price_formatted":"310.00 TL","price_per_unit":null,"price_per_unit_formatted":""},"include_tax":{"original_price":310,"original_price_formatted":"310.00 TL","price":310,"price_formatted":"310.00 TL","price_per_unit":null,"price_per_unit_formatted":""},"is_discounted":false}],"purchase_limit":null,"replenishment":{"message":null},"reviews":{"average_rating":null,"number_of_questions":null,"number_of_reviews":null},"set_components":null,"shade_groups":null,"shades":[{"description":"","hex_val":"#C7A084","image":{"height":null,"src":"","width":null},"name":"06 Ivory","smoosh_design":{"group_id":null,"name":"02::none::none"}}],"sizes":[{"key":1,"value":"14.5 g"}],"skin":{"tone":null,"type":[{"key":"dry-skintype","value":"dry_skintype"},{"key":"oily-skintype","value":"oily_skintype"}],"type_description":null},"sku_badge":null,"sku_badge_image":null,"sku_display_order":5,"sku_id":"ZGH606","sku_promo_messaging":null,"sku_type":"SE","sku_url":null,"tags":{"total":6,"items":[{"id":"1607","key":"pudra","value":"PUDRA"},{"id":"12537","key":"çok-satan-makyaj-ürünleri̇","value":"ÇOK SATAN MAKYAJ ÜRÜNLERİ"},{"id":"8194","key":"en-çok-satan-10","value":"En Çok Satan 10 "},{"id":"27171","key":"day4flashsale","value":"Day4FlashSale"},{"id":"27172","key":"day5flashsale","value":"Day5FlashSale"},{"id":"1599","key":"fondöten","value":"FONDÖTEN"}]},"texture":null,"undertone":[{"key":"cool-undertone","value":"cool_undertone"},{"key":"warm-undertone","value":"warm_undertone"}],"unit_of_measure":null,"unit_size":null,"unit_size_formatted":null,"upc":"020714755966","vto":{"is_color_experience":null,"is_foundation_experience":null}},{"color_family":[{"key":"very-fair-color","value":"very_fair_color"}],"coverage_options":null,"cross_sell":null,"display_status":7,"finish":[{"key":"matte-finish","value":"matte_finish"},{"key":"natural-finish","value":"natural_finish"}],"finish_options":[{"key":"matte-finish","value":"matte_finish"},{"key":"natural-finish","value":"natural_finish"}],"fragrances":[{"family":null,"key":null,"value":null}],"iln_listing":null,"iln_version_number":null,"inventory_status":"Active","is_active":true,"is_coming_soon":null,"is_default_sku":false,"is_discountable":true,"is_displayable":null,"is_engravable":null,"is_fragrance":null,"is_giftable":null,"is_giftwrap":false,"is_inactive":null,"is_multi_shaded":null,"is_out_of_stock":null,"is_preorder":false,"is_preorderable":null,"is_promotional":null,"is_replenishable":false,"is_search_suppressed":null,"is_searchable":true,"is_shaded":null,"is_sized":null,"is_sold_out":null,"is_under_weight_hazmat":false,"is_vto_enabled":null,"life_of_product":"Basic Reorder","material_code":"ZGH6070001","media":{"large":[{"alt":"Beyond Perfecting Pudra Fondöten ve Kapatıcı","height":1200,"position":1,"src":"/media/export/cms/products/1200x1500/cl_sku_ZGH607_1200x1500_0.png","type":"image","width":1500}],"medium":[{"alt":"Beyond Perfecting Pudra Fondöten ve Kapatıcı","height":600,"position":2,"src":"/media/export/cms/products/600x750/cl_sku_ZGH607_600x750_0.png","type":"image","width":750}],"model":null,"poster":null,"small":[{"alt":"Beyond Perfecting Pudra Fondöten ve Kapatıcı","height":1200,"position":3,"src":"/media/export/cms/products/1200x1500/cl_sku_ZGH607_1200x1500_0.png","type":"image","width":1500}],"smoosh":[{"alt":"Beyond Perfecting Pudra Fondöten ve Kapatıcı","height":1200,"position":0,"src":"/media/export/cms/products/1200x1500/swatches_v3/02_ns_ng.png","type":"image","width":1500}],"xl":null},"out_of_stock_threshold":null,"perlgem":{"SKU_BASE_ID":65447},"preorder_date":null,"prices":[{"currency":"TRY","exclude_tax":{"original_price":310,"original_price_formatted":"310.00 TL","price":310,"price_formatted":"310.00 TL","price_per_unit":null,"price_per_unit_formatted":""},"include_tax":{"original_price":310,"original_price_formatted":"310.00 TL","price":310,"price_formatted":"310.00 TL","price_per_unit":null,"price_per_unit_formatted":""},"is_discounted":false}],"purchase_limit":null,"replenishment":{"message":null},"reviews":{"average_rating":null,"number_of_questions":null,"number_of_reviews":null},"set_components":null,"shade_groups":null,"shades":[{"description":"","hex_val":"#c79877","image":{"height":null,"src":"","width":null},"name":"07 Cream Chamois","smoosh_design":{"group_id":null,"name":"02::none::none"}}],"sizes":[{"key":1,"value":"14.5 g"}],"skin":{"tone":null,"type":[{"key":"dry-skintype","value":"dry_skintype"},{"key":"oily-skintype","value":"oily_skintype"}],"type_description":null},"sku_badge":null,"sku_badge_image":null,"sku_display_order":6,"sku_id":"ZGH607","sku_promo_messaging":null,"sku_type":"SE","sku_url":null,"tags":{"total":8,"items":[{"id":"13562","key":"yeni̇-yil-makyaj","value":"YENİ YIL MAKYAJ"},{"id":"1607","key":"pudra","value":"PUDRA"},{"id":"12537","key":"çok-satan-makyaj-ürünleri̇","value":"ÇOK SATAN MAKYAJ ÜRÜNLERİ"},{"id":"1592","key":"makyaj","value":"MAKYAJ"},{"id":"27171","key":"day4flashsale","value":"Day4FlashSale"},{"id":"27172","key":"day5flashsale","value":"Day5FlashSale"},{"id":"1599","key":"fondöten","value":"FONDÖTEN"},{"id":"27174","key":"day7flashsale","value":"Day7FlashSale"}]},"texture":null,"undertone":[{"key":"cool-undertone","value":"cool_undertone"},{"key":"warm-undertone","value":"warm_undertone"}],"unit_of_measure":null,"unit_size":null,"unit_size_formatted":null,"upc":"020714755973","vto":{"is_color_experience":null,"is_foundation_experience":null}},{"color_family":[{"key":"fair-color","value":"fair_color"}],"coverage_options":null,"cross_sell":null,"display_status":7,"finish":[{"key":"matte-finish","value":"matte_finish"},{"key":"natural-finish","value":"natural_finish"}],"finish_options":[{"key":"matte-finish","value":"matte_finish"},{"key":"natural-finish","value":"natural_finish"}],"fragrances":[{"family":null,"key":null,"value":null}],"iln_listing":null,"iln_version_number":null,"inventory_status":"Active","is_active":true,"is_coming_soon":null,"is_default_sku":false,"is_discountable":true,"is_displayable":null,"is_engravable":null,"is_fragrance":null,"is_giftable":null,"is_giftwrap":false,"is_inactive":null,"is_multi_shaded":null,"is_out_of_stock":null,"is_preorder":false,"is_preorderable":null,"is_promotional":null,"is_replenishable":false,"is_search_suppressed":null,"is_searchable":true,"is_shaded":null,"is_sized":null,"is_sold_out":null,"is_under_weight_hazmat":false,"is_vto_enabled":null,"life_of_product":"Basic Reorder","material_code":"ZGH6090001","media":{"large":[{"alt":"Beyond Perfecting Pudra Fondöten ve Kapatıcı","height":1200,"position":1,"src":"/media/export/cms/products/1200x1500/cl_sku_ZGH609_1200x1500_0.png","type":"image","width":1500}],"medium":[{"alt":"Beyond Perfecting Pudra Fondöten ve Kapatıcı","height":600,"position":2,"src":"/media/export/cms/products/600x750/cl_sku_ZGH609_600x750_0.png","type":"image","width":750}],"model":null,"poster":null,"small":[{"alt":"Beyond Perfecting Pudra Fondöten ve Kapatıcı","height":1200,"position":3,"src":"/media/export/cms/products/1200x1500/cl_sku_ZGH609_1200x1500_0.png","type":"image","width":1500}],"smoosh":[{"alt":"Beyond Perfecting Pudra Fondöten ve Kapatıcı","height":1200,"position":0,"src":"/media/export/cms/products/1200x1500/swatches_v3/02_ns_ng.png","type":"image","width":1500}],"xl":null},"out_of_stock_threshold":null,"perlgem":{"SKU_BASE_ID":65499},"preorder_date":null,"prices":[{"currency":"TRY","exclude_tax":{"original_price":310,"original_price_formatted":"310.00 TL","price":310,"price_formatted":"310.00 TL","price_per_unit":null,"price_per_unit_formatted":""},"include_tax":{"original_price":310,"original_price_formatted":"310.00 TL","price":310,"price_formatted":"310.00 TL","price_per_unit":null,"price_per_unit_formatted":""},"is_discounted":false}],"purchase_limit":null,"replenishment":{"message":null},"reviews":{"average_rating":null,"number_of_questions":null,"number_of_reviews":null},"set_components":null,"shade_groups":null,"shades":[{"description":"","hex_val":"#bc8d69","image":{"height":null,"src":"","width":null},"name":"09 Neutral","smoosh_design":{"group_id":null,"name":"02::none::none"}}],"sizes":[{"key":1,"value":"14.5 g"}],"skin":{"tone":null,"type":[{"key":"dry-skintype","value":"dry_skintype"},{"key":"oily-skintype","value":"oily_skintype"}],"type_description":null},"sku_badge":null,"sku_badge_image":null,"sku_display_order":8,"sku_id":"ZGH609","sku_promo_messaging":null,"sku_type":"SE","sku_url":null,"tags":{"total":7,"items":[{"id":"1607","key":"pudra","value":"PUDRA"},{"id":"12537","key":"çok-satan-makyaj-ürünleri̇","value":"ÇOK SATAN MAKYAJ ÜRÜNLERİ"},{"id":"1592","key":"makyaj","value":"MAKYAJ"},{"id":"27171","key":"day4flashsale","value":"Day4FlashSale"},{"id":"27172","key":"day5flashsale","value":"Day5FlashSale"},{"id":"1599","key":"fondöten","value":"FONDÖTEN"},{"id":"27174","key":"day7flashsale","value":"Day7FlashSale"}]},"texture":null,"undertone":[{"key":"cool-undertone","value":"cool_undertone"},{"key":"warm-undertone","value":"warm_undertone"}],"unit_of_measure":null,"unit_size":null,"unit_size_formatted":null,"upc":"020714755997","vto":{"is_color_experience":null,"is_foundation_experience":null}}]},"sub_display_name":null,"sub_header":null,"tags":{"total":10,"items":[{"id":"13568","key":"249-tl-ve-alti-ci̇lt-bakimmakyajparfüm-setleri̇","parent_tag_id":"13561","product_display_order":0,"value":"249 TL VE ALTI CİLT BAKIM&MAKYAJ&PARFÜM SETLERİ"},{"id":"13562","key":"yeni̇-yil-makyaj","parent_tag_id":"13561","product_display_order":0,"value":"YENİ YIL MAKYAJ"},{"id":"1607","key":"pudra","parent_tag_id":"1592","product_display_order":1,"value":"PUDRA"},{"id":"12537","key":"çok-satan-makyaj-ürünleri̇","parent_tag_id":"1592","product_display_order":1,"value":"ÇOK SATAN MAKYAJ ÜRÜNLERİ"},{"id":"1592","key":"makyaj","parent_tag_id":null,"product_display_order":100,"value":"MAKYAJ"},{"id":"8194","key":"en-çok-satan-10","parent_tag_id":null,"product_display_order":0,"value":"En Çok Satan 10 "},{"id":"27171","key":"day4flashsale","parent_tag_id":"1590","product_display_order":0,"value":"Day4FlashSale"},{"id":"27172","key":"day5flashsale","parent_tag_id":"1590","product_display_order":66,"value":"Day5FlashSale"},{"id":"1599","key":"fondöten","parent_tag_id":"1592","product_display_order":24,"value":"FONDÖTEN"},{"id":"27174","key":"day7flashsale","parent_tag_id":"1590","product_display_order":0,"value":"Day7FlashSale"}]},"usage":[{"content":"İhtiyaç olan bölgeye uygulayın veya tüm yüze uygulamak için öncelikle yüzünüzün ortasından başlayın ve dışa dogru yayarak uygulayın. Sünger tarafını daha şeffaf kapatıcılık için kullanabilirsiniz, kadifemsi bir doku yaratır. Daha yoğun kapatıcılık için bölgesel dokunuşlarda fazla miktarda uygulayın.","label":"PRODUCT USAGE","type":"product_usage"},{"content":null,"label":"HOW DOES IT WORK","type":"how_does_it_work"},{"content":null,"label":"WHO IT IS FOR","type":"who_it_is_for"},{"content":null,"label":"GREAT TO KNOW","type":"great_to_know"},{"content":null,"label":"WHAT_IT_DOES","type":"what_it_does"},{"content":"<P>Full kapatıcılık, hafif nefes aldıran dokusu sayesinde ciltte rahatsızlık vermeden tüm gün kapatıcılık sağlar. Gün boyu kalıcıdır. Tüm yüze uygulamaya veya noktasal uygulamaya uygun özel aplikatör ile istediğiniz zaman pudra ve fondöten olarak tüm yüzünüze uygulayabilirsiniz.</P><P>&nbsp;</P>","label":"WHAT_IT_IS","type":"what_it_is"}],"objectID":"37389"},{"benefit":{"statement":null,"benefits":null},"brand":null,"collection":[{"key":"clinique-smart-collection","value":"clinique_smart_collection"}],"coverage":null,"cross_sell":[{"sku_id":"Z51201","sort_key":1},{"sku_id":"Z75Y01","sort_key":2},{"sku_id":"Z4KL01","sort_key":3},{"sku_id":"6AL901","sort_key":4},{"sku_id":"60MK01","sort_key":5}],"default_category":{"id":"1687","key":"yüz-nemlendi̇ri̇ci̇"},"description":"<P>Akıllı teknolojisi sayesinde zararlı UV ışınlarına karşı korumada ilk adım olarak önerilir. Aynı zamanda çizgi, kırışıklık, donukluk görünümü ve esneklik kaybı gibi birden fazla endişenin görünen etkileri bakımından fark yaratmaya yardımcı olur. Görünen kırışıklıkların azalmasına ve cildin daha gergin gözükmesine yardımcı olur. Vitamin C ve Ergothioneine ile birlikte aydınlatıcı bitkiler Dianella Ensifolia ve Scutellaria Baicelensis Root Özü koyu leke görünümünü ve cilt renk tonu eşitsizliğini azaltmaya ve daha eşit renk tonlu bir cilt yaratmaya yardımcı olur.</P><P>&nbsp;</P>","display_mode":null,"display_name":"Smart SPF 15 Akıllı Onarım Gündüz Nemlendiricisi","display_status":7,"finish":null,"form":[{"key":"cream-form","value":"cream_form"}],"formula_type":null,"fragrance_family":null,"indexable_keywords":null,"is_hazmat":false,"is_product_coming_soon":null,"is_product_displayable":true,"is_product_searchable":true,"is_product_shoppable":true,"is_product_sold_out":null,"is_product_temporarily_out_of_stock":null,"is_search_suppressed":null,"key_ingredient":null,"media":{"large":null,"medium":null,"poster":null,"small":null,"videos":[{"position":null,"poster":{"height":null,"src":null,"width":null},"provider":null,"src":null},{"position":null,"poster":{"height":null,"src":null,"width":null},"provider":null,"src":null},{"position":null,"poster":{"height":null,"src":null,"width":null},"provider":null,"src":null}],"xl":null},"meta":{"description":null,"keywords":null},"parent_category":[{"id":"1687","value":"YÜZ NEMLENDİRİCİ"},{"id":"1667","value":"CİLT BAKIMI"}],"product_badge":null,"product_id":"37483","product_title_tag":null,"product_type":"Sized","product_url":"/product/1687/37483/cilt-bakimi/yuz-nemlendirici/smart-spf-15-akll-onarm-gunduz-nemlendiricisi","reviews":{"average_rating":5,"number_of_questions":null,"number_of_reviews":4},"shade_groups":null,"short_description":null,"skin":{"concern":[{"key":"anti-aging-concern","value":"anti_aging_concern"}]},"skin_goal":null,"skus":{"total":2,"items":[{"color_family":null,"coverage_options":null,"cross_sell":null,"display_status":7,"finish":null,"finish_options":null,"fragrances":[{"family":null,"key":null,"value":null}],"iln_listing":null,"iln_version_number":null,"inventory_status":"Active","is_active":true,"is_coming_soon":null,"is_default_sku":true,"is_discountable":true,"is_displayable":null,"is_engravable":null,"is_fragrance":null,"is_giftable":null,"is_giftwrap":false,"is_inactive":null,"is_multi_shaded":null,"is_out_of_stock":null,"is_preorder":false,"is_preorderable":null,"is_promotional":null,"is_replenishable":false,"is_search_suppressed":null,"is_searchable":true,"is_shaded":null,"is_sized":null,"is_sold_out":null,"is_under_weight_hazmat":false,"is_vto_enabled":null,"life_of_product":"Basic Reorder","material_code":"ZAC6010000","media":{"large":[{"alt":"Smart SPF 15 Akıllı Onarım Gündüz Nemlendiricisi","height":1200,"position":0,"src":"/media/export/cms/products/1200x1500/cl_sku_ZAC601_1200x1500_0.png","type":"image","width":1500}],"medium":[{"alt":"Smart SPF 15 Akıllı Onarım Gündüz Nemlendiricisi","height":600,"position":1,"src":"/media/export/cms/products/600x750/cl_sku_ZAC601_600x750_0.png","type":"image","width":750}],"model":null,"poster":null,"small":[{"alt":"Smart SPF 15 Akıllı Onarım Gündüz Nemlendiricisi","height":1200,"position":2,"src":"/media/export/cms/products/1200x1500/cl_sku_ZAC601_1200x1500_0.png","type":"image","width":1500}],"smoosh":null,"xl":null},"out_of_stock_threshold":null,"perlgem":{"SKU_BASE_ID":65976},"preorder_date":null,"prices":[{"currency":"TRY","exclude_tax":{"original_price":369,"original_price_formatted":"369.00 TL","price":369,"price_formatted":"369.00 TL","price_per_unit":null,"price_per_unit_formatted":""},"include_tax":{"original_price":369,"original_price_formatted":"369.00 TL","price":369,"price_formatted":"369.00 TL","price_per_unit":null,"price_per_unit_formatted":""},"is_discounted":false}],"purchase_limit":null,"replenishment":{"message":null},"reviews":{"average_rating":null,"number_of_questions":null,"number_of_reviews":null},"set_components":null,"shade_groups":null,"shades":null,"sizes":[{"key":1,"value":"30 ml - Karma/Yağlı"}],"skin":{"tone":null,"type":null,"type_description":null},"sku_badge":null,"sku_badge_image":null,"sku_display_order":1,"sku_id":"ZAC601","sku_promo_messaging":null,"sku_type":"SE","sku_url":null,"tags":{"total":12,"items":[{"id":"1687","key":"yüz-nemlendi̇ri̇ci̇","value":"YÜZ NEMLENDİRİCİ"},{"id":"2644","key":"alışverişi-tamamla","value":"Alışverişi Tamamla"},{"id":"1675","key":"koruma-önleme","value":"Koruma & Önleme"},{"id":"4323","key":"yeni̇-ürünler","value":"YENİ ÜRÜNLER"},{"id":"4034","key":"yüz-serumlari","value":"YÜZ SERUMLARI"},{"id":"13563","key":"yeni̇-yil-ci̇lt-bakimi","value":"YENİ YIL CİLT BAKIMI"},{"id":"13569","key":"99-tl-ve-alti-ci̇lt-bakimmakyajparfüm-setleri̇","value":"99 TL VE ALTI CİLT BAKIM&MAKYAJ&PARFÜM SETLERİ"},{"id":"17859","key":"çok-satanlar","value":"ÇOK SATANLAR"},{"id":"1980","key":"yaşlanma-karşıtı","value":"Yaşlanma Karşıtı"},{"id":"1628","key":"-evde-bakim","value":"# EVDE BAKIM"},{"id":"1590","key":"i̇ndi̇ri̇mli̇-ürünler","value":"İNDİRİMLİ ÜRÜNLER"},{"id":"1667","key":"ci̇lt-bakimi","value":"CİLT BAKIMI"}]},"texture":null,"undertone":null,"unit_of_measure":null,"unit_size":null,"unit_size_formatted":null,"upc":"020714719708","vto":{"is_color_experience":null,"is_foundation_experience":null}},{"color_family":null,"coverage_options":null,"cross_sell":null,"display_status":3,"finish":null,"finish_options":null,"fragrances":[{"family":null,"key":null,"value":null}],"iln_listing":null,"iln_version_number":null,"inventory_status":"Active","is_active":true,"is_coming_soon":null,"is_default_sku":false,"is_discountable":true,"is_displayable":null,"is_engravable":null,"is_fragrance":null,"is_giftable":null,"is_giftwrap":false,"is_inactive":null,"is_multi_shaded":null,"is_out_of_stock":null,"is_preorder":false,"is_preorderable":null,"is_promotional":null,"is_replenishable":false,"is_search_suppressed":null,"is_searchable":true,"is_shaded":null,"is_sized":null,"is_sold_out":null,"is_under_weight_hazmat":false,"is_vto_enabled":null,"life_of_product":"Basic Reorder","material_code":"ZAC3010000","media":{"large":[{"alt":"Smart SPF 15 Akıllı Onarım Gündüz Nemlendiricisi","height":1200,"position":0,"src":"/media/export/cms/products/1200x1500/cl_sku_ZAC301_1200x1500_0.png","type":"image","width":1500}],"medium":[{"alt":"Smart SPF 15 Akıllı Onarım Gündüz Nemlendiricisi","height":600,"position":1,"src":"/media/export/cms/products/600x750/cl_sku_ZAC301_600x750_0.png","type":"image","width":750}],"model":null,"poster":null,"small":[{"alt":"Smart SPF 15 Akıllı Onarım Gündüz Nemlendiricisi","height":1200,"position":2,"src":"/media/export/cms/products/1200x1500/cl_sku_ZAC301_1200x1500_0.png","type":"image","width":1500}],"smoosh":null,"xl":null},"out_of_stock_threshold":null,"perlgem":{"SKU_BASE_ID":65973},"preorder_date":null,"prices":[{"currency":"TRY","exclude_tax":{"original_price":369,"original_price_formatted":"369.00 TL","price":369,"price_formatted":"369.00 TL","price_per_unit":null,"price_per_unit_formatted":""},"include_tax":{"original_price":369,"original_price_formatted":"369.00 TL","price":369,"price_formatted":"369.00 TL","price_per_unit":null,"price_per_unit_formatted":""},"is_discounted":false}],"purchase_limit":null,"replenishment":{"message":null},"reviews":{"average_rating":null,"number_of_questions":null,"number_of_reviews":null},"set_components":null,"shade_groups":null,"shades":null,"sizes":[{"key":1,"value":"30 ml - Kuru"}],"skin":{"tone":null,"type":null,"type_description":null},"sku_badge":null,"sku_badge_image":null,"sku_display_order":1,"sku_id":"ZAC301","sku_promo_messaging":null,"sku_type":"SE","sku_url":null,"tags":{"total":8,"items":[{"id":"1687","key":"yüz-nemlendi̇ri̇ci̇","value":"YÜZ NEMLENDİRİCİ"},{"id":"2644","key":"alışverişi-tamamla","value":"Alışverişi Tamamla"},{"id":"1675","key":"koruma-önleme","value":"Koruma & Önleme"},{"id":"4323","key":"yeni̇-ürünler","value":"YENİ ÜRÜNLER"},{"id":"13563","key":"yeni̇-yil-ci̇lt-bakimi","value":"YENİ YIL CİLT BAKIMI"},{"id":"17859","key":"çok-satanlar","value":"ÇOK SATANLAR"},{"id":"1980","key":"yaşlanma-karşıtı","value":"Yaşlanma Karşıtı"},{"id":"1628","key":"-evde-bakim","value":"# EVDE BAKIM"}]},"texture":null,"undertone":null,"unit_of_measure":null,"unit_size":null,"unit_size_formatted":null,"upc":"020714719685","vto":{"is_color_experience":null,"is_foundation_experience":null}}]},"sub_display_name":null,"sub_header":null,"tags":{"total":18,"items":[{"id":"1687","key":"yüz-nemlendi̇ri̇ci̇","parent_tag_id":"1667","product_display_order":132,"value":"YÜZ NEMLENDİRİCİ"},{"id":"2644","key":"alışverişi-tamamla","parent_tag_id":null,"product_display_order":0,"value":"Alışverişi Tamamla"},{"id":"1675","key":"koruma-önleme","parent_tag_id":"1674","product_display_order":1,"value":"Koruma & Önleme"},{"id":"4323","key":"yeni̇-ürünler","parent_tag_id":null,"product_display_order":369,"value":"YENİ ÜRÜNLER"},{"id":"4034","key":"yüz-serumlari","parent_tag_id":"1667","product_display_order":1,"value":"YÜZ SERUMLARI"},{"id":"13563","key":"yeni̇-yil-ci̇lt-bakimi","parent_tag_id":"13561","product_display_order":1,"value":"YENİ YIL CİLT BAKIMI"},{"id":"1674","key":"yaşlanma-karşıtı-bakım","parent_tag_id":"1667","product_display_order":0,"value":"Yaşlanma Karşıtı Bakım"},{"id":"1575","key":"en-çok-satanlar","parent_tag_id":null,"product_display_order":99,"value":"En Çok Satanlar"},{"id":"13051","key":"skin-care-best-sellers","parent_tag_id":"1667","product_display_order":0,"value":"Skin Care Best Sellers"},{"id":"13569","key":"99-tl-ve-alti-ci̇lt-bakimmakyajparfüm-setleri̇","parent_tag_id":"13561","product_display_order":0,"value":"99 TL VE ALTI CİLT BAKIM&MAKYAJ&PARFÜM SETLERİ"},{"id":"27172","key":"day5flashsale","parent_tag_id":"1590","product_display_order":9,"value":"Day5FlashSale"},{"id":"1676","key":"724-onarım","parent_tag_id":"1674","product_display_order":0,"value":"7/24 Onarım"},{"id":"16320","key":"clinique-smart","parent_tag_id":"1667","product_display_order":0,"value":"Clinique Smart"},{"id":"17859","key":"çok-satanlar","parent_tag_id":null,"product_display_order":39,"value":"ÇOK SATANLAR"},{"id":"1980","key":"yaşlanma-karşıtı","parent_tag_id":"1674","product_display_order":1,"value":"Yaşlanma Karşıtı"},{"id":"1628","key":"-evde-bakim","parent_tag_id":null,"product_display_order":108,"value":"# EVDE BAKIM"},{"id":"1590","key":"i̇ndi̇ri̇mli̇-ürünler","parent_tag_id":null,"product_display_order":0,"value":"İNDİRİMLİ ÜRÜNLER"},{"id":"1667","key":"ci̇lt-bakimi","parent_tag_id":null,"product_display_order":107,"value":"CİLT BAKIMI"}]},"usage":[{"content":"<P>Kişiye özel 3-Adımlı Cilt Bakım Sistemi'nden sonra, günde 2 kez göz çevresi hariç uygulayın. En iyi sonuç için, her zaman güneş koruması kullanın.</P>","label":"PRODUCT USAGE","type":"product_usage"},{"content":null,"label":"HOW DOES IT WORK","type":"how_does_it_work"},{"content":null,"label":"WHO IT IS FOR","type":"who_it_is_for"},{"content":null,"label":"GREAT TO KNOW","type":"great_to_know"},{"content":null,"label":"WHAT_IT_DOES","type":"what_it_does"},{"content":"<P>Akıllı teknolojisi sayesinde zararlı UV ışınlarına karşı korumada ilk adım olarak önerilir. Aynı zamanda çizgi, kırışıklık, donukluk görünümü ve esneklik kaybı gibi birden fazla endişenin görünen etkileri bakımından fark yaratmaya yardımcı olur. Görünen kırışıklıkların azalmasına ve cildin daha gergin gözükmesine yardımcı olur. Vitamin C ve Ergothioneine ile birlikte aydınlatıcı bitkiler Dianella Ensifolia ve Scutellaria Baicelensis Root Özü koyu leke görünümünü ve cilt renk tonu eşitsizliğini azaltmaya ve daha eşit renk tonlu bir cilt yaratmaya yardımcı olur.</P><P>&nbsp;</P>","label":"WHAT_IT_IS","type":"what_it_is"}],"objectID":"37483"},{"benefit":{"statement":null,"benefits":null},"brand":null,"collection":null,"coverage":null,"cross_sell":null,"default_category":{"id":"1578","key":"kadin-parfüm"},"description":"<P>Siyahın sonsuz gizemi. Kıymetli Laden reçinesi, lezzetli meyve notaları&nbsp; ve egzotik çiçek akorlarıyla buluşarak sizi gizemli ve baştan çıkarıcı&nbsp; bir serüvene davet ediyor.</P>","display_mode":null,"display_name":"Aromatics in Black Kadın Parfüm EDP","display_status":7,"finish":null,"form":null,"formula_type":null,"fragrance_family":[{"key":"floral-fragrance","value":"floral_fragrance"},{"key":"citrus-fragrance","value":"citrus_fragrance"}],"indexable_keywords":null,"is_hazmat":false,"is_product_coming_soon":null,"is_product_displayable":true,"is_product_searchable":true,"is_product_shoppable":true,"is_product_sold_out":null,"is_product_temporarily_out_of_stock":null,"is_search_suppressed":null,"key_ingredient":null,"media":{"large":null,"medium":null,"poster":null,"small":null,"videos":[{"position":null,"poster":{"height":null,"src":null,"width":null},"provider":null,"src":null},{"position":null,"poster":{"height":null,"src":null,"width":null},"provider":null,"src":null},{"position":null,"poster":{"height":null,"src":null,"width":null},"provider":null,"src":null}],"xl":null},"meta":{"description":null,"keywords":null},"parent_category":[{"id":"1578","value":"KADIN PARFÜM"},{"id":"1577","value":"PARFÜM"}],"product_badge":null,"product_id":"37671","product_title_tag":null,"product_type":"Sized","product_url":"/product/1578/37671/parfum/kadin-parfum/aromatics-in-black-kadn-parfum-edp","reviews":{"average_rating":3.4,"number_of_questions":null,"number_of_reviews":9},"shade_groups":null,"short_description":"<P style=\"MARGIN: 0cm 0cm 0pt\" class=MsoNormal><SPAN style=\"FONT-SIZE: 12pt; mso-fareast-language: TR\"><FONT face=Calibri>Siyahın sonsuz gizemi.<?xml:namespace prefix = o ns = \"urn:schemas-microsoft-com:office:office\" /><o:p></o:p></FONT></SPAN></P>","skin":null,"skin_goal":null,"skus":{"total":2,"items":[{"color_family":null,"coverage_options":null,"cross_sell":null,"display_status":7,"finish":null,"finish_options":null,"fragrances":[{"family":null,"key":null,"value":null}],"iln_listing":null,"iln_version_number":null,"inventory_status":"Active","is_active":true,"is_coming_soon":null,"is_default_sku":false,"is_discountable":true,"is_displayable":null,"is_engravable":null,"is_fragrance":null,"is_giftable":null,"is_giftwrap":false,"is_inactive":null,"is_multi_shaded":null,"is_out_of_stock":null,"is_preorder":false,"is_preorderable":null,"is_promotional":null,"is_replenishable":false,"is_search_suppressed":null,"is_searchable":true,"is_shaded":null,"is_sized":null,"is_sold_out":null,"is_under_weight_hazmat":false,"is_vto_enabled":null,"life_of_product":"Basic Reorder","material_code":"ZJ4R010000","media":{"large":[{"alt":"Aromatics in Black Kadın Parfüm EDP","height":1200,"position":0,"src":"/media/export/cms/products/1200x1500/cl_sku_ZJ4R01_1200x1500_0.png","type":"image","width":1500}],"medium":[{"alt":"Aromatics in Black Kadın Parfüm EDP","height":600,"position":1,"src":"/media/export/cms/products/600x750/cl_sku_ZJ4R01_600x750_0.png","type":"image","width":750}],"model":null,"poster":null,"small":[{"alt":"Aromatics in Black Kadın Parfüm EDP","height":1200,"position":2,"src":"/media/export/cms/products/1200x1500/cl_sku_ZJ4R01_1200x1500_0.png","type":"image","width":1500}],"smoosh":null,"xl":null},"out_of_stock_threshold":null,"perlgem":{"SKU_BASE_ID":65962},"preorder_date":null,"prices":[{"currency":"TRY","exclude_tax":{"original_price":599,"original_price_formatted":"599.00 TL","price":599,"price_formatted":"599.00 TL","price_per_unit":null,"price_per_unit_formatted":""},"include_tax":{"original_price":599,"original_price_formatted":"599.00 TL","price":599,"price_formatted":"599.00 TL","price_per_unit":null,"price_per_unit_formatted":""},"is_discounted":false}],"purchase_limit":null,"replenishment":{"message":null},"reviews":{"average_rating":null,"number_of_questions":null,"number_of_reviews":null},"set_components":null,"shade_groups":null,"shades":null,"sizes":[{"key":1,"value":"50 ml"}],"skin":{"tone":null,"type":null,"type_description":null},"sku_badge":null,"sku_badge_image":null,"sku_display_order":0,"sku_id":"ZJ4R01","sku_promo_messaging":null,"sku_type":"SE","sku_url":null,"tags":{"total":19,"items":[{"id":"13568","key":"249-tl-ve-alti-ci̇lt-bakimmakyajparfüm-setleri̇","value":"249 TL VE ALTI CİLT BAKIM&MAKYAJ&PARFÜM SETLERİ"},{"id":"13564","key":"yeni̇-yil-parfüm","value":"YENİ YIL PARFÜM"},{"id":"4323","key":"yeni̇-ürünler","value":"YENİ ÜRÜNLER"},{"id":"13567","key":"499-tl-ve-alti-ci̇lt-bakimmakyajparfüm-setleri̇","value":"499 TL VE ALTI CİLT BAKIM&MAKYAJ&PARFÜM SETLERİ"},{"id":"2644","key":"alışverişi-tamamla","value":"Alışverişi Tamamla"},{"id":"9420","key":"hotlists","value":"hotlists"},{"id":"13770","key":"recommended-clinique-favourites","value":"Recommended Clinique Favourites"},{"id":"1584","key":"hedi̇yeler-setler","value":"HEDİYELER & SETLER"},{"id":"1578","key":"kadin-parfüm","value":"KADIN PARFÜM"},{"id":"27174","key":"day7flashsale","value":"Day7FlashSale"},{"id":"15859","key":"aromatics-in-black","value":"AROMATICS IN BLACK"},{"id":"12523","key":"çok-satan-parfüm-ürünleri̇","value":"ÇOK SATAN PARFÜM ÜRÜNLERİ"},{"id":"27170","key":"day3flashsale","value":"Day3FlashSale"},{"id":"16422","key":"gifts","value":"Gifts"},{"id":"15858","key":"aromatics-in-white","value":"AROMATICS IN WHITE"},{"id":"13561","key":"yeni̇-yil-buti̇ği̇","value":"YENİ YIL BUTİĞİ"},{"id":"27172","key":"day5flashsale","value":"Day5FlashSale"},{"id":"17859","key":"çok-satanlar","value":"ÇOK SATANLAR"},{"id":"1577","key":"parfüm","value":"PARFÜM"}]},"texture":null,"undertone":null,"unit_of_measure":null,"unit_size":null,"unit_size_formatted":null,"upc":"020714769994","vto":{"is_color_experience":null,"is_foundation_experience":null}},{"color_family":null,"coverage_options":null,"cross_sell":null,"display_status":7,"finish":null,"finish_options":null,"fragrances":[{"family":null,"key":null,"value":null}],"iln_listing":null,"iln_version_number":null,"inventory_status":"Active","is_active":true,"is_coming_soon":null,"is_default_sku":false,"is_discountable":true,"is_displayable":null,"is_engravable":null,"is_fragrance":null,"is_giftable":null,"is_giftwrap":false,"is_inactive":null,"is_multi_shaded":null,"is_out_of_stock":null,"is_preorder":false,"is_preorderable":null,"is_promotional":null,"is_replenishable":false,"is_search_suppressed":null,"is_searchable":true,"is_shaded":null,"is_sized":null,"is_sold_out":null,"is_under_weight_hazmat":false,"is_vto_enabled":null,"life_of_product":"Basic Reorder","material_code":"ZJ4P010000","media":{"large":[{"alt":"Aromatics in Black Kadın Parfüm EDP","height":1200,"position":0,"src":"/media/export/cms/products/1200x1500/cl_sku_ZJ4P01_1200x1500_0.png","type":"image","width":1500}],"medium":[{"alt":"Aromatics in Black Kadın Parfüm EDP","height":600,"position":1,"src":"/media/export/cms/products/600x750/cl_sku_ZJ4P01_600x750_0.png","type":"image","width":750}],"model":null,"poster":null,"small":[{"alt":"Aromatics in Black Kadın Parfüm EDP","height":1200,"position":2,"src":"/media/export/cms/products/1200x1500/cl_sku_ZJ4P01_1200x1500_0.png","type":"image","width":1500}],"smoosh":null,"xl":null},"out_of_stock_threshold":null,"perlgem":{"SKU_BASE_ID":65964},"preorder_date":null,"prices":[{"currency":"TRY","exclude_tax":{"original_price":769,"original_price_formatted":"769.00 TL","price":769,"price_formatted":"769.00 TL","price_per_unit":null,"price_per_unit_formatted":""},"include_tax":{"original_price":769,"original_price_formatted":"769.00 TL","price":769,"price_formatted":"769.00 TL","price_per_unit":null,"price_per_unit_formatted":""},"is_discounted":false}],"purchase_limit":null,"replenishment":{"message":null},"reviews":{"average_rating":null,"number_of_questions":null,"number_of_reviews":null},"set_components":null,"shade_groups":null,"shades":null,"sizes":[{"key":1,"value":"100 ml"}],"skin":{"tone":null,"type":null,"type_description":null},"sku_badge":null,"sku_badge_image":null,"sku_display_order":0,"sku_id":"ZJ4P01","sku_promo_messaging":null,"sku_type":"SE","sku_url":null,"tags":{"total":19,"items":[{"id":"13564","key":"yeni̇-yil-parfüm","value":"YENİ YIL PARFÜM"},{"id":"13566","key":"yeni̇-yil-ci̇lt-bakimmakyajparfüm-setleri̇","value":"YENİ YIL CİLT BAKIM&MAKYAJ&PARFÜM SETLERİ"},{"id":"4323","key":"yeni̇-ürünler","value":"YENİ ÜRÜNLER"},{"id":"13567","key":"499-tl-ve-alti-ci̇lt-bakimmakyajparfüm-setleri̇","value":"499 TL VE ALTI CİLT BAKIM&MAKYAJ&PARFÜM SETLERİ"},{"id":"2644","key":"alışverişi-tamamla","value":"Alışverişi Tamamla"},{"id":"9420","key":"hotlists","value":"hotlists"},{"id":"13770","key":"recommended-clinique-favourites","value":"Recommended Clinique Favourites"},{"id":"1584","key":"hedi̇yeler-setler","value":"HEDİYELER & SETLER"},{"id":"1578","key":"kadin-parfüm","value":"KADIN PARFÜM"},{"id":"27174","key":"day7flashsale","value":"Day7FlashSale"},{"id":"15859","key":"aromatics-in-black","value":"AROMATICS IN BLACK"},{"id":"12523","key":"çok-satan-parfüm-ürünleri̇","value":"ÇOK SATAN PARFÜM ÜRÜNLERİ"},{"id":"27170","key":"day3flashsale","value":"Day3FlashSale"},{"id":"16422","key":"gifts","value":"Gifts"},{"id":"15858","key":"aromatics-in-white","value":"AROMATICS IN WHITE"},{"id":"13561","key":"yeni̇-yil-buti̇ği̇","value":"YENİ YIL BUTİĞİ"},{"id":"27172","key":"day5flashsale","value":"Day5FlashSale"},{"id":"17859","key":"çok-satanlar","value":"ÇOK SATANLAR"},{"id":"1577","key":"parfüm","value":"PARFÜM"}]},"texture":null,"undertone":null,"unit_of_measure":null,"unit_size":null,"unit_size_formatted":null,"upc":"020714769987","vto":{"is_color_experience":null,"is_foundation_experience":null}}]},"sub_display_name":null,"sub_header":null,"tags":{"total":21,"items":[{"id":"13568","key":"249-tl-ve-alti-ci̇lt-bakimmakyajparfüm-setleri̇","parent_tag_id":"13561","product_display_order":0,"value":"249 TL VE ALTI CİLT BAKIM&MAKYAJ&PARFÜM SETLERİ"},{"id":"13564","key":"yeni̇-yil-parfüm","parent_tag_id":"13561","product_display_order":51,"value":"YENİ YIL PARFÜM"},{"id":"13566","key":"yeni̇-yil-ci̇lt-bakimmakyajparfüm-setleri̇","parent_tag_id":"13561","product_display_order":138,"value":"YENİ YIL CİLT BAKIM&MAKYAJ&PARFÜM SETLERİ"},{"id":"4323","key":"yeni̇-ürünler","parent_tag_id":null,"product_display_order":336,"value":"YENİ ÜRÜNLER"},{"id":"13567","key":"499-tl-ve-alti-ci̇lt-bakimmakyajparfüm-setleri̇","parent_tag_id":"13561","product_display_order":98,"value":"499 TL VE ALTI CİLT BAKIM&MAKYAJ&PARFÜM SETLERİ"},{"id":"2644","key":"alışverişi-tamamla","parent_tag_id":null,"product_display_order":0,"value":"Alışverişi Tamamla"},{"id":"9420","key":"hotlists","parent_tag_id":null,"product_display_order":0,"value":"hotlists"},{"id":"13770","key":"recommended-clinique-favourites","parent_tag_id":null,"product_display_order":1,"value":"Recommended Clinique Favourites"},{"id":"1584","key":"hedi̇yeler-setler","parent_tag_id":"1582","product_display_order":0,"value":"HEDİYELER & SETLER"},{"id":"1578","key":"kadin-parfüm","parent_tag_id":"1577","product_display_order":0,"value":"KADIN PARFÜM"},{"id":"27174","key":"day7flashsale","parent_tag_id":"1590","product_display_order":0,"value":"Day7FlashSale"},{"id":"15859","key":"aromatics-in-black","parent_tag_id":"1577","product_display_order":0,"value":"AROMATICS IN BLACK"},{"id":"12523","key":"çok-satan-parfüm-ürünleri̇","parent_tag_id":"1577","product_display_order":0,"value":"ÇOK SATAN PARFÜM ÜRÜNLERİ"},{"id":"27170","key":"day3flashsale","parent_tag_id":"1590","product_display_order":0,"value":"Day3FlashSale"},{"id":"16422","key":"gifts","parent_tag_id":"1585","product_display_order":14,"value":"Gifts"},{"id":"17432","key":"minis","parent_tag_id":"16370","product_display_order":34,"value":"Minis"},{"id":"15858","key":"aromatics-in-white","parent_tag_id":"1577","product_display_order":0,"value":"AROMATICS IN WHITE"},{"id":"13561","key":"yeni̇-yil-buti̇ği̇","parent_tag_id":null,"product_display_order":1,"value":"YENİ YIL BUTİĞİ"},{"id":"27172","key":"day5flashsale","parent_tag_id":"1590","product_display_order":121,"value":"Day5FlashSale"},{"id":"17859","key":"çok-satanlar","parent_tag_id":null,"product_display_order":114,"value":"ÇOK SATANLAR"},{"id":"1577","key":"parfüm","parent_tag_id":null,"product_display_order":1,"value":"PARFÜM"}]},"usage":[{"content":null,"label":"PRODUCT USAGE","type":"product_usage"},{"content":null,"label":"HOW DOES IT WORK","type":"how_does_it_work"},{"content":null,"label":"WHO IT IS FOR","type":"who_it_is_for"},{"content":null,"label":"GREAT TO KNOW","type":"great_to_know"},{"content":null,"label":"WHAT_IT_DOES","type":"what_it_does"},{"content":"<P>Siyahın sonsuz gizemi. Kıymetli Laden reçinesi, lezzetli meyve notaları&nbsp; ve egzotik çiçek akorlarıyla buluşarak sizi gizemli ve baştan çıkarıcı&nbsp; bir serüvene davet ediyor.</P>","label":"WHAT_IT_IS","type":"what_it_is"}],"objectID":"37671"},{"benefit":{"statement":null,"benefits":null},"brand":null,"collection":null,"coverage":null,"cross_sell":null,"default_category":{"id":"1604","key":"dudak-kalemi̇"},"description":"İpeksi bir yapıya sahiptir ve uzun süre kalıcıdır. Dudak çizginize uygulayarak dudaklarınızı belirginleştirebilir; ya da ruj sürmeden önce dudaklarınızın iç kısmını doldurarak uygulayabilirsiniz. Kurumayan ve yayılmayan formülü sayesinde rujunuzun veya dudak parlatıcınızın kalıcılığını arttırabilirsiniz. Kalemtıraş ile açmaya gerek yoktur.","display_mode":null,"display_name":"Quickliner For Lips Intense Dudak Kalemi","display_status":7,"finish":null,"form":null,"formula_type":null,"fragrance_family":null,"indexable_keywords":null,"is_hazmat":false,"is_product_coming_soon":null,"is_product_displayable":true,"is_product_searchable":true,"is_product_shoppable":true,"is_product_sold_out":null,"is_product_temporarily_out_of_stock":null,"is_search_suppressed":null,"key_ingredient":null,"media":{"large":null,"medium":null,"poster":null,"small":null,"videos":[{"position":null,"poster":{"height":null,"src":null,"width":null},"provider":null,"src":null},{"position":null,"poster":{"height":null,"src":null,"width":null},"provider":null,"src":null},{"position":null,"poster":{"height":null,"src":null,"width":null},"provider":null,"src":null}],"xl":null},"meta":{"description":null,"keywords":null},"parent_category":[{"id":"1604","value":"DUDAK KALEMİ"},{"id":"1592","value":"MAKYAJ"}],"product_badge":null,"product_id":"37967","product_title_tag":null,"product_type":"Shaded","product_url":"/product/1604/37967/makyaj/dudak-kalemi/quickliner-for-lips-intense-dudak-kalemi","reviews":{"average_rating":null,"number_of_questions":null,"number_of_reviews":null},"shade_groups":null,"short_description":"Clinique'in en çok satan dudak kalemi, şimdi pigment açısından daha zengin bir formüle sahip.","skin":null,"skin_goal":null,"skus":{"total":2,"items":[{"color_family":[{"key":"pink-color","value":"pink_color"}],"coverage_options":null,"cross_sell":null,"display_status":7,"finish":[{"key":"matte-finish","value":"matte_finish"}],"finish_options":[{"key":"matte-finish","value":"matte_finish"}],"fragrances":[{"family":null,"key":null,"value":null}],"iln_listing":null,"iln_version_number":null,"inventory_status":"Active","is_active":true,"is_coming_soon":null,"is_default_sku":false,"is_discountable":true,"is_displayable":null,"is_engravable":null,"is_fragrance":null,"is_giftable":null,"is_giftwrap":false,"is_inactive":null,"is_multi_shaded":null,"is_out_of_stock":null,"is_preorder":false,"is_preorderable":null,"is_promotional":null,"is_replenishable":false,"is_search_suppressed":null,"is_searchable":true,"is_shaded":null,"is_sized":null,"is_sold_out":null,"is_under_weight_hazmat":false,"is_vto_enabled":null,"life_of_product":"Basic Reorder","material_code":"ZGGY070000","media":{"large":[{"alt":"Quickliner For Lips Intense Dudak Kalemi","height":1200,"position":1,"src":"/media/export/cms/products/1200x1500/cl_sku_ZGGY07_1200x1500_0.png","type":"image","width":1500}],"medium":[{"alt":"Quickliner For Lips Intense Dudak Kalemi","height":600,"position":2,"src":"/media/export/cms/products/600x750/cl_sku_ZGGY07_600x750_0.png","type":"image","width":750}],"model":null,"poster":null,"small":[{"alt":"Quickliner For Lips Intense Dudak Kalemi","height":1200,"position":3,"src":"/media/export/cms/products/1200x1500/cl_sku_ZGGY07_1200x1500_0.png","type":"image","width":1500}],"smoosh":[{"alt":"Quickliner For Lips Intense Dudak Kalemi","height":1200,"position":0,"src":"/media/export/cms/products/1200x1500/swatches_v3/53_ns_ng.png","type":"image","width":1500}],"xl":null},"out_of_stock_threshold":null,"perlgem":{"SKU_BASE_ID":66400},"preorder_date":null,"prices":[{"currency":"TRY","exclude_tax":{"original_price":160,"original_price_formatted":"160.00 TL","price":160,"price_formatted":"160.00 TL","price_per_unit":null,"price_per_unit_formatted":""},"include_tax":{"original_price":160,"original_price_formatted":"160.00 TL","price":160,"price_formatted":"160.00 TL","price_per_unit":null,"price_per_unit_formatted":""},"is_discounted":false}],"purchase_limit":null,"replenishment":{"message":null},"reviews":{"average_rating":null,"number_of_questions":null,"number_of_reviews":null},"set_components":null,"shade_groups":null,"shades":[{"description":"","hex_val":"#ad5e51","image":{"height":null,"src":"","width":null},"name":"Intense Blush","smoosh_design":{"group_id":null,"name":"53::none::none"}}],"sizes":[{"key":1,"value":"0.3 g "}],"skin":{"tone":null,"type":null,"type_description":null},"sku_badge":null,"sku_badge_image":null,"sku_display_order":1,"sku_id":"ZGGY07","sku_promo_messaging":null,"sku_type":"SE","sku_url":null,"tags":{"total":8,"items":[{"id":"27172","key":"day5flashsale","value":"Day5FlashSale"},{"id":"1605","key":"ruj","value":"RUJ"},{"id":"1604","key":"dudak-kalemi̇","value":"DUDAK KALEMİ"},{"id":"1592","key":"makyaj","value":"MAKYAJ"},{"id":"4323","key":"yeni̇-ürünler","value":"YENİ ÜRÜNLER"},{"id":"27174","key":"day7flashsale","value":"Day7FlashSale"},{"id":"27171","key":"day4flashsale","value":"Day4FlashSale"},{"id":"25565","key":"justarrivednew","value":"justarrivednew"}]},"texture":null,"undertone":null,"unit_of_measure":null,"unit_size":null,"unit_size_formatted":null,"upc":"020714757809","vto":{"is_color_experience":null,"is_foundation_experience":null}},{"color_family":[{"key":"red-color","value":"red_color"}],"coverage_options":null,"cross_sell":null,"display_status":7,"finish":[{"key":"matte-finish","value":"matte_finish"}],"finish_options":[{"key":"matte-finish","value":"matte_finish"}],"fragrances":[{"family":null,"key":null,"value":null}],"iln_listing":null,"iln_version_number":null,"inventory_status":"Active","is_active":true,"is_coming_soon":null,"is_default_sku":false,"is_discountable":true,"is_displayable":null,"is_engravable":null,"is_fragrance":null,"is_giftable":null,"is_giftwrap":false,"is_inactive":null,"is_multi_shaded":null,"is_out_of_stock":null,"is_preorder":false,"is_preorderable":null,"is_promotional":null,"is_replenishable":false,"is_search_suppressed":null,"is_searchable":true,"is_shaded":null,"is_sized":null,"is_sold_out":null,"is_under_weight_hazmat":false,"is_vto_enabled":null,"life_of_product":"Basic Reorder","material_code":"ZGGY040000","media":{"large":[{"alt":"Quickliner For Lips Intense Dudak Kalemi","height":1200,"position":1,"src":"/media/export/cms/products/1200x1500/cl_sku_ZGGY04_1200x1500_0.png","type":"image","width":1500}],"medium":[{"alt":"Quickliner For Lips Intense Dudak Kalemi","height":600,"position":2,"src":"/media/export/cms/products/600x750/cl_sku_ZGGY04_600x750_0.png","type":"image","width":750}],"model":null,"poster":null,"small":[{"alt":"Quickliner For Lips Intense Dudak Kalemi","height":1200,"position":3,"src":"/media/export/cms/products/1200x1500/cl_sku_ZGGY04_1200x1500_0.png","type":"image","width":1500}],"smoosh":[{"alt":"Quickliner For Lips Intense Dudak Kalemi","height":1200,"position":0,"src":"/media/export/cms/products/1200x1500/swatches_v3/53_ns_ng.png","type":"image","width":1500}],"xl":null},"out_of_stock_threshold":null,"perlgem":{"SKU_BASE_ID":65967},"preorder_date":null,"prices":[{"currency":"TRY","exclude_tax":{"original_price":160,"original_price_formatted":"160.00 TL","price":160,"price_formatted":"160.00 TL","price_per_unit":null,"price_per_unit_formatted":""},"include_tax":{"original_price":160,"original_price_formatted":"160.00 TL","price":160,"price_formatted":"160.00 TL","price_per_unit":null,"price_per_unit_formatted":""},"is_discounted":false}],"purchase_limit":null,"replenishment":{"message":null},"reviews":{"average_rating":null,"number_of_questions":null,"number_of_reviews":null},"set_components":null,"shade_groups":null,"shades":[{"description":"","hex_val":"#bb4f40","image":{"height":null,"src":"","width":null},"name":"Intense Cayenne","smoosh_design":{"group_id":null,"name":"53::none::none"}}],"sizes":[{"key":1,"value":"0.3 g"}],"skin":{"tone":null,"type":null,"type_description":null},"sku_badge":null,"sku_badge_image":null,"sku_display_order":1,"sku_id":"ZGGY04","sku_promo_messaging":null,"sku_type":"SE","sku_url":null,"tags":{"total":8,"items":[{"id":"27172","key":"day5flashsale","value":"Day5FlashSale"},{"id":"13562","key":"yeni̇-yil-makyaj","value":"YENİ YIL MAKYAJ"},{"id":"1605","key":"ruj","value":"RUJ"},{"id":"1604","key":"dudak-kalemi̇","value":"DUDAK KALEMİ"},{"id":"1592","key":"makyaj","value":"MAKYAJ"},{"id":"4323","key":"yeni̇-ürünler","value":"YENİ ÜRÜNLER"},{"id":"27174","key":"day7flashsale","value":"Day7FlashSale"},{"id":"27171","key":"day4flashsale","value":"Day4FlashSale"}]},"texture":null,"undertone":null,"unit_of_measure":null,"unit_size":null,"unit_size_formatted":null,"upc":"020714755324","vto":{"is_color_experience":null,"is_foundation_experience":null}}]},"sub_display_name":null,"sub_header":null,"tags":{"total":9,"items":[{"id":"27172","key":"day5flashsale","parent_tag_id":"1590","product_display_order":0,"value":"Day5FlashSale"},{"id":"13562","key":"yeni̇-yil-makyaj","parent_tag_id":"13561","product_display_order":0,"value":"YENİ YIL MAKYAJ"},{"id":"1605","key":"ruj","parent_tag_id":"1592","product_display_order":0,"value":"RUJ"},{"id":"1604","key":"dudak-kalemi̇","parent_tag_id":"1592","product_display_order":1,"value":"DUDAK KALEMİ"},{"id":"1592","key":"makyaj","parent_tag_id":null,"product_display_order":124,"value":"MAKYAJ"},{"id":"4323","key":"yeni̇-ürünler","parent_tag_id":null,"product_display_order":376,"value":"YENİ ÜRÜNLER"},{"id":"27174","key":"day7flashsale","parent_tag_id":"1590","product_display_order":0,"value":"Day7FlashSale"},{"id":"27171","key":"day4flashsale","parent_tag_id":"1590","product_display_order":48,"value":"Day4FlashSale"},{"id":"25565","key":"justarrivednew","parent_tag_id":null,"product_display_order":5,"value":"justarrivednew"}]},"usage":[{"content":"<UL><LI>Swivel up only 1/8\" (özel formülü sayesinde havayla temasında kurumaz, geri çekmenize gerek kalmaz).</LI><LI> Kalıcılığının artması  için dudaklarınız kalemle doldurun, ardından ruj sürün.</LI><LI>Ürünün formülünün bozulmaması için güvenli bir şekilde kapatın. .</LI></UL>","label":"PRODUCT USAGE","type":"product_usage"},{"content":null,"label":"HOW DOES IT WORK","type":"how_does_it_work"},{"content":null,"label":"WHO IT IS FOR","type":"who_it_is_for"},{"content":null,"label":"GREAT TO KNOW","type":"great_to_know"},{"content":null,"label":"WHAT_IT_DOES","type":"what_it_does"},{"content":"Uzun süre kalıcı dudak kalemi. Dudak çizgisine uygulayarak daha belirgin ve çekici dudaklara sahip olabilirsiniz. Kurumayan ve yayılmayan formülü sayesinde rujunuzun veya dudak parlatıcınızın kalıcılığını arttırabilirsiniz. Kalemtıraş ile açmaya gerek yoktur.","label":"WHAT_IT_IS","type":"what_it_is"}],"objectID":"37967"},{"benefit":{"statement":null,"benefits":null},"brand":null,"collection":null,"coverage":null,"cross_sell":null,"default_category":{"id":"1603","key":"dudak-parlatici-dolgunlaştirici"},"description":"Tek seferde dudaklara parlak bir renk veren, aynı zamanda nemlendirip koruyan bir yapısı vardır. Hafif formülüyle hem dudak bazı hem de ruj özelliğine sahiptir.","display_mode":null,"display_name":"Pop Lacquer Lip Colour + Primer Dudak Parlatıcısı","display_status":7,"finish":null,"form":null,"formula_type":null,"fragrance_family":null,"indexable_keywords":null,"is_hazmat":false,"is_product_coming_soon":null,"is_product_displayable":true,"is_product_searchable":true,"is_product_shoppable":true,"is_product_sold_out":null,"is_product_temporarily_out_of_stock":null,"is_search_suppressed":null,"key_ingredient":null,"media":{"large":null,"medium":null,"poster":null,"small":null,"videos":[{"position":null,"poster":{"height":null,"src":null,"width":null},"provider":null,"src":null},{"position":null,"poster":{"height":null,"src":null,"width":null},"provider":null,"src":null},{"position":null,"poster":{"height":null,"src":null,"width":null},"provider":null,"src":null}],"xl":null},"meta":{"description":null,"keywords":null},"parent_category":[{"id":"1603","value":"DUDAK PARLATICI & DOLGUNLAŞTIRICI"},{"id":"1592","value":"MAKYAJ"}],"product_badge":null,"product_id":"39139","product_title_tag":null,"product_type":"Shaded","product_url":"/product/1603/39139/makyaj/dudak-parlatici-dolgunlastirici/pop-lacquer-lip-colour-primer-dudak-parlatcs","reviews":{"average_rating":4,"number_of_questions":null,"number_of_reviews":1},"shade_groups":null,"short_description":"Tek seferde dudaklara parlak bir renk veren, aynı zamanda nemlendirip koruyan bir yapısı vardır.","skin":null,"skin_goal":null,"skus":{"total":1,"items":[{"color_family":[{"key":"violet-color","value":"violet_color"}],"coverage_options":null,"cross_sell":null,"display_status":7,"finish":[{"key":"shine-finish","value":"shine_finish"}],"finish_options":[{"key":"shine-finish","value":"shine_finish"}],"fragrances":[{"family":null,"key":null,"value":null}],"iln_listing":null,"iln_version_number":null,"inventory_status":"Active","is_active":true,"is_coming_soon":null,"is_default_sku":false,"is_discountable":true,"is_displayable":null,"is_engravable":null,"is_fragrance":null,"is_giftable":null,"is_giftwrap":false,"is_inactive":null,"is_multi_shaded":null,"is_out_of_stock":null,"is_preorder":false,"is_preorderable":null,"is_promotional":null,"is_replenishable":false,"is_search_suppressed":null,"is_searchable":true,"is_shaded":null,"is_sized":null,"is_sold_out":null,"is_under_weight_hazmat":false,"is_vto_enabled":null,"life_of_product":"Discontinued","material_code":"ZN3J060001","media":{"large":[{"alt":"Pop Lacquer Lip Colour + Primer Dudak Parlatıcısı","height":1200,"position":1,"src":"/media/export/cms/products/1200x1500/cl_sku_ZN3J06_1200x1500_0.png","type":"image","width":1500}],"medium":[{"alt":"Pop Lacquer Lip Colour + Primer Dudak Parlatıcısı","height":600,"position":2,"src":"/media/export/cms/products/600x750/cl_sku_ZN3J06_600x750_0.png","type":"image","width":750}],"model":null,"poster":null,"small":[{"alt":"Pop Lacquer Lip Colour + Primer Dudak Parlatıcısı","height":1200,"position":3,"src":"/media/export/cms/products/1200x1500/cl_sku_ZN3J06_1200x1500_0.png","type":"image","width":1500}],"smoosh":[{"alt":"Pop Lacquer Lip Colour + Primer Dudak Parlatıcısı","height":1200,"position":0,"src":"/media/export/cms/products/1200x1500/swatches_v3/08_ns_mg.png","type":"image","width":1500}],"xl":null},"out_of_stock_threshold":null,"perlgem":{"SKU_BASE_ID":69103},"preorder_date":null,"prices":[{"currency":"TRY","exclude_tax":{"original_price":149,"original_price_formatted":"149.00 TL","price":149,"price_formatted":"149.00 TL","price_per_unit":null,"price_per_unit_formatted":""},"include_tax":{"original_price":149,"original_price_formatted":"149.00 TL","price":149,"price_formatted":"149.00 TL","price_per_unit":null,"price_per_unit_formatted":""},"is_discounted":false}],"purchase_limit":null,"replenishment":{"message":null},"reviews":{"average_rating":null,"number_of_questions":null,"number_of_reviews":null},"set_components":null,"shade_groups":null,"shades":[{"description":"","hex_val":"#924257","image":{"height":null,"src":"","width":null},"name":"Love Pop","smoosh_design":{"group_id":null,"name":"08::none::medium"}}],"sizes":[{"key":1,"value":"6.5 g"}],"skin":{"tone":null,"type":null,"type_description":null},"sku_badge":null,"sku_badge_image":null,"sku_display_order":1,"sku_id":"ZN3J06","sku_promo_messaging":null,"sku_type":"SE","sku_url":null,"tags":{"total":7,"items":[{"id":"2644","key":"alışverişi-tamamla","value":"Alışverişi Tamamla"},{"id":"17859","key":"çok-satanlar","value":"ÇOK SATANLAR"},{"id":"1592","key":"makyaj","value":"MAKYAJ"},{"id":"1603","key":"dudak-parlatici-dolgunlaştirici","value":"DUDAK PARLATICI & DOLGUNLAŞTIRICI"},{"id":"1605","key":"ruj","value":"RUJ"},{"id":"4323","key":"yeni̇-ürünler","value":"YENİ ÜRÜNLER"},{"id":"1590","key":"i̇ndi̇ri̇mli̇-ürünler","value":"İNDİRİMLİ ÜRÜNLER"}]},"texture":null,"undertone":null,"unit_of_measure":null,"unit_size":null,"unit_size_formatted":null,"upc":"020714802417","vto":{"is_color_experience":null,"is_foundation_experience":null}}]},"sub_display_name":null,"sub_header":null,"tags":{"total":9,"items":[{"id":"2644","key":"alışverişi-tamamla","parent_tag_id":null,"product_display_order":0,"value":"Alışverişi Tamamla"},{"id":"17859","key":"çok-satanlar","parent_tag_id":null,"product_display_order":112,"value":"ÇOK SATANLAR"},{"id":"19288","key":"sale","parent_tag_id":"1590","product_display_order":0,"value":"sale"},{"id":"1592","key":"makyaj","parent_tag_id":null,"product_display_order":2,"value":"MAKYAJ"},{"id":"1603","key":"dudak-parlatici-dolgunlaştirici","parent_tag_id":"1592","product_display_order":1,"value":"DUDAK PARLATICI & DOLGUNLAŞTIRICI"},{"id":"1605","key":"ruj","parent_tag_id":"1592","product_display_order":1,"value":"RUJ"},{"id":"4323","key":"yeni̇-ürünler","parent_tag_id":null,"product_display_order":350,"value":"YENİ ÜRÜNLER"},{"id":"1590","key":"i̇ndi̇ri̇mli̇-ürünler","parent_tag_id":null,"product_display_order":0,"value":"İNDİRİMLİ ÜRÜNLER"},{"id":"13562","key":"yeni̇-yil-makyaj","parent_tag_id":"13561","product_display_order":0,"value":"YENİ YIL MAKYAJ"}]},"usage":[{"content":"Dudaklarınıza istediğiniz yoğunluğu elde edene kadar uygulayın, daha belirgin dudaklar için dudak çizginizi Quickliner Intense Dudak Kalemi ile çerçeveleyin.","label":"PRODUCT USAGE","type":"product_usage"},{"content":null,"label":"HOW DOES IT WORK","type":"how_does_it_work"},{"content":null,"label":"WHO IT IS FOR","type":"who_it_is_for"},{"content":null,"label":"GREAT TO KNOW","type":"great_to_know"},{"content":null,"label":"WHAT_IT_DOES","type":"what_it_does"},{"content":"<P>Clinique Pop Lacquer tek bir dokunuşla dudaginizi nemlendirir, yumuşatir ve 6 saate kadar dayanan etkiliyeci bir parlaklık sağlar. Dudak bazı özelliği sayesinde dudakları nemlendirirek dudaklardaki pul pul görüntüyü alır. <BR>6 Farklı Renk Seçeneği</P><P><BR>Aynı zamanda hem ruj hem de dudak bazı olduğu için iki ürünü tek bir ambalajda birleştirir. Dudak bazı özelliği sayesinde dudaklarınızı nemlendirir ve kurumuş, çatlamış görüntüyü engeller.</P><P>.</P>","label":"WHAT_IT_IS","type":"what_it_is"}],"objectID":"39139"},{"benefit":{"statement":null,"benefits":null},"brand":null,"collection":null,"coverage":null,"cross_sell":[{"sku_id":"6F4501","sort_key":1},{"sku_id":"6F4601","sort_key":2},{"sku_id":"6F4701","sort_key":3},{"sku_id":"6L6W01","sort_key":4},{"sku_id":"6G8A01","sort_key":5}],"default_category":{"id":"1608","key":"tüm-firçalar"},"description":"<P>Yeni Clinique Fondöten Fırçası özel tasarlanmış ucu sayesinde fondöteni cildinize eşit şekilde yaymanızı sağlayarak ciltte pürüzsüz bir makyaj görünümü yakalamanıza yardımcı olur.&nbsp;Likid, pudra ve krem fondötenlerle birlikte kullanılabilir.&nbsp;Hijyeniktir.</P><P>&nbsp;</P><P>Özel Hediyeniz!&nbsp;</P><P>&nbsp;Kasım ayı boyunca tüm fondöten, pudra, BB ve CC Krem alışverişlerinizde 200 TL değerindeki makyaj seti hediyeniz otomatik olarak sepetinize eklenecektir.* *</P><P>Stoklarla sınırlıdır.</P><P>&nbsp;</P>","display_mode":null,"display_name":"Foundation Buff Brush","display_status":7,"finish":null,"form":null,"formula_type":null,"fragrance_family":null,"indexable_keywords":null,"is_hazmat":false,"is_product_coming_soon":null,"is_product_displayable":true,"is_product_searchable":true,"is_product_shoppable":true,"is_product_sold_out":null,"is_product_temporarily_out_of_stock":null,"is_search_suppressed":null,"key_ingredient":null,"media":{"large":null,"medium":null,"poster":null,"small":null,"videos":[{"position":null,"poster":{"height":null,"src":null,"width":null},"provider":null,"src":null},{"position":null,"poster":{"height":null,"src":null,"width":null},"provider":null,"src":null},{"position":null,"poster":{"height":null,"src":null,"width":null},"provider":null,"src":null}],"xl":null},"meta":{"description":null,"keywords":null},"parent_category":[{"id":"1608","value":"TÜM FIRÇALAR"},{"id":"1592","value":"MAKYAJ"}],"product_badge":null,"product_id":"39687","product_title_tag":null,"product_type":"Other","product_url":"/product/1608/39687/makyaj/tum-fircalar/foundation-buff-brush","reviews":{"average_rating":null,"number_of_questions":null,"number_of_reviews":null},"shade_groups":null,"short_description":"Bu çok yönlü fırça bütün Clinique likit, pudra, krem ve stik fondötenleri karıştırma ve&nbsp;uygulamada kullanılabilir.","skin":null,"skin_goal":null,"skus":{"total":1,"items":[{"color_family":null,"coverage_options":null,"cross_sell":null,"display_status":7,"finish":null,"finish_options":null,"fragrances":[{"family":null,"key":null,"value":null}],"iln_listing":null,"iln_version_number":null,"inventory_status":"Active","is_active":true,"is_coming_soon":null,"is_default_sku":false,"is_discountable":true,"is_displayable":null,"is_engravable":null,"is_fragrance":null,"is_giftable":null,"is_giftwrap":false,"is_inactive":null,"is_multi_shaded":null,"is_out_of_stock":null,"is_preorder":false,"is_preorderable":null,"is_promotional":null,"is_replenishable":false,"is_search_suppressed":null,"is_searchable":true,"is_shaded":null,"is_sized":null,"is_sold_out":null,"is_under_weight_hazmat":false,"is_vto_enabled":null,"life_of_product":"Basic Reorder","material_code":"ZWJF010001","media":{"large":[{"alt":"Foundation Buff Brush","height":1200,"position":0,"src":"/media/export/cms/products/1200x1500/cl_sku_ZWJF01_1200x1500_0.png","type":"image","width":1500}],"medium":[{"alt":"Foundation Buff Brush","height":600,"position":1,"src":"/media/export/cms/products/600x750/cl_sku_ZWJF01_600x750_0.png","type":"image","width":750}],"model":null,"poster":null,"small":[{"alt":"Foundation Buff Brush","height":1200,"position":2,"src":"/media/export/cms/products/1200x1500/cl_sku_ZWJF01_1200x1500_0.png","type":"image","width":1500}],"smoosh":null,"xl":null},"out_of_stock_threshold":null,"perlgem":{"SKU_BASE_ID":68710},"preorder_date":null,"prices":[{"currency":"TRY","exclude_tax":{"original_price":205,"original_price_formatted":"205.00 TL","price":205,"price_formatted":"205.00 TL","price_per_unit":null,"price_per_unit_formatted":""},"include_tax":{"original_price":205,"original_price_formatted":"205.00 TL","price":205,"price_formatted":"205.00 TL","price_per_unit":null,"price_per_unit_formatted":""},"is_discounted":false}],"purchase_limit":null,"replenishment":{"message":null},"reviews":{"average_rating":null,"number_of_questions":null,"number_of_reviews":null},"set_components":null,"shade_groups":null,"shades":null,"sizes":[{"key":1,"value":null}],"skin":{"tone":null,"type":null,"type_description":null},"sku_badge":null,"sku_badge_image":null,"sku_display_order":0,"sku_id":"ZWJF01","sku_promo_messaging":null,"sku_type":"SE","sku_url":null,"tags":{"total":10,"items":[{"id":"1608","key":"tüm-firçalar","value":"TÜM FIRÇALAR"},{"id":"25565","key":"justarrivednew","value":"justarrivednew"},{"id":"13562","key":"yeni̇-yil-makyaj","value":"YENİ YIL MAKYAJ"},{"id":"13216","key":"cleansing-brush","value":"Cleansing Brush"},{"id":"1590","key":"i̇ndi̇ri̇mli̇-ürünler","value":"İNDİRİMLİ ÜRÜNLER"},{"id":"1599","key":"fondöten","value":"FONDÖTEN"},{"id":"27172","key":"day5flashsale","value":"Day5FlashSale"},{"id":"12518","key":"yüz-makyaj-firçasi","value":"YÜZ MAKYAJ FIRÇASI"},{"id":"27170","key":"day3flashsale","value":"Day3FlashSale"},{"id":"27174","key":"day7flashsale","value":"Day7FlashSale"}]},"texture":null,"undertone":null,"unit_of_measure":null,"unit_size":null,"unit_size_formatted":null,"upc":"020714838928","vto":{"is_color_experience":null,"is_foundation_experience":null}}]},"sub_display_name":null,"sub_header":null,"tags":{"total":10,"items":[{"id":"1608","key":"tüm-firçalar","parent_tag_id":"1592","product_display_order":0,"value":"TÜM FIRÇALAR"},{"id":"25565","key":"justarrivednew","parent_tag_id":null,"product_display_order":2,"value":"justarrivednew"},{"id":"13562","key":"yeni̇-yil-makyaj","parent_tag_id":"13561","product_display_order":0,"value":"YENİ YIL MAKYAJ"},{"id":"13216","key":"cleansing-brush","parent_tag_id":"1570","product_display_order":0,"value":"Cleansing Brush"},{"id":"1590","key":"i̇ndi̇ri̇mli̇-ürünler","parent_tag_id":null,"product_display_order":52,"value":"İNDİRİMLİ ÜRÜNLER"},{"id":"1599","key":"fondöten","parent_tag_id":"1592","product_display_order":12,"value":"FONDÖTEN"},{"id":"27172","key":"day5flashsale","parent_tag_id":"1590","product_display_order":112,"value":"Day5FlashSale"},{"id":"12518","key":"yüz-makyaj-firçasi","parent_tag_id":"1608","product_display_order":0,"value":"YÜZ MAKYAJ FIRÇASI"},{"id":"27170","key":"day3flashsale","parent_tag_id":"1590","product_display_order":0,"value":"Day3FlashSale"},{"id":"27174","key":"day7flashsale","parent_tag_id":"1590","product_display_order":0,"value":"Day7FlashSale"}]},"usage":[{"content":"<UL><LI>Tüm yüze uygulamak için fondöteni alın.</LI><LI>Buff Brush ile fondöteni cildinize yumuşak ve ve dairesel hareketlerle uygulayın. Kusursuz ve mükemmel bir görünüm elde edin.</LI></UL><P>&nbsp;</P>","label":"PRODUCT USAGE","type":"product_usage"},{"content":null,"label":"HOW DOES IT WORK","type":"how_does_it_work"},{"content":null,"label":"WHO IT IS FOR","type":"who_it_is_for"},{"content":null,"label":"GREAT TO KNOW","type":"great_to_know"},{"content":null,"label":"WHAT_IT_DOES","type":"what_it_does"},{"content":"<P>Yeni Clinique Fondöten Fırçası özel tasarlanmış ucu sayesinde fondöteni cildinize eşit şekilde yaymanızı sağlayarak ciltte pürüzsüz bir makyaj görünümü yakalamanıza yardımcı olur.&nbsp;Likid, pudra ve krem fondötenlerle birlikte kullanılabilir.&nbsp;Hijyeniktir.</P><P>&nbsp;</P><P>Özel Hediyeniz!&nbsp;</P><P>&nbsp;Kasım ayı boyunca tüm fondöten, pudra, BB ve CC Krem alışverişlerinizde 200 TL değerindeki makyaj seti hediyeniz otomatik olarak sepetinize eklenecektir.* *</P><P>Stoklarla sınırlıdır.</P><P>&nbsp;</P>","label":"WHAT_IT_IS","type":"what_it_is"}],"objectID":"39687"},{"benefit":{"statement":null,"benefits":null},"brand":null,"collection":[{"key":"suerpdefence-collection","value":"suerpdefence_collection"}],"coverage":null,"cross_sell":null,"default_category":{"id":"1687","key":"yüz-nemlendi̇ri̇ci̇"},"description":"<P>&nbsp; Yaşlanma görüntülerinin ilk belirtilerine karşı cildinizi korumak için gece boyunca çalışır. Gün içinde zarar gören cildi gece boyunca onarmaya yardımcı olur.</P><P><BR>&nbsp;</P>","display_mode":null,"display_name":"Superdefense Gece Kremi","display_status":7,"finish":null,"form":[{"key":"cream-form","value":"cream_form"}],"formula_type":null,"fragrance_family":null,"indexable_keywords":[{"value":"superdefense"},{"value":" recovery"},{"value":" superdefence"},{"value":" moisture"},{"value":" day"},{"value":" night"},{"value":" cream"},{"value":" "}],"is_hazmat":false,"is_product_coming_soon":null,"is_product_displayable":true,"is_product_searchable":true,"is_product_shoppable":true,"is_product_sold_out":null,"is_product_temporarily_out_of_stock":null,"is_search_suppressed":null,"key_ingredient":null,"media":{"large":null,"medium":null,"poster":null,"small":null,"videos":[{"position":null,"poster":{"height":null,"src":null,"width":null},"provider":null,"src":null},{"position":null,"poster":{"height":null,"src":null,"width":null},"provider":null,"src":null},{"position":null,"poster":{"height":null,"src":null,"width":null},"provider":null,"src":null}],"xl":null},"meta":{"description":null,"keywords":null},"parent_category":[{"id":"1687","value":"YÜZ NEMLENDİRİCİ"},{"id":"1667","value":"CİLT BAKIMI"}],"product_badge":null,"product_id":"39811","product_title_tag":null,"product_type":"Sized","product_url":"/product/1687/39811/cilt-bakimi/yuz-nemlendirici/superdefense-gece-kremi","reviews":{"average_rating":null,"number_of_questions":null,"number_of_reviews":null},"shade_groups":null,"short_description":null,"skin":{"concern":[{"key":"anti-aging-concern","value":"anti_aging_concern"}]},"skin_goal":null,"skus":{"total":1,"items":[{"color_family":null,"coverage_options":null,"cross_sell":null,"display_status":7,"finish":null,"finish_options":null,"fragrances":[{"family":null,"key":null,"value":null}],"iln_listing":null,"iln_version_number":null,"inventory_status":"Active","is_active":true,"is_coming_soon":null,"is_default_sku":false,"is_discountable":true,"is_displayable":null,"is_engravable":null,"is_fragrance":null,"is_giftable":null,"is_giftwrap":false,"is_inactive":null,"is_multi_shaded":null,"is_out_of_stock":null,"is_preorder":false,"is_preorderable":null,"is_promotional":null,"is_replenishable":false,"is_search_suppressed":null,"is_searchable":true,"is_shaded":null,"is_sized":null,"is_sold_out":null,"is_under_weight_hazmat":false,"is_vto_enabled":null,"life_of_product":"Basic Reorder","material_code":"ZJ4X010000","media":{"large":[{"alt":"Superdefense Gece Kremi","height":1200,"position":0,"src":"/media/export/cms/products/1200x1500/cl_sku_ZJ4X01_1200x1500_0.png","type":"image","width":1500}],"medium":[{"alt":"Superdefense Gece Kremi","height":600,"position":1,"src":"/media/export/cms/products/600x750/cl_sku_ZJ4X01_600x750_0.png","type":"image","width":750}],"model":null,"poster":null,"small":[{"alt":"Superdefense Gece Kremi","height":1200,"position":2,"src":"/media/export/cms/products/1200x1500/cl_sku_ZJ4X01_1200x1500_0.png","type":"image","width":1500}],"smoosh":null,"xl":null},"out_of_stock_threshold":null,"perlgem":{"SKU_BASE_ID":68954},"preorder_date":null,"prices":[{"currency":"TRY","exclude_tax":{"original_price":430,"original_price_formatted":"430.00 TL","price":430,"price_formatted":"430.00 TL","price_per_unit":860,"price_per_unit_formatted":"860.00 TL / 100ml"},"include_tax":{"original_price":430,"original_price_formatted":"430.00 TL","price":430,"price_formatted":"430.00 TL","price_per_unit":860,"price_per_unit_formatted":"860.00 TL / 100ml"},"is_discounted":false}],"purchase_limit":null,"replenishment":{"message":null},"reviews":{"average_rating":null,"number_of_questions":null,"number_of_reviews":null},"set_components":null,"shade_groups":null,"shades":null,"sizes":[{"key":1,"value":"50ml"}],"skin":{"tone":null,"type":[{"key":"combination-skintype","value":"combination_skintype"},{"key":"oily-skintype","value":"oily_skintype"}],"type_description":null},"sku_badge":null,"sku_badge_image":null,"sku_display_order":1,"sku_id":"ZJ4X01","sku_promo_messaging":null,"sku_type":"SE","sku_url":null,"tags":{"total":7,"items":[{"id":"1687","key":"yüz-nemlendi̇ri̇ci̇","value":"YÜZ NEMLENDİRİCİ"},{"id":"1667","key":"ci̇lt-bakimi","value":"CİLT BAKIMI"},{"id":"1575","key":"en-çok-satanlar","value":"En Çok Satanlar"},{"id":"4323","key":"yeni̇-ürünler","value":"YENİ ÜRÜNLER"},{"id":"4034","key":"yüz-serumlari","value":"YÜZ SERUMLARI"},{"id":"2644","key":"alışverişi-tamamla","value":"Alışverişi Tamamla"},{"id":"1674","key":"yaşlanma-karşıtı-bakım","value":"Yaşlanma Karşıtı Bakım"}]},"texture":null,"undertone":null,"unit_of_measure":"ml","unit_size":100,"unit_size_formatted":"100ml","upc":"020714770020","vto":{"is_color_experience":null,"is_foundation_experience":null}}]},"sub_display_name":null,"sub_header":null,"tags":{"total":9,"items":[{"id":"1687","key":"yüz-nemlendi̇ri̇ci̇","parent_tag_id":"1667","product_display_order":140,"value":"YÜZ NEMLENDİRİCİ"},{"id":"1667","key":"ci̇lt-bakimi","parent_tag_id":null,"product_display_order":197,"value":"CİLT BAKIMI"},{"id":"1575","key":"en-çok-satanlar","parent_tag_id":null,"product_display_order":104,"value":"En Çok Satanlar"},{"id":"13563","key":"yeni̇-yil-ci̇lt-bakimi","parent_tag_id":"13561","product_display_order":0,"value":"YENİ YIL CİLT BAKIMI"},{"id":"4323","key":"yeni̇-ürünler","parent_tag_id":null,"product_display_order":337,"value":"YENİ ÜRÜNLER"},{"id":"1980","key":"yaşlanma-karşıtı","parent_tag_id":"1674","product_display_order":1,"value":"Yaşlanma Karşıtı"},{"id":"4034","key":"yüz-serumlari","parent_tag_id":"1667","product_display_order":0,"value":"YÜZ SERUMLARI"},{"id":"2644","key":"alışverişi-tamamla","parent_tag_id":null,"product_display_order":0,"value":"Alışverişi Tamamla"},{"id":"1674","key":"yaşlanma-karşıtı-bakım","parent_tag_id":"1667","product_display_order":1,"value":"Yaşlanma Karşıtı Bakım"}]},"usage":[{"content":"• Her akşam cildinize uygun 3 Adımlı Cilt Bakım rutininizden sonra göz çevresinden kaçınarak bütün yüze uygulayın.<BR>• İPUCU: Daha etkili sonuçlar için gündüzleri&nbsp;Superdefense™ Günlük Yaşlanma Karşıtı Nemlendirici ile tamamlayın.","label":"PRODUCT USAGE","type":"product_usage"},{"content":null,"label":"HOW DOES IT WORK","type":"how_does_it_work"},{"content":null,"label":"WHO IT IS FOR","type":"who_it_is_for"},{"content":null,"label":"GREAT TO KNOW","type":"great_to_know"},{"content":null,"label":"WHAT_IT_DOES","type":"what_it_does"},{"content":"<P>&nbsp; Yaşlanma görüntülerinin ilk belirtilerine karşı cildinizi korumak için gece boyunca çalışır. Gün içinde zarar gören cildi gece boyunca onarmaya yardımcı olur.</P><P><BR>&nbsp;</P>","label":"WHAT_IT_IS","type":"what_it_is"}],"objectID":"39811"},{"benefit":{"statement":null,"benefits":null},"brand":null,"collection":null,"coverage":null,"cross_sell":null,"default_category":{"id":"1598","key":"göz-fari"},"description":"<br><br><b>Nedir?</b><br>İpeksi formüllü göz farı anında renklendirme sağlar. Kolayca uygulanır ve  istenilen yoğunlukta uygulanarak kişiselleştirilebilir. Kontakt lens kullananlar ve hassas gözler için uygundur.","display_mode":null,"display_name":"Lid Pop Far","display_status":7,"finish":null,"form":null,"formula_type":null,"fragrance_family":null,"indexable_keywords":null,"is_hazmat":false,"is_product_coming_soon":null,"is_product_displayable":true,"is_product_searchable":true,"is_product_shoppable":true,"is_product_sold_out":null,"is_product_temporarily_out_of_stock":null,"is_search_suppressed":null,"key_ingredient":null,"media":{"large":null,"medium":null,"poster":null,"small":null,"videos":[{"position":null,"poster":{"height":null,"src":null,"width":null},"provider":null,"src":null},{"position":null,"poster":{"height":null,"src":null,"width":null},"provider":null,"src":null},{"position":null,"poster":{"height":null,"src":null,"width":null},"provider":null,"src":null}],"xl":null},"meta":{"description":null,"keywords":null},"parent_category":[{"id":"1598","value":"GÖZ FARI"},{"id":"1592","value":"MAKYAJ"}],"product_badge":null,"product_id":"39911","product_title_tag":null,"product_type":"Shaded","product_url":"/product/1598/39911/makyaj/goz-fari/lid-pop-far/online-ozel","reviews":{"average_rating":5,"number_of_questions":null,"number_of_reviews":2},"shade_groups":null,"short_description":null,"skin":null,"skin_goal":null,"skus":{"total":3,"items":[{"color_family":null,"coverage_options":null,"cross_sell":null,"display_status":7,"finish":null,"finish_options":null,"fragrances":[{"family":null,"key":null,"value":null}],"iln_listing":null,"iln_version_number":null,"inventory_status":"Active","is_active":true,"is_coming_soon":null,"is_default_sku":false,"is_discountable":true,"is_displayable":null,"is_engravable":null,"is_fragrance":null,"is_giftable":null,"is_giftwrap":false,"is_inactive":null,"is_multi_shaded":null,"is_out_of_stock":null,"is_preorder":false,"is_preorderable":null,"is_promotional":null,"is_replenishable":false,"is_search_suppressed":null,"is_searchable":true,"is_shaded":null,"is_sized":null,"is_sold_out":null,"is_under_weight_hazmat":false,"is_vto_enabled":null,"life_of_product":"Basic Reorder","material_code":"ZKJT030001","media":{"large":[{"alt":"Lid Pop Far","height":1200,"position":1,"src":"/media/export/cms/products/1200x1500/cl_sku_ZKJT03_1200x1500_0.png","type":"image","width":1500}],"medium":[{"alt":"Lid Pop Far","height":600,"position":2,"src":"/media/export/cms/products/600x750/cl_sku_ZKJT03_600x750_0.png","type":"image","width":750}],"model":null,"poster":null,"small":[{"alt":"Lid Pop Far","height":1200,"position":3,"src":"/media/export/cms/products/1200x1500/cl_sku_ZKJT03_1200x1500_0.png","type":"image","width":1500}],"smoosh":[{"alt":"Lid Pop Far","height":1200,"position":0,"src":"/media/export/cms/products/1200x1500/swatches_v3/32_ns_ng.png","type":"image","width":1500}],"xl":null},"out_of_stock_threshold":null,"perlgem":{"SKU_BASE_ID":69074},"preorder_date":null,"prices":[{"currency":"TRY","exclude_tax":{"original_price":169,"original_price_formatted":"169.00 TL","price":169,"price_formatted":"169.00 TL","price_per_unit":null,"price_per_unit_formatted":""},"include_tax":{"original_price":169,"original_price_formatted":"169.00 TL","price":169,"price_formatted":"169.00 TL","price_per_unit":null,"price_per_unit_formatted":""},"is_discounted":false}],"purchase_limit":null,"replenishment":{"message":null},"reviews":{"average_rating":null,"number_of_questions":null,"number_of_reviews":null},"set_components":null,"shade_groups":null,"shades":[{"description":"","hex_val":"#68463e","image":{"height":null,"src":"","width":null},"name":"Cocoa Pop","smoosh_design":{"group_id":null,"name":"32::none::none"}}],"sizes":[{"key":1,"value":"0.21 oz."}],"skin":{"tone":null,"type":null,"type_description":null},"sku_badge":null,"sku_badge_image":null,"sku_display_order":1,"sku_id":"ZKJT03","sku_promo_messaging":null,"sku_type":"SE","sku_url":null,"tags":{"total":8,"items":[{"id":"13562","key":"yeni̇-yil-makyaj","value":"YENİ YIL MAKYAJ"},{"id":"12537","key":"çok-satan-makyaj-ürünleri̇","value":"ÇOK SATAN MAKYAJ ÜRÜNLERİ"},{"id":"1592","key":"makyaj","value":"MAKYAJ"},{"id":"4323","key":"yeni̇-ürünler","value":"YENİ ÜRÜNLER"},{"id":"1602","key":"hedi̇yeler-setler","value":"HEDİYELER & SETLER"},{"id":"13569","key":"99-tl-ve-alti-ci̇lt-bakimmakyajparfüm-setleri̇","value":"99 TL VE ALTI CİLT BAKIM&MAKYAJ&PARFÜM SETLERİ"},{"id":"22734","key":"30-aninda-i̇ndi̇ri̇m","value":"%30 ANINDA İNDİRİM"},{"id":"1598","key":"göz-fari","value":"GÖZ FARI"}]},"texture":null,"undertone":null,"unit_of_measure":null,"unit_size":null,"unit_size_formatted":null,"upc":"020714781293","vto":{"is_color_experience":null,"is_foundation_experience":null}},{"color_family":null,"coverage_options":null,"cross_sell":null,"display_status":7,"finish":null,"finish_options":null,"fragrances":[{"family":null,"key":null,"value":null}],"iln_listing":null,"iln_version_number":null,"inventory_status":"Active","is_active":true,"is_coming_soon":null,"is_default_sku":false,"is_discountable":true,"is_displayable":null,"is_engravable":null,"is_fragrance":null,"is_giftable":null,"is_giftwrap":false,"is_inactive":null,"is_multi_shaded":null,"is_out_of_stock":null,"is_preorder":false,"is_preorderable":null,"is_promotional":null,"is_replenishable":false,"is_search_suppressed":null,"is_searchable":true,"is_shaded":null,"is_sized":null,"is_sold_out":null,"is_under_weight_hazmat":false,"is_vto_enabled":null,"life_of_product":"Basic Reorder","material_code":"ZKJT010001","media":{"large":[{"alt":"Lid Pop Far","height":1200,"position":1,"src":"/media/export/cms/products/1200x1500/cl_sku_ZKJT01_1200x1500_0.png","type":"image","width":1500}],"medium":[{"alt":"Lid Pop Far","height":600,"position":2,"src":"/media/export/cms/products/600x750/cl_sku_ZKJT01_600x750_0.png","type":"image","width":750}],"model":null,"poster":null,"small":[{"alt":"Lid Pop Far","height":1200,"position":3,"src":"/media/export/cms/products/1200x1500/cl_sku_ZKJT01_1200x1500_0.png","type":"image","width":1500}],"smoosh":[{"alt":"Lid Pop Far","height":1200,"position":0,"src":"/media/export/cms/products/1200x1500/swatches_v3/32_ns_ng.png","type":"image","width":1500}],"xl":null},"out_of_stock_threshold":null,"perlgem":{"SKU_BASE_ID":69058},"preorder_date":null,"prices":[{"currency":"TRY","exclude_tax":{"original_price":169,"original_price_formatted":"169.00 TL","price":169,"price_formatted":"169.00 TL","price_per_unit":null,"price_per_unit_formatted":""},"include_tax":{"original_price":169,"original_price_formatted":"169.00 TL","price":169,"price_formatted":"169.00 TL","price_per_unit":null,"price_per_unit_formatted":""},"is_discounted":false}],"purchase_limit":null,"replenishment":{"message":null},"reviews":{"average_rating":null,"number_of_questions":null,"number_of_reviews":null},"set_components":null,"shade_groups":null,"shades":[{"description":"","hex_val":"#fed1b9","image":{"height":null,"src":"","width":null},"name":"Vanilla Pop","smoosh_design":{"group_id":null,"name":"32::none::none"}}],"sizes":[{"key":1,"value":"0.21 oz."}],"skin":{"tone":null,"type":null,"type_description":null},"sku_badge":null,"sku_badge_image":null,"sku_display_order":1,"sku_id":"ZKJT01","sku_promo_messaging":null,"sku_type":"SE","sku_url":null,"tags":{"total":8,"items":[{"id":"13562","key":"yeni̇-yil-makyaj","value":"YENİ YIL MAKYAJ"},{"id":"12537","key":"çok-satan-makyaj-ürünleri̇","value":"ÇOK SATAN MAKYAJ ÜRÜNLERİ"},{"id":"1592","key":"makyaj","value":"MAKYAJ"},{"id":"4323","key":"yeni̇-ürünler","value":"YENİ ÜRÜNLER"},{"id":"1602","key":"hedi̇yeler-setler","value":"HEDİYELER & SETLER"},{"id":"1590","key":"i̇ndi̇ri̇mli̇-ürünler","value":"İNDİRİMLİ ÜRÜNLER"},{"id":"22734","key":"30-aninda-i̇ndi̇ri̇m","value":"%30 ANINDA İNDİRİM"},{"id":"1598","key":"göz-fari","value":"GÖZ FARI"}]},"texture":null,"undertone":null,"unit_of_measure":null,"unit_size":null,"unit_size_formatted":null,"upc":"020714781279","vto":{"is_color_experience":null,"is_foundation_experience":null}},{"color_family":null,"coverage_options":null,"cross_sell":null,"display_status":7,"finish":null,"finish_options":null,"fragrances":[{"family":null,"key":null,"value":null}],"iln_listing":null,"iln_version_number":null,"inventory_status":"Active","is_active":true,"is_coming_soon":null,"is_default_sku":false,"is_discountable":true,"is_displayable":null,"is_engravable":null,"is_fragrance":null,"is_giftable":null,"is_giftwrap":false,"is_inactive":null,"is_multi_shaded":null,"is_out_of_stock":null,"is_preorder":false,"is_preorderable":null,"is_promotional":null,"is_replenishable":false,"is_search_suppressed":null,"is_searchable":true,"is_shaded":null,"is_sized":null,"is_sold_out":null,"is_under_weight_hazmat":false,"is_vto_enabled":null,"life_of_product":"Basic Reorder","material_code":"ZKJT110001","media":{"large":[{"alt":"Lid Pop Far","height":1200,"position":1,"src":"/media/export/cms/products/1200x1500/cl_sku_ZKJT11_1200x1500_0.png","type":"image","width":1500}],"medium":[{"alt":"Lid Pop Far","height":600,"position":2,"src":"/media/export/cms/products/600x750/cl_sku_ZKJT11_600x750_0.png","type":"image","width":750}],"model":null,"poster":null,"small":[{"alt":"Lid Pop Far","height":1200,"position":3,"src":"/media/export/cms/products/1200x1500/cl_sku_ZKJT11_1200x1500_0.png","type":"image","width":1500}],"smoosh":[{"alt":"Lid Pop Far","height":1200,"position":0,"src":"/media/export/cms/products/1200x1500/swatches_v3/32_ns_ng.png","type":"image","width":1500}],"xl":null},"out_of_stock_threshold":null,"perlgem":{"SKU_BASE_ID":69083},"preorder_date":null,"prices":[{"currency":"TRY","exclude_tax":{"original_price":169,"original_price_formatted":"169.00 TL","price":169,"price_formatted":"169.00 TL","price_per_unit":null,"price_per_unit_formatted":""},"include_tax":{"original_price":169,"original_price_formatted":"169.00 TL","price":169,"price_formatted":"169.00 TL","price_per_unit":null,"price_per_unit_formatted":""},"is_discounted":false}],"purchase_limit":null,"replenishment":{"message":null},"reviews":{"average_rating":null,"number_of_questions":null,"number_of_reviews":null},"set_components":null,"shade_groups":null,"shades":[{"description":"","hex_val":"#20367e","image":{"height":null,"src":"","width":null},"name":"Surf Pop","smoosh_design":{"group_id":null,"name":"32::none::none"}}],"sizes":[{"key":1,"value":"0.21 oz."}],"skin":{"tone":null,"type":null,"type_description":null},"sku_badge":null,"sku_badge_image":null,"sku_display_order":1,"sku_id":"ZKJT11","sku_promo_messaging":null,"sku_type":"SE","sku_url":null,"tags":{"total":6,"items":[{"id":"13562","key":"yeni̇-yil-makyaj","value":"YENİ YIL MAKYAJ"},{"id":"12537","key":"çok-satan-makyaj-ürünleri̇","value":"ÇOK SATAN MAKYAJ ÜRÜNLERİ"},{"id":"4323","key":"yeni̇-ürünler","value":"YENİ ÜRÜNLER"},{"id":"1602","key":"hedi̇yeler-setler","value":"HEDİYELER & SETLER"},{"id":"22734","key":"30-aninda-i̇ndi̇ri̇m","value":"%30 ANINDA İNDİRİM"},{"id":"1598","key":"göz-fari","value":"GÖZ FARI"}]},"texture":null,"undertone":null,"unit_of_measure":null,"unit_size":null,"unit_size_formatted":null,"upc":"020714781378","vto":{"is_color_experience":null,"is_foundation_experience":null}}]},"sub_display_name":null,"sub_header":null,"tags":{"total":9,"items":[{"id":"13562","key":"yeni̇-yil-makyaj","parent_tag_id":"13561","product_display_order":0,"value":"YENİ YIL MAKYAJ"},{"id":"12537","key":"çok-satan-makyaj-ürünleri̇","parent_tag_id":"1592","product_display_order":1,"value":"ÇOK SATAN MAKYAJ ÜRÜNLERİ"},{"id":"1592","key":"makyaj","parent_tag_id":null,"product_display_order":3,"value":"MAKYAJ"},{"id":"4323","key":"yeni̇-ürünler","parent_tag_id":null,"product_display_order":364,"value":"YENİ ÜRÜNLER"},{"id":"1602","key":"hedi̇yeler-setler","parent_tag_id":"1600","product_display_order":0,"value":"HEDİYELER & SETLER"},{"id":"13569","key":"99-tl-ve-alti-ci̇lt-bakimmakyajparfüm-setleri̇","parent_tag_id":"13561","product_display_order":0,"value":"99 TL VE ALTI CİLT BAKIM&MAKYAJ&PARFÜM SETLERİ"},{"id":"1590","key":"i̇ndi̇ri̇mli̇-ürünler","parent_tag_id":null,"product_display_order":0,"value":"İNDİRİMLİ ÜRÜNLER"},{"id":"22734","key":"30-aninda-i̇ndi̇ri̇m","parent_tag_id":"1590","product_display_order":0,"value":"%30 ANINDA İNDİRİM"},{"id":"1598","key":"göz-fari","parent_tag_id":"1592","product_display_order":1,"value":"GÖZ FARI"}]},"usage":[{"content":"<ul>/<li>Clinique'in Makyaj Fırçası koleksiyonundan göz farı için en uygununu seçerek, istenilen etki için göz kapağına uygulayın.</li><li>Farklı renkleri karıştırarak ve kat kat sürerek çarpıcı renkler ortaya çıkarın</li><li>Kaş kemiğinin hemen altını vurgulamak için veya ara renk olarak göz kapağına uygulayın.</li><ul>","label":"PRODUCT USAGE","type":"product_usage"},{"content":null,"label":"HOW DOES IT WORK","type":"how_does_it_work"},{"content":null,"label":"WHO IT IS FOR","type":"who_it_is_for"},{"content":null,"label":"GREAT TO KNOW","type":"great_to_know"},{"content":null,"label":"WHAT_IT_DOES","type":"what_it_does"},{"content":"<br><br><b>Nedir?</b><br>İpeksi formüllü göz farı anında renklendirme sağlar. Kolayca uygulanır ve  istenilen yoğunlukta uygulanarak kişiselleştirilebilir. Kontakt lens kullananlar ve hassas gözler için uygundur.","label":"WHAT_IT_IS","type":"what_it_is"}],"objectID":"39911"},{"benefit":{"statement":null,"benefits":null},"brand":null,"collection":null,"coverage":null,"cross_sell":null,"default_category":{"id":"14706","key":"maskeler"},"description":"Hava kirliliği ve çevrenin diğer zarar verici faktörleri cildi irrite ederek, maksimum sağlıkta davranmasını engeller. Ciltte oluşan bu tepkime, erken yaşlanma ve renk tonu eşitsizliği/ lekelenme ile sonuçlanabilir. City Block serisi üşterinin kirden arındırıcı formülü ile küçük taneciklerden ve toksinlerden arındırır.Gözeneklere derinlemesine detoks yapan temizleme jeli, günlük kullanım için uygundur Doğal&nbsp; kömür formülü kirden arındırır, gözeneklerin yağ ve toksinlerle dolmasını engeller.","display_mode":null,"display_name":"City Block Detoks Kömür Bazlı Kil Maskesi & Peeling ","display_status":7,"finish":null,"form":null,"formula_type":null,"fragrance_family":null,"indexable_keywords":null,"is_hazmat":false,"is_product_coming_soon":null,"is_product_displayable":true,"is_product_searchable":true,"is_product_shoppable":true,"is_product_sold_out":null,"is_product_temporarily_out_of_stock":null,"is_search_suppressed":null,"key_ingredient":null,"media":{"large":null,"medium":null,"poster":null,"small":null,"videos":[{"position":null,"poster":{"height":null,"src":null,"width":null},"provider":null,"src":null},{"position":null,"poster":{"height":null,"src":null,"width":null},"provider":null,"src":null},{"position":null,"poster":{"height":null,"src":null,"width":null},"provider":null,"src":null}],"xl":null},"meta":{"description":null,"keywords":null},"parent_category":[{"id":"14706","value":"MASKELER"},{"id":"1667","value":"CİLT BAKIMI"}],"product_badge":null,"product_id":"40546","product_title_tag":null,"product_type":"Other","product_url":"/product/14706/40546/cilt-bakimi/maskeler/city-block-detoks-komur-bazl-kil-maskesi-peeling","reviews":{"average_rating":4,"number_of_questions":null,"number_of_reviews":1},"shade_groups":null,"short_description":null,"skin":null,"skin_goal":null,"skus":{"total":1,"items":[{"color_family":null,"coverage_options":null,"cross_sell":null,"display_status":7,"finish":null,"finish_options":null,"fragrances":[{"family":null,"key":null,"value":null}],"iln_listing":null,"iln_version_number":null,"inventory_status":"Active","is_active":true,"is_coming_soon":null,"is_default_sku":false,"is_discountable":true,"is_displayable":null,"is_engravable":null,"is_fragrance":null,"is_giftable":null,"is_giftwrap":false,"is_inactive":null,"is_multi_shaded":null,"is_out_of_stock":null,"is_preorder":false,"is_preorderable":null,"is_promotional":null,"is_replenishable":false,"is_search_suppressed":null,"is_searchable":true,"is_shaded":null,"is_sized":null,"is_sold_out":null,"is_under_weight_hazmat":false,"is_vto_enabled":null,"life_of_product":"Basic Reorder","material_code":"ZMXT010001","media":{"large":[{"alt":"City Block Detoks Kömür Bazlı Kil Maskesi & Peeling ","height":1200,"position":0,"src":"/media/export/cms/products/1200x1500/cl_sku_ZMXT01_1200x1500_0.png","type":"image","width":1500}],"medium":[{"alt":"City Block Detoks Kömür Bazlı Kil Maskesi & Peeling ","height":600,"position":1,"src":"/media/export/cms/products/600x750/cl_sku_ZMXT01_600x750_0.png","type":"image","width":750}],"model":null,"poster":null,"small":[{"alt":"City Block Detoks Kömür Bazlı Kil Maskesi & Peeling ","height":1200,"position":2,"src":"/media/export/cms/products/1200x1500/cl_sku_ZMXT01_1200x1500_0.png","type":"image","width":1500}],"smoosh":null,"xl":null},"out_of_stock_threshold":null,"perlgem":{"SKU_BASE_ID":69990},"preorder_date":null,"prices":[{"currency":"TRY","exclude_tax":{"original_price":319,"original_price_formatted":"319.00 TL","price":319,"price_formatted":"319.00 TL","price_per_unit":null,"price_per_unit_formatted":""},"include_tax":{"original_price":319,"original_price_formatted":"319.00 TL","price":319,"price_formatted":"319.00 TL","price_per_unit":null,"price_per_unit_formatted":""},"is_discounted":false}],"purchase_limit":null,"replenishment":{"message":null},"reviews":{"average_rating":null,"number_of_questions":null,"number_of_reviews":null},"set_components":null,"shade_groups":null,"shades":null,"sizes":[{"key":1,"value":null}],"skin":{"tone":null,"type":null,"type_description":null},"sku_badge":null,"sku_badge_image":null,"sku_display_order":0,"sku_id":"ZMXT01","sku_promo_messaging":null,"sku_type":"SE","sku_url":null,"tags":{"total":12,"items":[{"id":"16526","key":"testcat2","value":"testcat2"},{"id":"14706","key":"maskeler","value":"MASKELER"},{"id":"16741","key":"siyah-nokta-karşıtı","value":"Siyah Nokta Karşıtı"},{"id":"1667","key":"ci̇lt-bakimi","value":"CİLT BAKIMI"},{"id":"16525","key":"testcat1","value":"testcat1"},{"id":"1585","key":"hediye-merkezi","value":"Hediye Merkezi"},{"id":"25565","key":"justarrivednew","value":"justarrivednew"},{"id":"1628","key":"-evde-bakim","value":"# EVDE BAKIM"},{"id":"4323","key":"yeni̇-ürünler","value":"YENİ ÜRÜNLER"},{"id":"19288","key":"sale","value":"sale"},{"id":"1590","key":"i̇ndi̇ri̇mli̇-ürünler","value":"İNDİRİMLİ ÜRÜNLER"},{"id":"1682","key":"peeling-ürünleri̇","value":"PEELING ÜRÜNLERİ"}]},"texture":null,"undertone":null,"unit_of_measure":null,"unit_size":null,"unit_size_formatted":null,"upc":"020714800826","vto":{"is_color_experience":null,"is_foundation_experience":null}}]},"sub_display_name":null,"sub_header":null,"tags":{"total":12,"items":[{"id":"16526","key":"testcat2","parent_tag_id":"1628","product_display_order":0,"value":"testcat2"},{"id":"14706","key":"maskeler","parent_tag_id":"1667","product_display_order":0,"value":"MASKELER"},{"id":"16741","key":"siyah-nokta-karşıtı","parent_tag_id":"1667","product_display_order":0,"value":"Siyah Nokta Karşıtı"},{"id":"1667","key":"ci̇lt-bakimi","parent_tag_id":null,"product_display_order":12,"value":"CİLT BAKIMI"},{"id":"16525","key":"testcat1","parent_tag_id":"1628","product_display_order":0,"value":"testcat1"},{"id":"1585","key":"hediye-merkezi","parent_tag_id":null,"product_display_order":0,"value":"Hediye Merkezi"},{"id":"25565","key":"justarrivednew","parent_tag_id":null,"product_display_order":3,"value":"justarrivednew"},{"id":"1628","key":"-evde-bakim","parent_tag_id":null,"product_display_order":194,"value":"# EVDE BAKIM"},{"id":"4323","key":"yeni̇-ürünler","parent_tag_id":null,"product_display_order":311,"value":"YENİ ÜRÜNLER"},{"id":"19288","key":"sale","parent_tag_id":"1590","product_display_order":0,"value":"sale"},{"id":"1590","key":"i̇ndi̇ri̇mli̇-ürünler","parent_tag_id":null,"product_display_order":0,"value":"İNDİRİMLİ ÜRÜNLER"},{"id":"1682","key":"peeling-ürünleri̇","parent_tag_id":"1667","product_display_order":0,"value":"PEELING ÜRÜNLERİ"}]},"usage":[{"content":null,"label":"PRODUCT USAGE","type":"product_usage"},{"content":null,"label":"HOW DOES IT WORK","type":"how_does_it_work"},{"content":null,"label":"WHO IT IS FOR","type":"who_it_is_for"},{"content":null,"label":"GREAT TO KNOW","type":"great_to_know"},{"content":null,"label":"WHAT_IT_DOES","type":"what_it_does"},{"content":"Hava kirliliği ve çevrenin diğer zarar verici faktörleri cildi irrite ederek, maksimum sağlıkta davranmasını engeller. Ciltte oluşan bu tepkime, erken yaşlanma ve renk tonu eşitsizliği/ lekelenme ile sonuçlanabilir. City Block serisi üşterinin kirden arındırıcı formülü ile küçük taneciklerden ve toksinlerden arındırır.Gözeneklere derinlemesine detoks yapan temizleme jeli, günlük kullanım için uygundur Doğal&nbsp; kömür formülü kirden arındırır, gözeneklerin yağ ve toksinlerle dolmasını engeller.","label":"WHAT_IT_IS","type":"what_it_is"}],"objectID":"40546"},{"benefit":{"statement":null,"benefits":null},"brand":null,"collection":null,"coverage":null,"cross_sell":[{"sku_id":"ZJPR01","sort_key":1},{"sku_id":"ZKNK01","sort_key":2}],"default_category":{"id":"1661","key":"güneş-koruyucu-ürünler"},"description":"<P>Yüksek korumalı, %100 mineral, irritasyona yol açmayan, UVA/ UVBB güneş koruması; kolayca absorbe edilir ve kolayca uygulanır. Cildi zararla UVA/ UVB ışınlarından korumak için fiziksel bir bariyer oluşturan mineral güneş koruması, kolayca absorbe olur ve hassas ciltlere uygundur. Mineral güneş koruyucular güvenli ve uzun süre kalıcıdır.&nbsp; <BR></P><P><BR>&nbsp;</P>","display_mode":null,"display_name":"Clinique Güneş Yüz Kremi SPF 30","display_status":7,"finish":null,"form":null,"formula_type":null,"fragrance_family":null,"indexable_keywords":null,"is_hazmat":false,"is_product_coming_soon":null,"is_product_displayable":true,"is_product_searchable":true,"is_product_shoppable":false,"is_product_sold_out":null,"is_product_temporarily_out_of_stock":null,"is_search_suppressed":null,"key_ingredient":null,"media":{"large":null,"medium":null,"poster":null,"small":null,"videos":[{"position":null,"poster":{"height":null,"src":null,"width":null},"provider":null,"src":null},{"position":null,"poster":{"height":null,"src":null,"width":null},"provider":null,"src":null},{"position":null,"poster":{"height":null,"src":null,"width":null},"provider":null,"src":null}],"xl":null},"meta":{"description":null,"keywords":null},"parent_category":[{"id":"1661","value":"GÜNEŞ KORUYUCU ÜRÜNLER"},{"id":"1659","value":"GÜNEŞ"}],"product_badge":null,"product_id":"40649","product_title_tag":null,"product_type":"Other","product_url":"/product/1661/40649/gunes/gunes-koruyucu-urunler/clinique-gunes-yuz-kremi-spf-30","reviews":{"average_rating":5,"number_of_questions":null,"number_of_reviews":1},"shade_groups":null,"short_description":"Yüksek korumalı yüz güneş kremi","skin":null,"skin_goal":null,"skus":{"total":1,"items":[{"color_family":null,"coverage_options":null,"cross_sell":null,"display_status":7,"finish":null,"finish_options":null,"fragrances":[{"family":null,"key":null,"value":null}],"iln_listing":null,"iln_version_number":null,"inventory_status":"Sold Out","is_active":null,"is_coming_soon":null,"is_default_sku":false,"is_discountable":true,"is_displayable":null,"is_engravable":null,"is_fragrance":null,"is_giftable":null,"is_giftwrap":false,"is_inactive":null,"is_multi_shaded":null,"is_out_of_stock":null,"is_preorder":false,"is_preorderable":null,"is_promotional":null,"is_replenishable":false,"is_search_suppressed":null,"is_searchable":true,"is_shaded":null,"is_sized":null,"is_sold_out":true,"is_under_weight_hazmat":false,"is_vto_enabled":null,"life_of_product":"Limited life","material_code":"ZJYP01A000","media":{"large":[{"alt":"Clinique Güneş Yüz Kremi SPF 30","height":1200,"position":0,"src":"/media/export/cms/products/1200x1500/cl_sku_ZJYP01_1200x1500_0.png","type":"image","width":1500}],"medium":[{"alt":"Clinique Güneş Yüz Kremi SPF 30","height":600,"position":1,"src":"/media/export/cms/products/600x750/cl_sku_ZJYP01_600x750_0.png","type":"image","width":750}],"model":null,"poster":null,"small":[{"alt":"Clinique Güneş Yüz Kremi SPF 30","height":1200,"position":2,"src":"/media/export/cms/products/1200x1500/cl_sku_ZJYP01_1200x1500_0.png","type":"image","width":1500}],"smoosh":null,"xl":null},"out_of_stock_threshold":null,"perlgem":{"SKU_BASE_ID":70153},"preorder_date":null,"prices":[{"currency":"TRY","exclude_tax":{"original_price":119,"original_price_formatted":"119.00 TL","price":119,"price_formatted":"119.00 TL","price_per_unit":null,"price_per_unit_formatted":""},"include_tax":{"original_price":119,"original_price_formatted":"119.00 TL","price":119,"price_formatted":"119.00 TL","price_per_unit":null,"price_per_unit_formatted":""},"is_discounted":false}],"purchase_limit":null,"replenishment":{"message":null},"reviews":{"average_rating":null,"number_of_questions":null,"number_of_reviews":null},"set_components":null,"shade_groups":null,"shades":null,"sizes":[{"key":1,"value":"30 ml"}],"skin":{"tone":null,"type":null,"type_description":null},"sku_badge":null,"sku_badge_image":null,"sku_display_order":0,"sku_id":"ZJYP01","sku_promo_messaging":null,"sku_type":"SE","sku_url":null,"tags":{"total":8,"items":[{"id":"1687","key":"yüz-nemlendi̇ri̇ci̇","value":"YÜZ NEMLENDİRİCİ"},{"id":"4323","key":"yeni̇-ürünler","value":"YENİ ÜRÜNLER"},{"id":"1660","key":"bronzlaştirici","value":"BRONZLAŞTIRICI"},{"id":"19288","key":"sale","value":"sale"},{"id":"1659","key":"güneş","value":"GÜNEŞ"},{"id":"1628","key":"-evde-bakim","value":"# EVDE BAKIM"},{"id":"17432","key":"minis","value":"Minis"},{"id":"1661","key":"güneş-koruyucu-ürünler","value":"GÜNEŞ KORUYUCU ÜRÜNLER"}]},"texture":null,"undertone":null,"unit_of_measure":null,"unit_size":null,"unit_size_formatted":null,"upc":"020714776091","vto":{"is_color_experience":null,"is_foundation_experience":null}}]},"sub_display_name":null,"sub_header":null,"tags":{"total":8,"items":[{"id":"1687","key":"yüz-nemlendi̇ri̇ci̇","parent_tag_id":"1667","product_display_order":79,"value":"YÜZ NEMLENDİRİCİ"},{"id":"4323","key":"yeni̇-ürünler","parent_tag_id":null,"product_display_order":194,"value":"YENİ ÜRÜNLER"},{"id":"1660","key":"bronzlaştirici","parent_tag_id":"1659","product_display_order":0,"value":"BRONZLAŞTIRICI"},{"id":"19288","key":"sale","parent_tag_id":"1590","product_display_order":0,"value":"sale"},{"id":"1659","key":"güneş","parent_tag_id":null,"product_display_order":0,"value":"GÜNEŞ"},{"id":"1628","key":"-evde-bakim","parent_tag_id":null,"product_display_order":0,"value":"# EVDE BAKIM"},{"id":"17432","key":"minis","parent_tag_id":"16370","product_display_order":75,"value":"Minis"},{"id":"1661","key":"güneş-koruyucu-ürünler","parent_tag_id":"1659","product_display_order":0,"value":"GÜNEŞ KORUYUCU ÜRÜNLER"}]},"usage":[{"content":"<LI>Güneşe çıkmadan önce tüm yüze eşit dağıtarak uygulayın.</LI><LI>Güneş altında 2 saatte bir yenileyin.</LI><LI>6 aylıkdan sonra bebeklere ve çocuklara uygulanabilir. </LI>","label":"PRODUCT USAGE","type":"product_usage"},{"content":null,"label":"HOW DOES IT WORK","type":"how_does_it_work"},{"content":null,"label":"WHO IT IS FOR","type":"who_it_is_for"},{"content":null,"label":"GREAT TO KNOW","type":"great_to_know"},{"content":null,"label":"WHAT_IT_DOES","type":"what_it_does"},{"content":"<P>Yüksek korumalı, %100 mineral, irritasyona yol açmayan, UVA/ UVBB güneş koruması; kolayca absorbe edilir ve kolayca uygulanır. Cildi zararla UVA/ UVB ışınlarından korumak için fiziksel bir bariyer oluşturan mineral güneş koruması, kolayca absorbe olur ve hassas ciltlere uygundur. Mineral güneş koruyucular güvenli ve uzun süre kalıcıdır.&nbsp; <BR></P><P><BR>&nbsp;</P>","label":"WHAT_IT_IS","type":"what_it_is"}],"objectID":"40649"},{"benefit":{"statement":null,"benefits":null},"brand":null,"collection":null,"coverage":null,"cross_sell":null,"default_category":{"id":"1659","key":"güneş"},"description":"<P>Solar Smart teknolojisi ile geliştirilmiş, UVA ve UVB ışınlarına karşı cildinizi korumaya yardımcı olur. Antioksidan içeriği sayesinde, çevresel zararlara karşı cildi korumayı destekler.Dermatologlar tarafından test edilmiştir. Yağsızdır.</P>","display_mode":null,"display_name":"Güneş Yüz Kremi SPF 50","display_status":7,"finish":null,"form":null,"formula_type":null,"fragrance_family":null,"indexable_keywords":null,"is_hazmat":false,"is_product_coming_soon":null,"is_product_displayable":true,"is_product_searchable":true,"is_product_shoppable":true,"is_product_sold_out":null,"is_product_temporarily_out_of_stock":null,"is_search_suppressed":null,"key_ingredient":null,"media":{"large":null,"medium":null,"poster":null,"small":null,"videos":[{"position":null,"poster":{"height":null,"src":null,"width":null},"provider":null,"src":null},{"position":null,"poster":{"height":null,"src":null,"width":null},"provider":null,"src":null},{"position":null,"poster":{"height":null,"src":null,"width":null},"provider":null,"src":null}],"xl":null},"meta":{"description":null,"keywords":null},"parent_category":[{"id":"1659","value":"GÜNEŞ"}],"product_badge":null,"product_id":"40650","product_title_tag":null,"product_type":"Other","product_url":"/product/1659/40650/gunes/gunes-yuz-kremi-spf-50","reviews":{"average_rating":5,"number_of_questions":null,"number_of_reviews":1},"shade_groups":null,"short_description":"Yüksek korumalı yüz güneş kremi","skin":null,"skin_goal":null,"skus":{"total":1,"items":[{"color_family":null,"coverage_options":null,"cross_sell":null,"display_status":7,"finish":null,"finish_options":null,"fragrances":[{"family":null,"key":null,"value":null}],"iln_listing":null,"iln_version_number":null,"inventory_status":"Active","is_active":true,"is_coming_soon":null,"is_default_sku":false,"is_discountable":true,"is_displayable":null,"is_engravable":null,"is_fragrance":null,"is_giftable":null,"is_giftwrap":false,"is_inactive":null,"is_multi_shaded":null,"is_out_of_stock":null,"is_preorder":false,"is_preorderable":null,"is_promotional":null,"is_replenishable":false,"is_search_suppressed":null,"is_searchable":true,"is_shaded":null,"is_sized":null,"is_sold_out":null,"is_under_weight_hazmat":false,"is_vto_enabled":null,"life_of_product":"Basic Reorder","material_code":"ZJYR01A000","media":{"large":[{"alt":"Güneş Yüz Kremi SPF 50","height":1200,"position":0,"src":"/media/export/cms/products/1200x1500/cl_sku_ZJYR01_1200x1500_0.png","type":"image","width":1500}],"medium":[{"alt":"Güneş Yüz Kremi SPF 50","height":600,"position":1,"src":"/media/export/cms/products/600x750/cl_sku_ZJYR01_600x750_0.png","type":"image","width":750}],"model":null,"poster":null,"small":[{"alt":"Güneş Yüz Kremi SPF 50","height":1200,"position":2,"src":"/media/export/cms/products/1200x1500/cl_sku_ZJYR01_1200x1500_0.png","type":"image","width":1500}],"smoosh":null,"xl":null},"out_of_stock_threshold":null,"perlgem":{"SKU_BASE_ID":70154},"preorder_date":null,"prices":[{"currency":"TRY","exclude_tax":{"original_price":119,"original_price_formatted":"119.00 TL","price":119,"price_formatted":"119.00 TL","price_per_unit":null,"price_per_unit_formatted":""},"include_tax":{"original_price":119,"original_price_formatted":"119.00 TL","price":119,"price_formatted":"119.00 TL","price_per_unit":null,"price_per_unit_formatted":""},"is_discounted":false}],"purchase_limit":null,"replenishment":{"message":null},"reviews":{"average_rating":null,"number_of_questions":null,"number_of_reviews":null},"set_components":null,"shade_groups":null,"shades":null,"sizes":[{"key":1,"value":"30 ml"}],"skin":{"tone":null,"type":null,"type_description":null},"sku_badge":null,"sku_badge_image":null,"sku_display_order":0,"sku_id":"ZJYR01","sku_promo_messaging":null,"sku_type":"SE","sku_url":null,"tags":{"total":7,"items":[{"id":"1667","key":"ci̇lt-bakimi","value":"CİLT BAKIMI"},{"id":"1659","key":"güneş","value":"GÜNEŞ"},{"id":"4323","key":"yeni̇-ürünler","value":"YENİ ÜRÜNLER"},{"id":"17859","key":"çok-satanlar","value":"ÇOK SATANLAR"},{"id":"13051","key":"skin-care-best-sellers","value":"Skin Care Best Sellers"},{"id":"1661","key":"güneş-koruyucu-ürünler","value":"GÜNEŞ KORUYUCU ÜRÜNLER"},{"id":"1660","key":"bronzlaştirici","value":"BRONZLAŞTIRICI"}]},"texture":null,"undertone":null,"unit_of_measure":null,"unit_size":null,"unit_size_formatted":null,"upc":"020714776114","vto":{"is_color_experience":null,"is_foundation_experience":null}}]},"sub_display_name":null,"sub_header":null,"tags":{"total":7,"items":[{"id":"1667","key":"ci̇lt-bakimi","parent_tag_id":null,"product_display_order":152,"value":"CİLT BAKIMI"},{"id":"1659","key":"güneş","parent_tag_id":null,"product_display_order":0,"value":"GÜNEŞ"},{"id":"4323","key":"yeni̇-ürünler","parent_tag_id":null,"product_display_order":291,"value":"YENİ ÜRÜNLER"},{"id":"17859","key":"çok-satanlar","parent_tag_id":null,"product_display_order":68,"value":"ÇOK SATANLAR"},{"id":"13051","key":"skin-care-best-sellers","parent_tag_id":"1667","product_display_order":0,"value":"Skin Care Best Sellers"},{"id":"1661","key":"güneş-koruyucu-ürünler","parent_tag_id":"1659","product_display_order":0,"value":"GÜNEŞ KORUYUCU ÜRÜNLER"},{"id":"1660","key":"bronzlaştirici","parent_tag_id":"1659","product_display_order":0,"value":"BRONZLAŞTIRICI"}]},"usage":[{"content":"<LI>Güneşe çıkmadan önce tüm yüze eşit dağıtarak uygulayın.</LI><LI>Güneş altında 2 saatte bir yenileyin.</LI><LI>6 aylıkdan sonra bebeklere ve çocuklara uygulanabilir. </LI>","label":"PRODUCT USAGE","type":"product_usage"},{"content":null,"label":"HOW DOES IT WORK","type":"how_does_it_work"},{"content":null,"label":"WHO IT IS FOR","type":"who_it_is_for"},{"content":null,"label":"GREAT TO KNOW","type":"great_to_know"},{"content":null,"label":"WHAT_IT_DOES","type":"what_it_does"},{"content":"<P>Solar Smart teknolojisi ile geliştirilmiş, UVA ve UVB ışınlarına karşı cildinizi korumaya yardımcı olur. Antioksidan içeriği sayesinde, çevresel zararlara karşı cildi korumayı destekler.Dermatologlar tarafından test edilmiştir. Yağsızdır.</P>","label":"WHAT_IT_IS","type":"what_it_is"}],"objectID":"40650"},{"benefit":{"statement":null,"benefits":null},"brand":null,"collection":null,"coverage":null,"cross_sell":null,"default_category":{"id":"1673","key":"makyaj-temi̇zli̇yi̇ci̇leri̇"},"description":null,"display_mode":null,"display_name":"Take The Day Off Wipes- Yüz Temizleme Mendilleri","display_status":7,"finish":null,"form":null,"formula_type":null,"fragrance_family":null,"indexable_keywords":null,"is_hazmat":false,"is_product_coming_soon":null,"is_product_displayable":true,"is_product_searchable":true,"is_product_shoppable":true,"is_product_sold_out":null,"is_product_temporarily_out_of_stock":null,"is_search_suppressed":null,"key_ingredient":null,"media":{"large":null,"medium":null,"poster":null,"small":null,"videos":[{"position":null,"poster":{"height":null,"src":null,"width":null},"provider":null,"src":null},{"position":null,"poster":{"height":null,"src":null,"width":null},"provider":null,"src":null},{"position":null,"poster":{"height":null,"src":null,"width":null},"provider":null,"src":null}],"xl":null},"meta":{"description":null,"keywords":null},"parent_category":[{"id":"1673","value":"MAKYAJ TEMİZLİYİCİLERİ"},{"id":"1667","value":"CİLT BAKIMI"}],"product_badge":null,"product_id":"40885","product_title_tag":null,"product_type":"Other","product_url":"/product/1673/40885/cilt-bakimi/makyaj-temizliyicileri/take-the-day-off-wipes-yuz-temizleme-mendilleri","reviews":{"average_rating":2.5,"number_of_questions":null,"number_of_reviews":2},"shade_groups":null,"short_description":null,"skin":null,"skin_goal":null,"skus":{"total":1,"items":[{"color_family":null,"coverage_options":null,"cross_sell":null,"display_status":7,"finish":null,"finish_options":null,"fragrances":[{"family":null,"key":null,"value":null}],"iln_listing":null,"iln_version_number":null,"inventory_status":"Active","is_active":true,"is_coming_soon":null,"is_default_sku":false,"is_discountable":true,"is_displayable":null,"is_engravable":null,"is_fragrance":null,"is_giftable":null,"is_giftwrap":false,"is_inactive":null,"is_multi_shaded":null,"is_out_of_stock":null,"is_preorder":false,"is_preorderable":null,"is_promotional":null,"is_replenishable":false,"is_search_suppressed":null,"is_searchable":true,"is_shaded":null,"is_sized":null,"is_sold_out":null,"is_under_weight_hazmat":false,"is_vto_enabled":null,"life_of_product":"Basic Reorder","material_code":"ZM7A010000","media":{"large":[{"alt":"Take The Day Off Wipes- Yüz Temizleme Mendilleri","height":1200,"position":0,"src":"/media/export/cms/products/1200x1500/cl_sku_ZM7A01_1200x1500_0.png","type":"image","width":1500}],"medium":[{"alt":"Take The Day Off Wipes- Yüz Temizleme Mendilleri","height":600,"position":1,"src":"/media/export/cms/products/600x750/cl_sku_ZM7A01_600x750_0.png","type":"image","width":750}],"model":null,"poster":null,"small":[{"alt":"Take The Day Off Wipes- Yüz Temizleme Mendilleri","height":1200,"position":2,"src":"/media/export/cms/products/1200x1500/cl_sku_ZM7A01_1200x1500_0.png","type":"image","width":1500}],"smoosh":null,"xl":null},"out_of_stock_threshold":null,"perlgem":{"SKU_BASE_ID":70493},"preorder_date":null,"prices":[{"currency":"TRY","exclude_tax":{"original_price":160,"original_price_formatted":"160.00 TL","price":160,"price_formatted":"160.00 TL","price_per_unit":null,"price_per_unit_formatted":""},"include_tax":{"original_price":160,"original_price_formatted":"160.00 TL","price":160,"price_formatted":"160.00 TL","price_per_unit":null,"price_per_unit_formatted":""},"is_discounted":false}],"purchase_limit":null,"replenishment":{"message":null},"reviews":{"average_rating":null,"number_of_questions":null,"number_of_reviews":null},"set_components":null,"shade_groups":null,"shades":null,"sizes":[{"key":1,"value":null}],"skin":{"tone":null,"type":null,"type_description":null},"sku_badge":null,"sku_badge_image":null,"sku_display_order":0,"sku_id":"ZM7A01","sku_promo_messaging":null,"sku_type":"SE","sku_url":null,"tags":{"total":9,"items":[{"id":"20011","key":"makeup-removers","value":"Makeup Removers"},{"id":"27173","key":"day6flashsale","value":"Day6FlashSale"},{"id":"1673","key":"makyaj-temi̇zli̇yi̇ci̇leri̇","value":"MAKYAJ TEMİZLİYİCİLERİ"},{"id":"27174","key":"day7flashsale","value":"Day7FlashSale"},{"id":"4323","key":"yeni̇-ürünler","value":"YENİ ÜRÜNLER"},{"id":"13562","key":"yeni̇-yil-makyaj","value":"YENİ YIL MAKYAJ"},{"id":"27172","key":"day5flashsale","value":"Day5FlashSale"},{"id":"1682","key":"peeling-ürünleri̇","value":"PEELING ÜRÜNLERİ"},{"id":"1667","key":"ci̇lt-bakimi","value":"CİLT BAKIMI"}]},"texture":null,"undertone":null,"unit_of_measure":null,"unit_size":null,"unit_size_formatted":null,"upc":"020714794620","vto":{"is_color_experience":null,"is_foundation_experience":null}}]},"sub_display_name":null,"sub_header":null,"tags":{"total":9,"items":[{"id":"20011","key":"makeup-removers","parent_tag_id":"1667","product_display_order":2,"value":"Makeup Removers"},{"id":"27173","key":"day6flashsale","parent_tag_id":"1590","product_display_order":0,"value":"Day6FlashSale"},{"id":"1673","key":"makyaj-temi̇zli̇yi̇ci̇leri̇","parent_tag_id":"1667","product_display_order":0,"value":"MAKYAJ TEMİZLİYİCİLERİ"},{"id":"27174","key":"day7flashsale","parent_tag_id":"1590","product_display_order":0,"value":"Day7FlashSale"},{"id":"4323","key":"yeni̇-ürünler","parent_tag_id":null,"product_display_order":222,"value":"YENİ ÜRÜNLER"},{"id":"13562","key":"yeni̇-yil-makyaj","parent_tag_id":"13561","product_display_order":0,"value":"YENİ YIL MAKYAJ"},{"id":"27172","key":"day5flashsale","parent_tag_id":"1590","product_display_order":39,"value":"Day5FlashSale"},{"id":"1682","key":"peeling-ürünleri̇","parent_tag_id":"1667","product_display_order":0,"value":"PEELING ÜRÜNLERİ"},{"id":"1667","key":"ci̇lt-bakimi","parent_tag_id":null,"product_display_order":13,"value":"CİLT BAKIMI"}]},"usage":[{"content":null,"label":"PRODUCT USAGE","type":"product_usage"},{"content":null,"label":"HOW DOES IT WORK","type":"how_does_it_work"},{"content":null,"label":"WHO IT IS FOR","type":"who_it_is_for"},{"content":null,"label":"GREAT TO KNOW","type":"great_to_know"},{"content":null,"label":"WHAT_IT_DOES","type":"what_it_does"},{"content":null,"label":"WHAT_IT_IS","type":"what_it_is"}],"objectID":"40885"},{"benefit":{"statement":null,"benefits":null},"brand":null,"collection":null,"coverage":null,"cross_sell":[{"sku_id":"ZJE001","sort_key":1},{"sku_id":"ZGH001","sort_key":2},{"sku_id":"ZCH501","sort_key":3},{"sku_id":"ZEK201","sort_key":4},{"sku_id":"7T5R01","sort_key":5}],"default_category":{"id":"1607","key":"pudra"},"description":"<body bgcolor='White' style='font-family:sans-serif;font-size:10pt;'><P>&nbsp;%100 mineral, irritasyona yol açmayan, UVA/ UVBB güneş koruması; kolayca absorbe edilir ve kolayca uygulanır.<BR>Cildi zararla UVA/ UVB ışınlarından korumaya yardımcı olmak için için fiziksel bir bariyer oluşturan mineral güneş koruması, kolayca absorbe olur ve hassas ciltlere uygundur. Mineral güneş koruyucular güvenli ve uzun süre kalıcıdır.<BR>• Diğer mineral güneş korumalarının aksine, Clinique'in Invisible Shield Teknolojisi sayesinde hafif yapılıdır ve ciltte kolayca dağılır. Teknolojinin süreci, her bir güneş koruma partikülünün hafif yapılı ve görünmez olmasını sağlar.</P><P>Özel Hediyeniz!&nbsp; </P><P>Kasım ayı boyunca tüm fondöten, pudra, BB ve CC Krem alışverişlerinizde 200 TL değerindeki makyaj seti hediyeniz otomatik olarak sepetinize eklenecektir.* </P><P>*Stoklarla sınırlıdır.</P></body>","display_mode":null,"display_name":"Mineral Güneş Pudrası SPF 30 ","display_status":7,"finish":null,"form":null,"formula_type":null,"fragrance_family":null,"indexable_keywords":[{"value":"Clinique"},{"value":"Sun"},{"value":"SPF"},{"value":"Mineral"},{"value":"pudra"},{"value":" güneş"},{"value":" yaz"}],"is_hazmat":false,"is_product_coming_soon":null,"is_product_displayable":true,"is_product_searchable":true,"is_product_shoppable":true,"is_product_sold_out":null,"is_product_temporarily_out_of_stock":null,"is_search_suppressed":null,"key_ingredient":null,"media":{"large":null,"medium":null,"poster":null,"small":null,"videos":[{"position":null,"poster":{"height":null,"src":null,"width":null},"provider":null,"src":null},{"position":null,"poster":{"height":null,"src":null,"width":null},"provider":null,"src":null},{"position":null,"poster":{"height":null,"src":null,"width":null},"provider":null,"src":null}],"xl":null},"meta":{"description":null,"keywords":null},"parent_category":[{"id":"1607","value":"PUDRA"},{"id":"1592","value":"MAKYAJ"}],"product_badge":null,"product_id":"40890","product_title_tag":null,"product_type":"Shaded","product_url":"/product/1607/40890/makyaj/pudra/mineral-gunes-pudras-spf-30","reviews":{"average_rating":4,"number_of_questions":null,"number_of_reviews":1},"shade_groups":null,"short_description":"UVA/UVB korumalı güneş pudrası.","skin":null,"skin_goal":null,"skus":{"total":4,"items":[{"color_family":null,"coverage_options":null,"cross_sell":null,"display_status":7,"finish":null,"finish_options":null,"fragrances":[{"family":null,"key":null,"value":null}],"iln_listing":null,"iln_version_number":null,"inventory_status":"Active","is_active":true,"is_coming_soon":null,"is_default_sku":false,"is_discountable":true,"is_displayable":null,"is_engravable":null,"is_fragrance":null,"is_giftable":null,"is_giftwrap":false,"is_inactive":null,"is_multi_shaded":null,"is_out_of_stock":null,"is_preorder":false,"is_preorderable":null,"is_promotional":null,"is_replenishable":false,"is_search_suppressed":null,"is_searchable":true,"is_shaded":null,"is_sized":null,"is_sold_out":null,"is_under_weight_hazmat":false,"is_vto_enabled":null,"life_of_product":"Basic Reorder","material_code":"ZKNK030001","media":{"large":[{"alt":"Mineral Güneş Pudrası SPF 30 ","height":1200,"position":1,"src":"/media/export/cms/products/1200x1500/cl_sku_ZKNK03_1200x1500_0.png","type":"image","width":1500}],"medium":[{"alt":"Mineral Güneş Pudrası SPF 30 ","height":600,"position":2,"src":"/media/export/cms/products/600x750/cl_sku_ZKNK03_600x750_0.png","type":"image","width":750}],"model":null,"poster":null,"small":[{"alt":"Mineral Güneş Pudrası SPF 30 ","height":1200,"position":3,"src":"/media/export/cms/products/1200x1500/cl_sku_ZKNK03_1200x1500_0.png","type":"image","width":1500}],"smoosh":[{"alt":"Mineral Güneş Pudrası SPF 30 ","height":1200,"position":0,"src":"/media/export/cms/products/1200x1500/swatches_v3/02_ns_ng.png","type":"image","width":1500}],"xl":null},"out_of_stock_threshold":null,"perlgem":{"SKU_BASE_ID":70500},"preorder_date":null,"prices":[{"currency":"TRY","exclude_tax":{"original_price":169,"original_price_formatted":"169.00 TL","price":169,"price_formatted":"169.00 TL","price_per_unit":null,"price_per_unit_formatted":""},"include_tax":{"original_price":169,"original_price_formatted":"169.00 TL","price":169,"price_formatted":"169.00 TL","price_per_unit":null,"price_per_unit_formatted":""},"is_discounted":false}],"purchase_limit":null,"replenishment":{"message":null},"reviews":{"average_rating":null,"number_of_questions":null,"number_of_reviews":null},"set_components":null,"shade_groups":null,"shades":[{"description":"","hex_val":"#F1BF9E","image":{"height":null,"src":"","width":null},"name":"Medium","smoosh_design":{"group_id":null,"name":"02::none::none"}}],"sizes":[{"key":1,"value":null}],"skin":{"tone":null,"type":null,"type_description":null},"sku_badge":null,"sku_badge_image":null,"sku_display_order":0,"sku_id":"ZKNK03","sku_promo_messaging":null,"sku_type":"SE","sku_url":null,"tags":{"total":7,"items":[{"id":"1592","key":"makyaj","value":"MAKYAJ"},{"id":"13562","key":"yeni̇-yil-makyaj","value":"YENİ YIL MAKYAJ"},{"id":"1667","key":"ci̇lt-bakimi","value":"CİLT BAKIMI"},{"id":"1607","key":"pudra","value":"PUDRA"},{"id":"1659","key":"güneş","value":"GÜNEŞ"},{"id":"1661","key":"güneş-koruyucu-ürünler","value":"GÜNEŞ KORUYUCU ÜRÜNLER"},{"id":"1660","key":"bronzlaştirici","value":"BRONZLAŞTIRICI"}]},"texture":null,"undertone":null,"unit_of_measure":null,"unit_size":null,"unit_size_formatted":null,"upc":"020714782429","vto":{"is_color_experience":null,"is_foundation_experience":null}},{"color_family":null,"coverage_options":null,"cross_sell":null,"display_status":7,"finish":null,"finish_options":null,"fragrances":[{"family":null,"key":null,"value":null}],"iln_listing":null,"iln_version_number":null,"inventory_status":"Active","is_active":true,"is_coming_soon":null,"is_default_sku":false,"is_discountable":true,"is_displayable":null,"is_engravable":null,"is_fragrance":null,"is_giftable":null,"is_giftwrap":false,"is_inactive":null,"is_multi_shaded":null,"is_out_of_stock":null,"is_preorder":false,"is_preorderable":null,"is_promotional":null,"is_replenishable":false,"is_search_suppressed":null,"is_searchable":true,"is_shaded":null,"is_sized":null,"is_sold_out":null,"is_under_weight_hazmat":false,"is_vto_enabled":null,"life_of_product":"Basic Reorder","material_code":"ZKNK010001","media":{"large":[{"alt":"Mineral Güneş Pudrası SPF 30 ","height":1200,"position":1,"src":"/media/export/cms/products/1200x1500/cl_sku_ZKNK01_1200x1500_0.png","type":"image","width":1500}],"medium":[{"alt":"Mineral Güneş Pudrası SPF 30 ","height":600,"position":2,"src":"/media/export/cms/products/600x750/cl_sku_ZKNK01_600x750_0.png","type":"image","width":750}],"model":null,"poster":null,"small":[{"alt":"Mineral Güneş Pudrası SPF 30 ","height":1200,"position":3,"src":"/media/export/cms/products/1200x1500/cl_sku_ZKNK01_1200x1500_0.png","type":"image","width":1500}],"smoosh":[{"alt":"Mineral Güneş Pudrası SPF 30 ","height":1200,"position":0,"src":"/media/export/cms/products/1200x1500/swatches_v3/02_ns_ng.png","type":"image","width":1500}],"xl":null},"out_of_stock_threshold":null,"perlgem":{"SKU_BASE_ID":70498},"preorder_date":null,"prices":[{"currency":"TRY","exclude_tax":{"original_price":169,"original_price_formatted":"169.00 TL","price":169,"price_formatted":"169.00 TL","price_per_unit":null,"price_per_unit_formatted":""},"include_tax":{"original_price":169,"original_price_formatted":"169.00 TL","price":169,"price_formatted":"169.00 TL","price_per_unit":null,"price_per_unit_formatted":""},"is_discounted":false}],"purchase_limit":null,"replenishment":{"message":null},"reviews":{"average_rating":null,"number_of_questions":null,"number_of_reviews":null},"set_components":null,"shade_groups":null,"shades":[{"description":"","hex_val":"#DEB4A0","image":{"height":null,"src":"","width":null},"name":"Very Fair","smoosh_design":{"group_id":null,"name":"02::none::none"}}],"sizes":[{"key":1,"value":null}],"skin":{"tone":null,"type":null,"type_description":null},"sku_badge":null,"sku_badge_image":null,"sku_display_order":0,"sku_id":"ZKNK01","sku_promo_messaging":null,"sku_type":"SE","sku_url":null,"tags":{"total":5,"items":[{"id":"1592","key":"makyaj","value":"MAKYAJ"},{"id":"1607","key":"pudra","value":"PUDRA"},{"id":"1659","key":"güneş","value":"GÜNEŞ"},{"id":"1661","key":"güneş-koruyucu-ürünler","value":"GÜNEŞ KORUYUCU ÜRÜNLER"},{"id":"1660","key":"bronzlaştirici","value":"BRONZLAŞTIRICI"}]},"texture":null,"undertone":null,"unit_of_measure":null,"unit_size":null,"unit_size_formatted":null,"upc":"020714782405","vto":{"is_color_experience":null,"is_foundation_experience":null}},{"color_family":null,"coverage_options":null,"cross_sell":null,"display_status":7,"finish":null,"finish_options":null,"fragrances":[{"family":null,"key":null,"value":null}],"iln_listing":null,"iln_version_number":null,"inventory_status":"Active","is_active":true,"is_coming_soon":null,"is_default_sku":false,"is_discountable":true,"is_displayable":null,"is_engravable":null,"is_fragrance":null,"is_giftable":null,"is_giftwrap":false,"is_inactive":null,"is_multi_shaded":null,"is_out_of_stock":null,"is_preorder":false,"is_preorderable":null,"is_promotional":null,"is_replenishable":false,"is_search_suppressed":null,"is_searchable":true,"is_shaded":null,"is_sized":null,"is_sold_out":null,"is_under_weight_hazmat":false,"is_vto_enabled":null,"life_of_product":"Basic Reorder","material_code":"ZKNK020001","media":{"large":[{"alt":"Mineral Güneş Pudrası SPF 30 ","height":1200,"position":1,"src":"/media/export/cms/products/1200x1500/cl_sku_ZKNK02_1200x1500_0.png","type":"image","width":1500}],"medium":[{"alt":"Mineral Güneş Pudrası SPF 30 ","height":600,"position":2,"src":"/media/export/cms/products/600x750/cl_sku_ZKNK02_600x750_0.png","type":"image","width":750}],"model":null,"poster":null,"small":[{"alt":"Mineral Güneş Pudrası SPF 30 ","height":1200,"position":3,"src":"/media/export/cms/products/1200x1500/cl_sku_ZKNK02_1200x1500_0.png","type":"image","width":1500}],"smoosh":[{"alt":"Mineral Güneş Pudrası SPF 30 ","height":1200,"position":0,"src":"/media/export/cms/products/1200x1500/swatches_v3/02_ns_ng.png","type":"image","width":1500}],"xl":null},"out_of_stock_threshold":null,"perlgem":{"SKU_BASE_ID":70499},"preorder_date":null,"prices":[{"currency":"TRY","exclude_tax":{"original_price":169,"original_price_formatted":"169.00 TL","price":169,"price_formatted":"169.00 TL","price_per_unit":null,"price_per_unit_formatted":""},"include_tax":{"original_price":169,"original_price_formatted":"169.00 TL","price":169,"price_formatted":"169.00 TL","price_per_unit":null,"price_per_unit_formatted":""},"is_discounted":false}],"purchase_limit":null,"replenishment":{"message":null},"reviews":{"average_rating":null,"number_of_questions":null,"number_of_reviews":null},"set_components":null,"shade_groups":null,"shades":[{"description":"","hex_val":"#F0C9AD","image":{"height":null,"src":"","width":null},"name":"Moderately Fair","smoosh_design":{"group_id":null,"name":"02::none::none"}}],"sizes":[{"key":1,"value":null}],"skin":{"tone":null,"type":null,"type_description":null},"sku_badge":null,"sku_badge_image":null,"sku_display_order":0,"sku_id":"ZKNK02","sku_promo_messaging":null,"sku_type":"SE","sku_url":null,"tags":{"total":8,"items":[{"id":"1592","key":"makyaj","value":"MAKYAJ"},{"id":"13562","key":"yeni̇-yil-makyaj","value":"YENİ YIL MAKYAJ"},{"id":"1667","key":"ci̇lt-bakimi","value":"CİLT BAKIMI"},{"id":"1607","key":"pudra","value":"PUDRA"},{"id":"1659","key":"güneş","value":"GÜNEŞ"},{"id":"1590","key":"i̇ndi̇ri̇mli̇-ürünler","value":"İNDİRİMLİ ÜRÜNLER"},{"id":"1661","key":"güneş-koruyucu-ürünler","value":"GÜNEŞ KORUYUCU ÜRÜNLER"},{"id":"1660","key":"bronzlaştirici","value":"BRONZLAŞTIRICI"}]},"texture":null,"undertone":null,"unit_of_measure":null,"unit_size":null,"unit_size_formatted":null,"upc":"020714782412","vto":{"is_color_experience":null,"is_foundation_experience":null}},{"color_family":null,"coverage_options":null,"cross_sell":null,"display_status":7,"finish":null,"finish_options":null,"fragrances":[{"family":null,"key":null,"value":null}],"iln_listing":null,"iln_version_number":null,"inventory_status":"Sold Out","is_active":null,"is_coming_soon":null,"is_default_sku":false,"is_discountable":true,"is_displayable":null,"is_engravable":null,"is_fragrance":null,"is_giftable":null,"is_giftwrap":false,"is_inactive":null,"is_multi_shaded":null,"is_out_of_stock":null,"is_preorder":false,"is_preorderable":null,"is_promotional":null,"is_replenishable":false,"is_search_suppressed":null,"is_searchable":true,"is_shaded":null,"is_sized":null,"is_sold_out":true,"is_under_weight_hazmat":false,"is_vto_enabled":null,"life_of_product":"Discontinued","material_code":"ZKNK040001","media":{"large":[{"alt":"Mineral Güneş Pudrası SPF 30 ","height":1200,"position":1,"src":"/media/export/cms/products/1200x1500/cl_sku_ZKNK04_1200x1500_0.png","type":"image","width":1500}],"medium":[{"alt":"Mineral Güneş Pudrası SPF 30 ","height":600,"position":2,"src":"/media/export/cms/products/600x750/cl_sku_ZKNK04_600x750_0.png","type":"image","width":750}],"model":null,"poster":null,"small":[{"alt":"Mineral Güneş Pudrası SPF 30 ","height":1200,"position":3,"src":"/media/export/cms/products/1200x1500/cl_sku_ZKNK04_1200x1500_0.png","type":"image","width":1500}],"smoosh":[{"alt":"Mineral Güneş Pudrası SPF 30 ","height":1200,"position":0,"src":"/media/export/cms/products/1200x1500/swatches_v3/02_ns_ng.png","type":"image","width":1500}],"xl":null},"out_of_stock_threshold":null,"perlgem":{"SKU_BASE_ID":70501},"preorder_date":null,"prices":[{"currency":"TRY","exclude_tax":{"original_price":169,"original_price_formatted":"169.00 TL","price":169,"price_formatted":"169.00 TL","price_per_unit":null,"price_per_unit_formatted":""},"include_tax":{"original_price":169,"original_price_formatted":"169.00 TL","price":169,"price_formatted":"169.00 TL","price_per_unit":null,"price_per_unit_formatted":""},"is_discounted":false}],"purchase_limit":null,"replenishment":{"message":null},"reviews":{"average_rating":null,"number_of_questions":null,"number_of_reviews":null},"set_components":null,"shade_groups":null,"shades":[{"description":"","hex_val":"#995B27","image":{"height":null,"src":"","width":null},"name":"Bronzed","smoosh_design":{"group_id":null,"name":"02::none::none"}}],"sizes":[{"key":1,"value":null}],"skin":{"tone":null,"type":null,"type_description":null},"sku_badge":null,"sku_badge_image":null,"sku_display_order":1,"sku_id":"ZKNK04","sku_promo_messaging":null,"sku_type":"SE","sku_url":null,"tags":{"total":6,"items":[{"id":"1592","key":"makyaj","value":"MAKYAJ"},{"id":"1667","key":"ci̇lt-bakimi","value":"CİLT BAKIMI"},{"id":"1607","key":"pudra","value":"PUDRA"},{"id":"1659","key":"güneş","value":"GÜNEŞ"},{"id":"1661","key":"güneş-koruyucu-ürünler","value":"GÜNEŞ KORUYUCU ÜRÜNLER"},{"id":"1660","key":"bronzlaştirici","value":"BRONZLAŞTIRICI"}]},"texture":null,"undertone":null,"unit_of_measure":null,"unit_size":null,"unit_size_formatted":null,"upc":"020714782436","vto":{"is_color_experience":null,"is_foundation_experience":null}}]},"sub_display_name":null,"sub_header":null,"tags":{"total":8,"items":[{"id":"1592","key":"makyaj","parent_tag_id":null,"product_display_order":111,"value":"MAKYAJ"},{"id":"13562","key":"yeni̇-yil-makyaj","parent_tag_id":"13561","product_display_order":0,"value":"YENİ YIL MAKYAJ"},{"id":"1667","key":"ci̇lt-bakimi","parent_tag_id":null,"product_display_order":7,"value":"CİLT BAKIMI"},{"id":"1607","key":"pudra","parent_tag_id":"1592","product_display_order":0,"value":"PUDRA"},{"id":"1659","key":"güneş","parent_tag_id":null,"product_display_order":0,"value":"GÜNEŞ"},{"id":"1590","key":"i̇ndi̇ri̇mli̇-ürünler","parent_tag_id":null,"product_display_order":0,"value":"İNDİRİMLİ ÜRÜNLER"},{"id":"1661","key":"güneş-koruyucu-ürünler","parent_tag_id":"1659","product_display_order":0,"value":"GÜNEŞ KORUYUCU ÜRÜNLER"},{"id":"1660","key":"bronzlaştirici","parent_tag_id":"1659","product_display_order":0,"value":"BRONZLAŞTIRICI"}]},"usage":[{"content":"<UL><LI>&nbsp;Süngerini kullanarak yüzünüzün ortasından dışarı doğru tüm yüze uygulayın.</LI><LI>&nbsp;Tek başına veya güneş koruyucu üzerine kullanılabilir.</LI></UL><P>&nbsp;</P>","label":"PRODUCT USAGE","type":"product_usage"},{"content":null,"label":"HOW DOES IT WORK","type":"how_does_it_work"},{"content":null,"label":"WHO IT IS FOR","type":"who_it_is_for"},{"content":null,"label":"GREAT TO KNOW","type":"great_to_know"},{"content":null,"label":"WHAT_IT_DOES","type":"what_it_does"},{"content":"<body bgcolor='White' style='font-family:sans-serif;font-size:10pt;'><P>&nbsp;%100 mineral, irritasyona yol açmayan, UVA/ UVBB güneş koruması; kolayca absorbe edilir ve kolayca uygulanır.<BR>Cildi zararla UVA/ UVB ışınlarından korumaya yardımcı olmak için için fiziksel bir bariyer oluşturan mineral güneş koruması, kolayca absorbe olur ve hassas ciltlere uygundur. Mineral güneş koruyucular güvenli ve uzun süre kalıcıdır.<BR>• Diğer mineral güneş korumalarının aksine, Clinique'in Invisible Shield Teknolojisi sayesinde hafif yapılıdır ve ciltte kolayca dağılır. Teknolojinin süreci, her bir güneş koruma partikülünün hafif yapılı ve görünmez olmasını sağlar.</P><P>Özel Hediyeniz!&nbsp; </P><P>Kasım ayı boyunca tüm fondöten, pudra, BB ve CC Krem alışverişlerinizde 200 TL değerindeki makyaj seti hediyeniz otomatik olarak sepetinize eklenecektir.* </P><P>*Stoklarla sınırlıdır.</P></body>","label":"WHAT_IT_IS","type":"what_it_is"}],"objectID":"40890"},{"benefit":{"statement":null,"benefits":null},"brand":null,"collection":null,"coverage":null,"cross_sell":null,"default_category":{"id":"1597","key":"eyeliner"},"description":"<P>Etkileyici bakışlar için yoğun ve dramatik gözler.&nbsp; Yoğun pigmentli kajal göz kalemi 12 saate kadar kalıcı yoğun renk sağlar.&nbsp; Özel formülü sayesinde suya, tere ve neme dayanıklıdır. Oftalmoloji&nbsp; testinden geçmiştir. Hassas gözler ve kontakt lens kullananlar için uygundur.</P><P>&nbsp;</P>","display_mode":null,"display_name":"High Impact Kajal Eyeliner","display_status":7,"finish":null,"form":null,"formula_type":null,"fragrance_family":null,"indexable_keywords":null,"is_hazmat":false,"is_product_coming_soon":null,"is_product_displayable":true,"is_product_searchable":true,"is_product_shoppable":true,"is_product_sold_out":null,"is_product_temporarily_out_of_stock":null,"is_search_suppressed":null,"key_ingredient":null,"media":{"large":null,"medium":null,"poster":null,"small":null,"videos":[{"position":null,"poster":{"height":null,"src":null,"width":null},"provider":null,"src":null},{"position":null,"poster":{"height":null,"src":null,"width":null},"provider":null,"src":null},{"position":null,"poster":{"height":null,"src":null,"width":null},"provider":null,"src":null}],"xl":null},"meta":{"description":null,"keywords":null},"parent_category":[{"id":"1597","value":"EYELINER "},{"id":"1592","value":"MAKYAJ"}],"product_badge":null,"product_id":"41979","product_title_tag":null,"product_type":"Shaded","product_url":"/product/1597/41979/makyaj/eyeliner/high-impact-kajal-eyeliner","reviews":{"average_rating":1,"number_of_questions":null,"number_of_reviews":1},"shade_groups":null,"short_description":null,"skin":null,"skin_goal":null,"skus":{"total":1,"items":[{"color_family":null,"coverage_options":null,"cross_sell":null,"display_status":7,"finish":null,"finish_options":null,"fragrances":[{"family":null,"key":null,"value":null}],"iln_listing":null,"iln_version_number":null,"inventory_status":"Active","is_active":true,"is_coming_soon":null,"is_default_sku":false,"is_discountable":true,"is_displayable":null,"is_engravable":null,"is_fragrance":null,"is_giftable":null,"is_giftwrap":false,"is_inactive":null,"is_multi_shaded":null,"is_out_of_stock":null,"is_preorder":false,"is_preorderable":null,"is_promotional":null,"is_replenishable":false,"is_search_suppressed":null,"is_searchable":true,"is_shaded":null,"is_sized":null,"is_sold_out":null,"is_under_weight_hazmat":false,"is_vto_enabled":null,"life_of_product":"Basic Reorder","material_code":"ZP4R010000","media":{"large":[{"alt":"High Impact Kajal Eyeliner","height":1200,"position":1,"src":"/media/export/cms/products/1200x1500/cl_sku_ZP4R01_1200x1500_0.png","type":"image","width":1500}],"medium":[{"alt":"High Impact Kajal Eyeliner","height":600,"position":2,"src":"/media/export/cms/products/600x750/cl_sku_ZP4R01_600x750_0.png","type":"image","width":750}],"model":null,"poster":null,"small":[{"alt":"High Impact Kajal Eyeliner","height":1200,"position":3,"src":"/media/export/cms/products/1200x1500/cl_sku_ZP4R01_1200x1500_0.png","type":"image","width":1500}],"smoosh":[{"alt":"High Impact Kajal Eyeliner","height":1200,"position":0,"src":"/media/export/cms/products/1200x1500/swatches_v3/53_ns_ng.png","type":"image","width":1500}],"xl":null},"out_of_stock_threshold":null,"perlgem":{"SKU_BASE_ID":71728},"preorder_date":null,"prices":[{"currency":"TRY","exclude_tax":{"original_price":195,"original_price_formatted":"195.00 TL","price":195,"price_formatted":"195.00 TL","price_per_unit":null,"price_per_unit_formatted":""},"include_tax":{"original_price":195,"original_price_formatted":"195.00 TL","price":195,"price_formatted":"195.00 TL","price_per_unit":null,"price_per_unit_formatted":""},"is_discounted":false}],"purchase_limit":null,"replenishment":{"message":null},"reviews":{"average_rating":null,"number_of_questions":null,"number_of_reviews":null},"set_components":null,"shade_groups":null,"shades":[{"description":"","hex_val":"#0b0004","image":{"height":null,"src":"","width":null},"name":"Blackened Black","smoosh_design":{"group_id":null,"name":"53::none::none"}}],"sizes":[{"key":1,"value":null}],"skin":{"tone":null,"type":null,"type_description":null},"sku_badge":null,"sku_badge_image":null,"sku_display_order":0,"sku_id":"ZP4R01","sku_promo_messaging":null,"sku_type":"SE","sku_url":null,"tags":{"total":9,"items":[{"id":"25565","key":"justarrivednew","value":"justarrivednew"},{"id":"27172","key":"day5flashsale","value":"Day5FlashSale"},{"id":"1597","key":"eyeliner","value":"EYELINER "},{"id":"13562","key":"yeni̇-yil-makyaj","value":"YENİ YIL MAKYAJ"},{"id":"27174","key":"day7flashsale","value":"Day7FlashSale"},{"id":"27171","key":"day4flashsale","value":"Day4FlashSale"},{"id":"4323","key":"yeni̇-ürünler","value":"YENİ ÜRÜNLER"},{"id":"1592","key":"makyaj","value":"MAKYAJ"},{"id":"12537","key":"çok-satan-makyaj-ürünleri̇","value":"ÇOK SATAN MAKYAJ ÜRÜNLERİ"}]},"texture":null,"undertone":null,"unit_of_measure":null,"unit_size":null,"unit_size_formatted":null,"upc":"020714810993","vto":{"is_color_experience":null,"is_foundation_experience":null}}]},"sub_display_name":null,"sub_header":null,"tags":{"total":9,"items":[{"id":"25565","key":"justarrivednew","parent_tag_id":null,"product_display_order":10,"value":"justarrivednew"},{"id":"27172","key":"day5flashsale","parent_tag_id":"1590","product_display_order":0,"value":"Day5FlashSale"},{"id":"1597","key":"eyeliner","parent_tag_id":"1592","product_display_order":0,"value":"EYELINER "},{"id":"13562","key":"yeni̇-yil-makyaj","parent_tag_id":"13561","product_display_order":0,"value":"YENİ YIL MAKYAJ"},{"id":"27174","key":"day7flashsale","parent_tag_id":"1590","product_display_order":0,"value":"Day7FlashSale"},{"id":"27171","key":"day4flashsale","parent_tag_id":"1590","product_display_order":11,"value":"Day4FlashSale"},{"id":"4323","key":"yeni̇-ürünler","parent_tag_id":null,"product_display_order":265,"value":"YENİ ÜRÜNLER"},{"id":"1592","key":"makyaj","parent_tag_id":null,"product_display_order":88,"value":"MAKYAJ"},{"id":"12537","key":"çok-satan-makyaj-ürünleri̇","parent_tag_id":"1592","product_display_order":0,"value":"ÇOK SATAN MAKYAJ ÜRÜNLERİ"}]},"usage":[{"content":"<UL><LI>Kalemin asansörlü ucunu ihtiyacınız kadar çıkarın ( kalem ucu geri girmediği için çok fazla çıkarmamaya dikkat edin)</LI><LI>&nbsp;Kirpik diplerinize istediğiniz yoğunlukta uygulayın.<BR></LI></UL>","label":"PRODUCT USAGE","type":"product_usage"},{"content":null,"label":"HOW DOES IT WORK","type":"how_does_it_work"},{"content":null,"label":"WHO IT IS FOR","type":"who_it_is_for"},{"content":null,"label":"GREAT TO KNOW","type":"great_to_know"},{"content":null,"label":"WHAT_IT_DOES","type":"what_it_does"},{"content":"<P>Etkileyici bakışlar için yoğun ve dramatik gözler.&nbsp; Yoğun pigmentli kajal göz kalemi 12 saate kadar kalıcı yoğun renk sağlar.&nbsp; Özel formülü sayesinde suya, tere ve neme dayanıklıdır. Oftalmoloji&nbsp; testinden geçmiştir. Hassas gözler ve kontakt lens kullananlar için uygundur.</P><P>&nbsp;</P>","label":"WHAT_IT_IS","type":"what_it_is"}],"objectID":"41979"},{"benefit":null,"brand":null,"collection":null,"coverage":null,"cross_sell":null,"default_category":{"id":"23297","key":"toni̇k-losyon"},"description":"Alkolsüz İçerik Hassas Ciltler İçin - Dermatologlar tarafından geliştirilen formülüyle yağ fazlalığını yok etmesine yardımcı olur. Cilt kirliliği ve yağı nedeniyle oluşabilecek sivilcelerin önlenmesine katkıda bulunur. Gözenek görünümünü azalmasına katkıda bulunur.   Aloe de içeren bitki özleri, arıtma süresince cildin rahatlamasına yardımcı olur. Etkili ve nazik bir arıtım ile hassas ciltleri yatıştırmayı , yumuşatmayı destekler.","display_mode":null,"display_name":"Clarifying Lotion Kuru Hassas Cilt İçin Arındırıcı Losyon Tonik 1 - Alkolsüz","display_status":7,"finish":null,"form":null,"formula_type":null,"fragrance_family":null,"indexable_keywords":null,"is_hazmat":false,"is_product_coming_soon":null,"is_product_displayable":true,"is_product_searchable":true,"is_product_shoppable":true,"is_product_sold_out":null,"is_product_temporarily_out_of_stock":null,"is_search_suppressed":null,"key_ingredient":null,"media":{"large":[{"alt":"Clarifying Lotion Kuru Hassas Cilt İçin Arındırıcı Losyon Tonik 1 - Alkolsüz","height":1200,"position":0,"src":"/media/export/cms/products/1200x1500/cl_prod_41982_1200x1500_0.png","type":"image","width":1500},{"alt":"Clarifying Lotion Kuru Hassas Cilt İçin Arındırıcı Losyon Tonik 1 - Alkolsüz","height":1200,"position":1,"src":"/media/export/cms/products/1200x1500/cl_prod_41982_1200x1500_1.png","type":"image","width":1500}],"medium":null,"poster":null,"small":[{"alt":"Clarifying Lotion Kuru Hassas Cilt İçin Arındırıcı Losyon Tonik 1 - Alkolsüz","height":1200,"position":2,"src":"/media/export/cms/products/1200x1500/cl_prod_41982_1200x1500_0.png","type":"image","width":1500},{"alt":"Clarifying Lotion Kuru Hassas Cilt İçin Arındırıcı Losyon Tonik 1 - Alkolsüz","height":1200,"position":3,"src":"/media/export/cms/products/1200x1500/cl_prod_41982_1200x1500_1.png","type":"image","width":1500}],"videos":[{"position":null,"poster":{"height":null,"src":null,"width":null},"provider":null,"src":null},{"position":null,"poster":{"height":null,"src":null,"width":null},"provider":null,"src":null},{"position":null,"poster":{"height":null,"src":null,"width":null},"provider":null,"src":null}],"xl":null},"meta":{"description":null,"keywords":null},"parent_category":[{"id":"23297","value":"TONİK LOSYON"},{"id":"1667","value":"CİLT BAKIMI"}],"product_badge":null,"product_id":"41982","product_title_tag":null,"product_type":"Other","product_url":"/product/23297/41982/cilt-bakimi/tonik-losyon/clarifying-lotion-kuru-hassas-cilt-icin-arndrc-losyon-tonik-1--alkolsuz","reviews":{"average_rating":null,"number_of_questions":null,"number_of_reviews":null},"shade_groups":null,"short_description":"Dermatologlar tarafından geliştirilen rındırıcı yüz temizleme losyon tonik, cildi daha pürüzsüz ve ışıltılı yapmak için arındırır","skin":{"concern":[{"key":"sensitive-concern","value":"sensitive_concern"}]},"skin_goal":null,"skus":{"total":1,"items":[{"color_family":null,"coverage_options":null,"cross_sell":null,"display_status":7,"finish":null,"finish_options":null,"fragrances":[{"family":null,"key":null,"value":null}],"iln_listing":null,"iln_version_number":null,"inventory_status":"Active","is_active":true,"is_coming_soon":null,"is_default_sku":true,"is_discountable":true,"is_displayable":null,"is_engravable":null,"is_fragrance":null,"is_giftable":null,"is_giftwrap":false,"is_inactive":null,"is_multi_shaded":null,"is_out_of_stock":null,"is_preorder":false,"is_preorderable":null,"is_promotional":null,"is_replenishable":false,"is_search_suppressed":null,"is_searchable":true,"is_shaded":null,"is_sized":null,"is_sold_out":null,"is_under_weight_hazmat":false,"is_vto_enabled":null,"life_of_product":"Basic Reorder","material_code":"ZMY2010000","media":{"large":[{"alt":"Clarifying Lotion Kuru Hassas Cilt İçin Arındırıcı Losyon Tonik 1 - Alkolsüz","height":1200,"position":0,"src":"/media/export/cms/products/1200x1500/cl_sku_ZMY201_1200x1500_0.png","type":"image","width":1500}],"medium":[{"alt":"Clarifying Lotion Kuru Hassas Cilt İçin Arındırıcı Losyon Tonik 1 - Alkolsüz","height":600,"position":1,"src":"/media/export/cms/products/600x750/cl_sku_ZMY201_600x750_0.png","type":"image","width":750},{"alt":"Clarifying Lotion Kuru Hassas Cilt İçin Arındırıcı Losyon Tonik 1 - Alkolsüz","height":600,"position":2,"src":"/media/export/cms/products/600x750/cl_sku_ZMY201_600x750_1.png","type":"image","width":750}],"model":null,"poster":null,"small":[{"alt":"Clarifying Lotion Kuru Hassas Cilt İçin Arındırıcı Losyon Tonik 1 - Alkolsüz","height":1200,"position":3,"src":"/media/export/cms/products/1200x1500/cl_sku_ZMY201_1200x1500_0.png","type":"image","width":1500}],"smoosh":null,"xl":null},"out_of_stock_threshold":null,"perlgem":{"SKU_BASE_ID":71735},"preorder_date":null,"prices":[{"currency":"TRY","exclude_tax":{"original_price":320,"original_price_formatted":"320.00 TL","price":320,"price_formatted":"320.00 TL","price_per_unit":null,"price_per_unit_formatted":""},"include_tax":{"original_price":320,"original_price_formatted":"320.00 TL","price":320,"price_formatted":"320.00 TL","price_per_unit":null,"price_per_unit_formatted":""},"is_discounted":false}],"purchase_limit":null,"replenishment":{"message":null},"reviews":{"average_rating":null,"number_of_questions":null,"number_of_reviews":null},"set_components":null,"shade_groups":null,"shades":null,"sizes":[{"key":1,"value":"400 ml"}],"skin":{"tone":null,"type":[{"key":"very-dry-skintype","value":"very_dry_skintype"},{"key":"dry-skintype","value":"dry_skintype"},{"key":"combination-skintype","value":"combination_skintype"},{"key":"oily-skintype","value":"oily_skintype"}],"type_description":null},"sku_badge":null,"sku_badge_image":null,"sku_display_order":1,"sku_id":"ZMY201","sku_promo_messaging":null,"sku_type":"SE","sku_url":null,"tags":{"total":10,"items":[{"id":"27172","key":"day5flashsale","value":"Day5FlashSale"},{"id":"1682","key":"peeling-ürünleri̇","value":"PEELING ÜRÜNLERİ"},{"id":"24002","key":"jumbo-boy","value":"JUMBO BOY"},{"id":"1573","key":"arindirma","value":"ARINDIRMA"},{"id":"13563","key":"yeni̇-yil-ci̇lt-bakimi","value":"YENİ YIL CİLT BAKIMI"},{"id":"27173","key":"day6flashsale","value":"Day6FlashSale"},{"id":"23297","key":"toni̇k-losyon","value":"TONİK LOSYON"},{"id":"1575","key":"en-çok-satanlar","value":"En Çok Satanlar"},{"id":"24180","key":"tamamlayici-ürünler","value":"TAMAMLAYICI ÜRÜNLER"},{"id":"12602","key":"jumbo-boylar","value":"JUMBO BOYLAR"}]},"texture":null,"undertone":null,"unit_of_measure":null,"unit_size":null,"unit_size_formatted":null,"upc":"020714800888","vto":{"is_color_experience":null,"is_foundation_experience":null}}]},"sub_display_name":null,"sub_header":null,"tags":{"total":10,"items":[{"id":"27172","key":"day5flashsale","parent_tag_id":"1590","product_display_order":28,"value":"Day5FlashSale"},{"id":"1682","key":"peeling-ürünleri̇","parent_tag_id":"1667","product_display_order":0,"value":"PEELING ÜRÜNLERİ"},{"id":"24002","key":"jumbo-boy","parent_tag_id":"1667","product_display_order":0,"value":"JUMBO BOY"},{"id":"1573","key":"arindirma","parent_tag_id":"1570","product_display_order":0,"value":"ARINDIRMA"},{"id":"13563","key":"yeni̇-yil-ci̇lt-bakimi","parent_tag_id":"13561","product_display_order":0,"value":"YENİ YIL CİLT BAKIMI"},{"id":"27173","key":"day6flashsale","parent_tag_id":"1590","product_display_order":0,"value":"Day6FlashSale"},{"id":"23297","key":"toni̇k-losyon","parent_tag_id":"1667","product_display_order":1,"value":"TONİK LOSYON"},{"id":"1575","key":"en-çok-satanlar","parent_tag_id":null,"product_display_order":111,"value":"En Çok Satanlar"},{"id":"24180","key":"tamamlayici-ürünler","parent_tag_id":"1667","product_display_order":0,"value":"TAMAMLAYICI ÜRÜNLER"},{"id":"12602","key":"jumbo-boylar","parent_tag_id":"1570","product_display_order":0,"value":"JUMBO BOYLAR"}]},"usage":[{"content":null,"label":"PRODUCT USAGE","type":"product_usage"},{"content":null,"label":"HOW DOES IT WORK","type":"how_does_it_work"},{"content":"Tüm Cilt Tipleri (1, 2, 3, 4)","label":"WHO IT IS FOR","type":"who_it_is_for"},{"content":"5 farklı cilt tipine uygun formül geliştirilmiştir.<li> Hassas ciltler için: Clarifyin Lotion 1.0</li><li>Çok Kuru Ciltler için: Clarifying Lotion 1</li><li>Kuru karma ciltler için: Clarifying Lotion 2</li><li>Karma Yağlı Ciltler için: Clarifying Lotion 3</li><li>Çok Yağlı Ciltler için Clarifying Lotion 4</li><br>The secret’s in the system.<br>3 adımlı cilt bakım sistemimiz dermatologlar tarafından geliştirilmiştir.<br> Basit, etkili ve güvenlidir. 3 dakika içinde, günde iki kere: Yüz yıkama jeli/sabunu ile cildinizi temizleyin, losyon ile cildinizi arındırın, DDML+ , yağ içermeyen jel veya jelly formülü ile nemlendirin.<br>Clinique cilt bakım sistemimizden size uygun olan rutini seçiniz.","label":"GREAT TO KNOW","type":"great_to_know"},{"content":"<ul><li>Hassas ve arındırıcı formülü ile cildinizde fark yaratır. Hava kirliliği, yağ ve kiri cildinizden nazikçe arındırır.</li><li>Cildi nemlendiriciye hazırlar- arındırılmış cilt nemlendirici ve serumları daha etkili şekilde hapseder.</li><li>Yağlı ciltler, cildindeki yağ üretimini azaltmak ve gözenek temizliğini sağlamak için 2 kere uygulamalıdır.</li><li>Kuru ciltler, nemlendirici emiliminin artmasına destek olması ve nemsizlikten oluşan ince çizgileri engellemek için günde 2 kere uygulamalıdır.</li><br><br><b>Nasıl Kullanılır?</b><br><ul><li>Sabah ve akşam olmak üzere günde 2 kere uygulayın.</li><li>Cildinize tampon hareketlerle pamuk ile uygulayın.</li><li>Harici kullanım içindir. Göz ve dudak çevresinden uzak tutunuz.</li><li>3. Adım olan nemlendirici adımı ile devam ediniz. Cildinize uygun olan Dramatically Different Losyon, Jel ya da Jelly'i seçiniz.</li></ul>","label":"WHAT_IT_DOES","type":"what_it_does"},{"content":"3 Adımlı Cilt Bakım Sistemimizin 2.Adımı.<br> Dermatologlar tarafından geliştirilen rındırıcı yüz temizleme losyon tonik, cildi daha pürüzsüz ve ışıltılı yapmak için arındırır","label":"WHAT_IT_IS","type":"what_it_is"}],"objectID":"41982"},{"benefit":null,"brand":null,"collection":null,"coverage":null,"cross_sell":null,"default_category":{"id":"4323","key":"yeni̇-ürünler"},"description":null,"display_mode":null,"display_name":"Fall 2016 CONCERN KIT HYDRATION","display_status":1,"finish":null,"form":null,"formula_type":null,"fragrance_family":null,"indexable_keywords":null,"is_hazmat":false,"is_product_coming_soon":null,"is_product_displayable":true,"is_product_searchable":true,"is_product_shoppable":false,"is_product_sold_out":null,"is_product_temporarily_out_of_stock":null,"is_search_suppressed":null,"key_ingredient":null,"media":{"large":null,"medium":null,"poster":null,"small":null,"videos":[{"position":null,"poster":{"height":null,"src":null,"width":null},"provider":null,"src":null},{"position":null,"poster":{"height":null,"src":null,"width":null},"provider":null,"src":null},{"position":null,"poster":{"height":null,"src":null,"width":null},"provider":null,"src":null}],"xl":null},"meta":{"description":null,"keywords":null},"parent_category":[{"id":"4323","value":"YENİ ÜRÜNLER"}],"product_badge":null,"product_id":"41985","product_title_tag":null,"product_type":"Other","product_url":"/product/4323/41985/yeni-urunler/fall-2016-concern-kit-hydration","reviews":{"average_rating":null,"number_of_questions":null,"number_of_reviews":null},"shade_groups":null,"short_description":null,"skin":null,"skin_goal":null,"skus":{"total":1,"items":[{"color_family":null,"coverage_options":null,"cross_sell":null,"display_status":1,"finish":null,"finish_options":null,"fragrances":[{"family":null,"key":null,"value":null}],"iln_listing":null,"iln_version_number":null,"inventory_status":"Sold Out","is_active":null,"is_coming_soon":null,"is_default_sku":false,"is_discountable":true,"is_displayable":null,"is_engravable":null,"is_fragrance":null,"is_giftable":null,"is_giftwrap":false,"is_inactive":null,"is_multi_shaded":null,"is_out_of_stock":null,"is_preorder":false,"is_preorderable":null,"is_promotional":null,"is_replenishable":false,"is_search_suppressed":null,"is_searchable":true,"is_shaded":null,"is_sized":null,"is_sold_out":true,"is_under_weight_hazmat":false,"is_vto_enabled":null,"life_of_product":"Limited life","material_code":"ZPJX010000","media":{"large":[{"alt":"Fall 2016 CONCERN KIT HYDRATION","height":1200,"position":0,"src":"/media/export/cms/products/1200x1500/cl_sku_ZPJX01_1200x1500_0.png","type":"image","width":1500}],"medium":[{"alt":"Fall 2016 CONCERN KIT HYDRATION","height":600,"position":1,"src":"/media/export/cms/products/600x750/cl_sku_ZPJX01_600x750_0.png","type":"image","width":750}],"model":null,"poster":null,"small":[{"alt":"Fall 2016 CONCERN KIT HYDRATION","height":1200,"position":2,"src":"/media/export/cms/products/1200x1500/cl_sku_ZPJX01_1200x1500_0.png","type":"image","width":1500}],"smoosh":null,"xl":null},"out_of_stock_threshold":null,"perlgem":{"SKU_BASE_ID":71737},"preorder_date":null,"prices":[{"currency":"TRY","exclude_tax":{"original_price":12.5,"original_price_formatted":"12.50 TL","price":12.5,"price_formatted":"12.50 TL","price_per_unit":null,"price_per_unit_formatted":""},"include_tax":{"original_price":12.5,"original_price_formatted":"12.50 TL","price":12.5,"price_formatted":"12.50 TL","price_per_unit":null,"price_per_unit_formatted":""},"is_discounted":false}],"purchase_limit":null,"replenishment":{"message":null},"reviews":{"average_rating":null,"number_of_questions":null,"number_of_reviews":null},"set_components":null,"shade_groups":null,"shades":null,"sizes":[{"key":1,"value":null}],"skin":{"tone":null,"type":null,"type_description":null},"sku_badge":null,"sku_badge_image":null,"sku_display_order":0,"sku_id":"ZPJX01","sku_promo_messaging":null,"sku_type":"SE","sku_url":null,"tags":{"total":1,"items":[{"id":"4323","key":"yeni̇-ürünler","value":"YENİ ÜRÜNLER"}]},"texture":null,"undertone":null,"unit_of_measure":null,"unit_size":null,"unit_size_formatted":null,"upc":"020714816612","vto":{"is_color_experience":null,"is_foundation_experience":null}}]},"sub_display_name":null,"sub_header":null,"tags":{"total":1,"items":[{"id":"4323","key":"yeni̇-ürünler","parent_tag_id":null,"product_display_order":165,"value":"YENİ ÜRÜNLER"}]},"usage":[{"content":null,"label":"PRODUCT USAGE","type":"product_usage"},{"content":null,"label":"HOW DOES IT WORK","type":"how_does_it_work"},{"content":null,"label":"WHO IT IS FOR","type":"who_it_is_for"},{"content":null,"label":"GREAT TO KNOW","type":"great_to_know"},{"content":null,"label":"WHAT_IT_DOES","type":"what_it_does"},{"content":null,"label":"WHAT_IT_IS","type":"what_it_is"}],"objectID":"41985"},{"benefit":null,"brand":null,"collection":null,"coverage":null,"cross_sell":null,"default_category":{"id":"4323","key":"yeni̇-ürünler"},"description":null,"display_mode":null,"display_name":"Fall 2016 CONCERN KIT REVITALIZING","display_status":1,"finish":null,"form":null,"formula_type":null,"fragrance_family":null,"indexable_keywords":null,"is_hazmat":false,"is_product_coming_soon":null,"is_product_displayable":true,"is_product_searchable":true,"is_product_shoppable":false,"is_product_sold_out":null,"is_product_temporarily_out_of_stock":null,"is_search_suppressed":null,"key_ingredient":null,"media":{"large":null,"medium":null,"poster":null,"small":null,"videos":[{"position":null,"poster":{"height":null,"src":null,"width":null},"provider":null,"src":null},{"position":null,"poster":{"height":null,"src":null,"width":null},"provider":null,"src":null},{"position":null,"poster":{"height":null,"src":null,"width":null},"provider":null,"src":null}],"xl":null},"meta":{"description":null,"keywords":null},"parent_category":[{"id":"4323","value":"YENİ ÜRÜNLER"}],"product_badge":null,"product_id":"41986","product_title_tag":null,"product_type":"Other","product_url":"/product/4323/41986/yeni-urunler/fall-2016-concern-kit-revitalizing","reviews":{"average_rating":null,"number_of_questions":null,"number_of_reviews":null},"shade_groups":null,"short_description":null,"skin":null,"skin_goal":null,"skus":{"total":1,"items":[{"color_family":null,"coverage_options":null,"cross_sell":null,"display_status":1,"finish":null,"finish_options":null,"fragrances":[{"family":null,"key":null,"value":null}],"iln_listing":null,"iln_version_number":null,"inventory_status":"Sold Out","is_active":null,"is_coming_soon":null,"is_default_sku":false,"is_discountable":true,"is_displayable":null,"is_engravable":null,"is_fragrance":null,"is_giftable":null,"is_giftwrap":false,"is_inactive":null,"is_multi_shaded":null,"is_out_of_stock":null,"is_preorder":false,"is_preorderable":null,"is_promotional":null,"is_replenishable":false,"is_search_suppressed":null,"is_searchable":true,"is_shaded":null,"is_sized":null,"is_sold_out":true,"is_under_weight_hazmat":false,"is_vto_enabled":null,"life_of_product":"Limited life","material_code":"ZPJY010000","media":{"large":[{"alt":"Fall 2016 CONCERN KIT REVITALIZING","height":1200,"position":0,"src":"/media/export/cms/products/1200x1500/cl_sku_ZPJY01_1200x1500_0.png","type":"image","width":1500}],"medium":[{"alt":"Fall 2016 CONCERN KIT REVITALIZING","height":600,"position":1,"src":"/media/export/cms/products/600x750/cl_sku_ZPJY01_600x750_0.png","type":"image","width":750}],"model":null,"poster":null,"small":[{"alt":"Fall 2016 CONCERN KIT REVITALIZING","height":1200,"position":2,"src":"/media/export/cms/products/1200x1500/cl_sku_ZPJY01_1200x1500_0.png","type":"image","width":1500}],"smoosh":null,"xl":null},"out_of_stock_threshold":null,"perlgem":{"SKU_BASE_ID":71738},"preorder_date":null,"prices":[{"currency":"TRY","exclude_tax":{"original_price":12.5,"original_price_formatted":"12.50 TL","price":12.5,"price_formatted":"12.50 TL","price_per_unit":null,"price_per_unit_formatted":""},"include_tax":{"original_price":12.5,"original_price_formatted":"12.50 TL","price":12.5,"price_formatted":"12.50 TL","price_per_unit":null,"price_per_unit_formatted":""},"is_discounted":false}],"purchase_limit":null,"replenishment":{"message":null},"reviews":{"average_rating":null,"number_of_questions":null,"number_of_reviews":null},"set_components":null,"shade_groups":null,"shades":null,"sizes":[{"key":1,"value":null}],"skin":{"tone":null,"type":null,"type_description":null},"sku_badge":null,"sku_badge_image":null,"sku_display_order":0,"sku_id":"ZPJY01","sku_promo_messaging":null,"sku_type":"SE","sku_url":null,"tags":{"total":1,"items":[{"id":"4323","key":"yeni̇-ürünler","value":"YENİ ÜRÜNLER"}]},"texture":null,"undertone":null,"unit_of_measure":null,"unit_size":null,"unit_size_formatted":null,"upc":"020714816636","vto":{"is_color_experience":null,"is_foundation_experience":null}}]},"sub_display_name":null,"sub_header":null,"tags":{"total":1,"items":[{"id":"4323","key":"yeni̇-ürünler","parent_tag_id":null,"product_display_order":177,"value":"YENİ ÜRÜNLER"}]},"usage":[{"content":null,"label":"PRODUCT USAGE","type":"product_usage"},{"content":null,"label":"HOW DOES IT WORK","type":"how_does_it_work"},{"content":null,"label":"WHO IT IS FOR","type":"who_it_is_for"},{"content":null,"label":"GREAT TO KNOW","type":"great_to_know"},{"content":null,"label":"WHAT_IT_DOES","type":"what_it_does"},{"content":null,"label":"WHAT_IT_IS","type":"what_it_is"}],"objectID":"41986"},{"benefit":null,"brand":null,"collection":null,"coverage":null,"cross_sell":null,"default_category":{"id":"4323","key":"yeni̇-ürünler"},"description":null,"display_mode":null,"display_name":"Fall 2016 CONCERN KIT ACNE","display_status":1,"finish":null,"form":null,"formula_type":null,"fragrance_family":null,"indexable_keywords":null,"is_hazmat":false,"is_product_coming_soon":null,"is_product_displayable":true,"is_product_searchable":true,"is_product_shoppable":false,"is_product_sold_out":null,"is_product_temporarily_out_of_stock":null,"is_search_suppressed":null,"key_ingredient":null,"media":{"large":null,"medium":null,"poster":null,"small":null,"videos":[{"position":null,"poster":{"height":null,"src":null,"width":null},"provider":null,"src":null},{"position":null,"poster":{"height":null,"src":null,"width":null},"provider":null,"src":null},{"position":null,"poster":{"height":null,"src":null,"width":null},"provider":null,"src":null}],"xl":null},"meta":{"description":null,"keywords":null},"parent_category":[{"id":"4323","value":"YENİ ÜRÜNLER"}],"product_badge":null,"product_id":"41987","product_title_tag":null,"product_type":"Other","product_url":"/product/4323/41987/yeni-urunler/fall-2016-concern-kit-acne","reviews":{"average_rating":null,"number_of_questions":null,"number_of_reviews":null},"shade_groups":null,"short_description":null,"skin":null,"skin_goal":null,"skus":{"total":1,"items":[{"color_family":null,"coverage_options":null,"cross_sell":null,"display_status":1,"finish":null,"finish_options":null,"fragrances":[{"family":null,"key":null,"value":null}],"iln_listing":null,"iln_version_number":null,"inventory_status":"Sold Out","is_active":null,"is_coming_soon":null,"is_default_sku":false,"is_discountable":true,"is_displayable":null,"is_engravable":null,"is_fragrance":null,"is_giftable":null,"is_giftwrap":false,"is_inactive":null,"is_multi_shaded":null,"is_out_of_stock":null,"is_preorder":false,"is_preorderable":null,"is_promotional":null,"is_replenishable":false,"is_search_suppressed":null,"is_searchable":true,"is_shaded":null,"is_sized":null,"is_sold_out":true,"is_under_weight_hazmat":false,"is_vto_enabled":null,"life_of_product":"Limited life","material_code":"ZPK0010000","media":{"large":[{"alt":"Fall 2016 CONCERN KIT ACNE","height":1200,"position":0,"src":"/media/export/cms/products/1200x1500/cl_sku_ZPK001_1200x1500_0.png","type":"image","width":1500}],"medium":[{"alt":"Fall 2016 CONCERN KIT ACNE","height":600,"position":1,"src":"/media/export/cms/products/600x750/cl_sku_ZPK001_600x750_0.png","type":"image","width":750}],"model":null,"poster":null,"small":[{"alt":"Fall 2016 CONCERN KIT ACNE","height":1200,"position":2,"src":"/media/export/cms/products/1200x1500/cl_sku_ZPK001_1200x1500_0.png","type":"image","width":1500}],"smoosh":null,"xl":null},"out_of_stock_threshold":null,"perlgem":{"SKU_BASE_ID":71739},"preorder_date":null,"prices":[{"currency":"TRY","exclude_tax":{"original_price":12.5,"original_price_formatted":"12.50 TL","price":12.5,"price_formatted":"12.50 TL","price_per_unit":null,"price_per_unit_formatted":""},"include_tax":{"original_price":12.5,"original_price_formatted":"12.50 TL","price":12.5,"price_formatted":"12.50 TL","price_per_unit":null,"price_per_unit_formatted":""},"is_discounted":false}],"purchase_limit":null,"replenishment":{"message":null},"reviews":{"average_rating":null,"number_of_questions":null,"number_of_reviews":null},"set_components":null,"shade_groups":null,"shades":null,"sizes":[{"key":1,"value":null}],"skin":{"tone":null,"type":null,"type_description":null},"sku_badge":null,"sku_badge_image":null,"sku_display_order":0,"sku_id":"ZPK001","sku_promo_messaging":null,"sku_type":"SE","sku_url":null,"tags":{"total":1,"items":[{"id":"4323","key":"yeni̇-ürünler","value":"YENİ ÜRÜNLER"}]},"texture":null,"undertone":null,"unit_of_measure":null,"unit_size":null,"unit_size_formatted":null,"upc":"020714816629","vto":{"is_color_experience":null,"is_foundation_experience":null}}]},"sub_display_name":null,"sub_header":null,"tags":{"total":1,"items":[{"id":"4323","key":"yeni̇-ürünler","parent_tag_id":null,"product_display_order":178,"value":"YENİ ÜRÜNLER"}]},"usage":[{"content":null,"label":"PRODUCT USAGE","type":"product_usage"},{"content":null,"label":"HOW DOES IT WORK","type":"how_does_it_work"},{"content":null,"label":"WHO IT IS FOR","type":"who_it_is_for"},{"content":null,"label":"GREAT TO KNOW","type":"great_to_know"},{"content":null,"label":"WHAT_IT_DOES","type":"what_it_does"},{"content":null,"label":"WHAT_IT_IS","type":"what_it_is"}],"objectID":"41987"},{"benefit":{"statement":null,"benefits":null},"brand":null,"collection":null,"coverage":null,"cross_sell":null,"default_category":{"id":"13659","key":"travel-minis"},"description":null,"display_mode":null,"display_name":"Fall 2016 CONCERN KIT 3 STEP TYPE 1-2","display_status":1,"finish":null,"form":null,"formula_type":null,"fragrance_family":null,"indexable_keywords":null,"is_hazmat":false,"is_product_coming_soon":null,"is_product_displayable":true,"is_product_searchable":true,"is_product_shoppable":false,"is_product_sold_out":null,"is_product_temporarily_out_of_stock":null,"is_search_suppressed":null,"key_ingredient":null,"media":{"large":null,"medium":null,"poster":null,"small":null,"videos":[{"position":null,"poster":{"height":null,"src":null,"width":null},"provider":null,"src":null},{"position":null,"poster":{"height":null,"src":null,"width":null},"provider":null,"src":null},{"position":null,"poster":{"height":null,"src":null,"width":null},"provider":null,"src":null}],"xl":null},"meta":{"description":null,"keywords":null},"parent_category":[{"id":"13659","value":"Travel Minis"},{"id":"1667","value":"CİLT BAKIMI"}],"product_badge":null,"product_id":"41988","product_title_tag":null,"product_type":"Other","product_url":"/product/13659/41988/cilt-bakimi/travel-minis/fall-2016-concern-kit-3-step-type-1-2","reviews":{"average_rating":null,"number_of_questions":null,"number_of_reviews":null},"shade_groups":null,"short_description":null,"skin":null,"skin_goal":null,"skus":{"total":1,"items":[{"color_family":null,"coverage_options":null,"cross_sell":null,"display_status":1,"finish":null,"finish_options":null,"fragrances":[{"family":null,"key":null,"value":null}],"iln_listing":null,"iln_version_number":null,"inventory_status":"Sold Out","is_active":null,"is_coming_soon":null,"is_default_sku":false,"is_discountable":true,"is_displayable":null,"is_engravable":null,"is_fragrance":null,"is_giftable":null,"is_giftwrap":false,"is_inactive":null,"is_multi_shaded":null,"is_out_of_stock":null,"is_preorder":false,"is_preorderable":null,"is_promotional":null,"is_replenishable":false,"is_search_suppressed":null,"is_searchable":true,"is_shaded":null,"is_sized":null,"is_sold_out":true,"is_under_weight_hazmat":false,"is_vto_enabled":null,"life_of_product":"Limited life","material_code":"ZPK2010000","media":{"large":[{"alt":"Fall 2016 CONCERN KIT 3 STEP TYPE 1-2","height":1200,"position":0,"src":"/media/export/cms/products/1200x1500/cl_sku_ZPK201_1200x1500_0.png","type":"image","width":1500}],"medium":[{"alt":"Fall 2016 CONCERN KIT 3 STEP TYPE 1-2","height":600,"position":1,"src":"/media/export/cms/products/600x750/cl_sku_ZPK201_600x750_0.png","type":"image","width":750}],"model":null,"poster":null,"small":[{"alt":"Fall 2016 CONCERN KIT 3 STEP TYPE 1-2","height":1200,"position":2,"src":"/media/export/cms/products/1200x1500/cl_sku_ZPK201_1200x1500_0.png","type":"image","width":1500}],"smoosh":null,"xl":null},"out_of_stock_threshold":null,"perlgem":{"SKU_BASE_ID":71740},"preorder_date":null,"prices":[{"currency":"TRY","exclude_tax":{"original_price":12.5,"original_price_formatted":"12.50 TL","price":12.5,"price_formatted":"12.50 TL","price_per_unit":null,"price_per_unit_formatted":""},"include_tax":{"original_price":12.5,"original_price_formatted":"12.50 TL","price":12.5,"price_formatted":"12.50 TL","price_per_unit":null,"price_per_unit_formatted":""},"is_discounted":false}],"purchase_limit":null,"replenishment":{"message":null},"reviews":{"average_rating":null,"number_of_questions":null,"number_of_reviews":null},"set_components":null,"shade_groups":null,"shades":null,"sizes":[{"key":1,"value":null}],"skin":{"tone":null,"type":null,"type_description":null},"sku_badge":null,"sku_badge_image":null,"sku_display_order":0,"sku_id":"ZPK201","sku_promo_messaging":null,"sku_type":"SE","sku_url":null,"tags":{"total":4,"items":[{"id":"13659","key":"travel-minis","value":"Travel Minis"},{"id":"4323","key":"yeni̇-ürünler","value":"YENİ ÜRÜNLER"},{"id":"1685","key":"hedi̇yeler-setler","value":"HEDİYELER & SETLER"},{"id":"1571","key":"3-adimli-ci̇lt-bakim-si̇stemi̇-setleri̇","value":"3 ADIMLI CİLT BAKIM SİSTEMİ SETLERİ"}]},"texture":null,"undertone":null,"unit_of_measure":null,"unit_size":null,"unit_size_formatted":null,"upc":"020714816681","vto":{"is_color_experience":null,"is_foundation_experience":null}}]},"sub_display_name":null,"sub_header":null,"tags":{"total":4,"items":[{"id":"13659","key":"travel-minis","parent_tag_id":"1667","product_display_order":0,"value":"Travel Minis"},{"id":"4323","key":"yeni̇-ürünler","parent_tag_id":null,"product_display_order":181,"value":"YENİ ÜRÜNLER"},{"id":"1685","key":"hedi̇yeler-setler","parent_tag_id":"1684","product_display_order":0,"value":"HEDİYELER & SETLER"},{"id":"1571","key":"3-adimli-ci̇lt-bakim-si̇stemi̇-setleri̇","parent_tag_id":"1570","product_display_order":0,"value":"3 ADIMLI CİLT BAKIM SİSTEMİ SETLERİ"}]},"usage":[{"content":null,"label":"PRODUCT USAGE","type":"product_usage"},{"content":null,"label":"HOW DOES IT WORK","type":"how_does_it_work"},{"content":null,"label":"WHO IT IS FOR","type":"who_it_is_for"},{"content":null,"label":"GREAT TO KNOW","type":"great_to_know"},{"content":null,"label":"WHAT_IT_DOES","type":"what_it_does"},{"content":null,"label":"WHAT_IT_IS","type":"what_it_is"}],"objectID":"41988"},{"benefit":null,"brand":null,"collection":null,"coverage":null,"cross_sell":null,"default_category":{"id":"13659","key":"travel-minis"},"description":null,"display_mode":null,"display_name":"Fall 2016 CONCERN KIT 3 STEP TYPE 3-4","display_status":1,"finish":null,"form":null,"formula_type":null,"fragrance_family":null,"indexable_keywords":null,"is_hazmat":false,"is_product_coming_soon":null,"is_product_displayable":true,"is_product_searchable":true,"is_product_shoppable":false,"is_product_sold_out":null,"is_product_temporarily_out_of_stock":null,"is_search_suppressed":null,"key_ingredient":null,"media":{"large":null,"medium":null,"poster":null,"small":null,"videos":[{"position":null,"poster":{"height":null,"src":null,"width":null},"provider":null,"src":null},{"position":null,"poster":{"height":null,"src":null,"width":null},"provider":null,"src":null},{"position":null,"poster":{"height":null,"src":null,"width":null},"provider":null,"src":null}],"xl":null},"meta":{"description":null,"keywords":null},"parent_category":[{"id":"13659","value":"Travel Minis"},{"id":"1667","value":"CİLT BAKIMI"}],"product_badge":null,"product_id":"41990","product_title_tag":null,"product_type":"Other","product_url":"/product/13659/41990/cilt-bakimi/travel-minis/fall-2016-concern-kit-3-step-type-3-4","reviews":{"average_rating":null,"number_of_questions":null,"number_of_reviews":null},"shade_groups":null,"short_description":null,"skin":null,"skin_goal":null,"skus":{"total":1,"items":[{"color_family":null,"coverage_options":null,"cross_sell":null,"display_status":1,"finish":null,"finish_options":null,"fragrances":[{"family":null,"key":null,"value":null}],"iln_listing":null,"iln_version_number":null,"inventory_status":"Sold Out","is_active":null,"is_coming_soon":null,"is_default_sku":false,"is_discountable":true,"is_displayable":null,"is_engravable":null,"is_fragrance":null,"is_giftable":null,"is_giftwrap":false,"is_inactive":null,"is_multi_shaded":null,"is_out_of_stock":null,"is_preorder":false,"is_preorderable":null,"is_promotional":null,"is_replenishable":false,"is_search_suppressed":null,"is_searchable":true,"is_shaded":null,"is_sized":null,"is_sold_out":true,"is_under_weight_hazmat":false,"is_vto_enabled":null,"life_of_product":"Limited life","material_code":"ZPK3010000","media":{"large":[{"alt":"Fall 2016 CONCERN KIT 3 STEP TYPE 3-4","height":1200,"position":0,"src":"/media/export/cms/products/1200x1500/cl_sku_ZPK301_1200x1500_0.png","type":"image","width":1500}],"medium":[{"alt":"Fall 2016 CONCERN KIT 3 STEP TYPE 3-4","height":600,"position":1,"src":"/media/export/cms/products/600x750/cl_sku_ZPK301_600x750_0.png","type":"image","width":750}],"model":null,"poster":null,"small":[{"alt":"Fall 2016 CONCERN KIT 3 STEP TYPE 3-4","height":1200,"position":2,"src":"/media/export/cms/products/1200x1500/cl_sku_ZPK301_1200x1500_0.png","type":"image","width":1500}],"smoosh":null,"xl":null},"out_of_stock_threshold":null,"perlgem":{"SKU_BASE_ID":71741},"preorder_date":null,"prices":[{"currency":"TRY","exclude_tax":{"original_price":12.5,"original_price_formatted":"12.50 TL","price":12.5,"price_formatted":"12.50 TL","price_per_unit":null,"price_per_unit_formatted":""},"include_tax":{"original_price":12.5,"original_price_formatted":"12.50 TL","price":12.5,"price_formatted":"12.50 TL","price_per_unit":null,"price_per_unit_formatted":""},"is_discounted":false}],"purchase_limit":null,"replenishment":{"message":null},"reviews":{"average_rating":null,"number_of_questions":null,"number_of_reviews":null},"set_components":null,"shade_groups":null,"shades":null,"sizes":[{"key":1,"value":null}],"skin":{"tone":null,"type":null,"type_description":null},"sku_badge":null,"sku_badge_image":null,"sku_display_order":0,"sku_id":"ZPK301","sku_promo_messaging":null,"sku_type":"SE","sku_url":null,"tags":{"total":2,"items":[{"id":"13659","key":"travel-minis","value":"Travel Minis"},{"id":"4323","key":"yeni̇-ürünler","value":"YENİ ÜRÜNLER"}]},"texture":null,"undertone":null,"unit_of_measure":null,"unit_size":null,"unit_size_formatted":null,"upc":"020714816728","vto":{"is_color_experience":null,"is_foundation_experience":null}}]},"sub_display_name":null,"sub_header":null,"tags":{"total":2,"items":[{"id":"13659","key":"travel-minis","parent_tag_id":"1667","product_display_order":0,"value":"Travel Minis"},{"id":"4323","key":"yeni̇-ürünler","parent_tag_id":null,"product_display_order":171,"value":"YENİ ÜRÜNLER"}]},"usage":[{"content":null,"label":"PRODUCT USAGE","type":"product_usage"},{"content":null,"label":"HOW DOES IT WORK","type":"how_does_it_work"},{"content":null,"label":"WHO IT IS FOR","type":"who_it_is_for"},{"content":null,"label":"GREAT TO KNOW","type":"great_to_know"},{"content":null,"label":"WHAT_IT_DOES","type":"what_it_does"},{"content":null,"label":"WHAT_IT_IS","type":"what_it_is"}],"objectID":"41990"},{"benefit":null,"brand":null,"collection":null,"coverage":null,"cross_sell":null,"default_category":{"id":"16422","key":"gifts"},"description":null,"display_mode":null,"display_name":"Clinique For Met Set Regular","display_status":1,"finish":null,"form":null,"formula_type":null,"fragrance_family":null,"indexable_keywords":null,"is_hazmat":false,"is_product_coming_soon":null,"is_product_displayable":true,"is_product_searchable":true,"is_product_shoppable":false,"is_product_sold_out":null,"is_product_temporarily_out_of_stock":null,"is_search_suppressed":null,"key_ingredient":null,"media":{"large":null,"medium":null,"poster":null,"small":null,"videos":[{"position":null,"poster":{"height":null,"src":null,"width":null},"provider":null,"src":null},{"position":null,"poster":{"height":null,"src":null,"width":null},"provider":null,"src":null},{"position":null,"poster":{"height":null,"src":null,"width":null},"provider":null,"src":null}],"xl":null},"meta":{"description":null,"keywords":null},"parent_category":[{"id":"16422","value":"Gifts"},{"id":"1585","value":"Hediye Merkezi"}],"product_badge":null,"product_id":"42160","product_title_tag":null,"product_type":"Other","product_url":"/product/16422/42160/hediye-merkezi/gifts/clinique-for-met-set-regular","reviews":{"average_rating":null,"number_of_questions":null,"number_of_reviews":null},"shade_groups":null,"short_description":null,"skin":null,"skin_goal":null,"skus":{"total":1,"items":[{"color_family":null,"coverage_options":null,"cross_sell":null,"display_status":1,"finish":null,"finish_options":null,"fragrances":[{"family":null,"key":null,"value":null}],"iln_listing":null,"iln_version_number":null,"inventory_status":"Sold Out","is_active":null,"is_coming_soon":null,"is_default_sku":false,"is_discountable":true,"is_displayable":null,"is_engravable":null,"is_fragrance":null,"is_giftable":null,"is_giftwrap":false,"is_inactive":null,"is_multi_shaded":null,"is_out_of_stock":null,"is_preorder":false,"is_preorderable":null,"is_promotional":null,"is_replenishable":false,"is_search_suppressed":null,"is_searchable":true,"is_shaded":null,"is_sized":null,"is_sold_out":true,"is_under_weight_hazmat":false,"is_vto_enabled":null,"life_of_product":"Limited life","material_code":"ZPP0010000","media":{"large":[{"alt":"Clinique For Met Set Regular","height":1200,"position":0,"src":"/media/export/cms/products/1200x1500/cl_sku_ZPP001_1200x1500_0.png","type":"image","width":1500}],"medium":[{"alt":"Clinique For Met Set Regular","height":600,"position":1,"src":"/media/export/cms/products/600x750/cl_sku_ZPP001_600x750_0.png","type":"image","width":750}],"model":null,"poster":null,"small":[{"alt":"Clinique For Met Set Regular","height":1200,"position":2,"src":"/media/export/cms/products/1200x1500/cl_sku_ZPP001_1200x1500_0.png","type":"image","width":1500}],"smoosh":null,"xl":null},"out_of_stock_threshold":null,"perlgem":{"SKU_BASE_ID":71935},"preorder_date":null,"prices":[{"currency":"TRY","exclude_tax":{"original_price":39.5,"original_price_formatted":"39.50 TL","price":39.5,"price_formatted":"39.50 TL","price_per_unit":null,"price_per_unit_formatted":""},"include_tax":{"original_price":39.5,"original_price_formatted":"39.50 TL","price":39.5,"price_formatted":"39.50 TL","price_per_unit":null,"price_per_unit_formatted":""},"is_discounted":false}],"purchase_limit":null,"replenishment":{"message":null},"reviews":{"average_rating":null,"number_of_questions":null,"number_of_reviews":null},"set_components":null,"shade_groups":null,"shades":null,"sizes":[{"key":1,"value":null}],"skin":{"tone":null,"type":null,"type_description":null},"sku_badge":null,"sku_badge_image":null,"sku_display_order":0,"sku_id":"ZPP001","sku_promo_messaging":null,"sku_type":"SE","sku_url":null,"tags":{"total":9,"items":[{"id":"2669","key":"hedi̇yeler-setler","value":"HEDİYELER & SETLER"},{"id":"1626","key":"ci̇lt-bakimi","value":"CİLT BAKIMI"},{"id":"1619","key":"hedi̇yeler-setler","value":"HEDİYELER & SETLER"},{"id":"1625","key":"cilt-bakım","value":"Cilt Bakım"},{"id":"19288","key":"sale","value":"sale"},{"id":"16422","key":"gifts","value":"Gifts"},{"id":"1610","key":"3-adımlı-cilt-bakım-sistemi","value":"3 Adımlı Cilt Bakım Sistemi "},{"id":"1618","key":"hedi̇yeler","value":"HEDİYELER"},{"id":"4323","key":"yeni̇-ürünler","value":"YENİ ÜRÜNLER"}]},"texture":null,"undertone":null,"unit_of_measure":null,"unit_size":null,"unit_size_formatted":null,"upc":"020714815646","vto":{"is_color_experience":null,"is_foundation_experience":null}}]},"sub_display_name":null,"sub_header":null,"tags":{"total":9,"items":[{"id":"2669","key":"hedi̇yeler-setler","parent_tag_id":"1570","product_display_order":0,"value":"HEDİYELER & SETLER"},{"id":"1626","key":"ci̇lt-bakimi","parent_tag_id":"1625","product_display_order":0,"value":"CİLT BAKIMI"},{"id":"1619","key":"hedi̇yeler-setler","parent_tag_id":"1618","product_display_order":0,"value":"HEDİYELER & SETLER"},{"id":"1625","key":"cilt-bakım","parent_tag_id":"1609","product_display_order":0,"value":"Cilt Bakım"},{"id":"19288","key":"sale","parent_tag_id":"1590","product_display_order":0,"value":"sale"},{"id":"16422","key":"gifts","parent_tag_id":"1585","product_display_order":0,"value":"Gifts"},{"id":"1610","key":"3-adımlı-cilt-bakım-sistemi","parent_tag_id":"1609","product_display_order":0,"value":"3 Adımlı Cilt Bakım Sistemi "},{"id":"1618","key":"hedi̇yeler","parent_tag_id":"1609","product_display_order":0,"value":"HEDİYELER"},{"id":"4323","key":"yeni̇-ürünler","parent_tag_id":null,"product_display_order":202,"value":"YENİ ÜRÜNLER"}]},"usage":[{"content":null,"label":"PRODUCT USAGE","type":"product_usage"},{"content":null,"label":"HOW DOES IT WORK","type":"how_does_it_work"},{"content":null,"label":"WHO IT IS FOR","type":"who_it_is_for"},{"content":null,"label":"GREAT TO KNOW","type":"great_to_know"},{"content":null,"label":"WHAT_IT_DOES","type":"what_it_does"},{"content":null,"label":"WHAT_IT_IS","type":"what_it_is"}],"objectID":"42160"},{"benefit":null,"brand":null,"collection":null,"coverage":null,"cross_sell":null,"default_category":{"id":"16422","key":"gifts"},"description":null,"display_mode":null,"display_name":"Clinique For Met Set Oily","display_status":1,"finish":null,"form":null,"formula_type":null,"fragrance_family":null,"indexable_keywords":null,"is_hazmat":false,"is_product_coming_soon":null,"is_product_displayable":true,"is_product_searchable":true,"is_product_shoppable":false,"is_product_sold_out":null,"is_product_temporarily_out_of_stock":null,"is_search_suppressed":null,"key_ingredient":null,"media":{"large":null,"medium":null,"poster":null,"small":null,"videos":[{"position":null,"poster":{"height":null,"src":null,"width":null},"provider":null,"src":null},{"position":null,"poster":{"height":null,"src":null,"width":null},"provider":null,"src":null},{"position":null,"poster":{"height":null,"src":null,"width":null},"provider":null,"src":null}],"xl":null},"meta":{"description":null,"keywords":null},"parent_category":[{"id":"16422","value":"Gifts"},{"id":"1585","value":"Hediye Merkezi"}],"product_badge":null,"product_id":"42161","product_title_tag":null,"product_type":"Other","product_url":"/product/16422/42161/hediye-merkezi/gifts/clinique-for-met-set-oily","reviews":{"average_rating":null,"number_of_questions":null,"number_of_reviews":null},"shade_groups":null,"short_description":null,"skin":null,"skin_goal":null,"skus":{"total":1,"items":[{"color_family":null,"coverage_options":null,"cross_sell":null,"display_status":1,"finish":null,"finish_options":null,"fragrances":[{"family":null,"key":null,"value":null}],"iln_listing":null,"iln_version_number":null,"inventory_status":"Sold Out","is_active":null,"is_coming_soon":null,"is_default_sku":false,"is_discountable":true,"is_displayable":null,"is_engravable":null,"is_fragrance":null,"is_giftable":null,"is_giftwrap":false,"is_inactive":null,"is_multi_shaded":null,"is_out_of_stock":null,"is_preorder":false,"is_preorderable":null,"is_promotional":null,"is_replenishable":false,"is_search_suppressed":null,"is_searchable":true,"is_shaded":null,"is_sized":null,"is_sold_out":true,"is_under_weight_hazmat":false,"is_vto_enabled":null,"life_of_product":"Limited life","material_code":"ZPP1010000","media":{"large":[{"alt":"Clinique For Met Set Oily","height":1200,"position":0,"src":"/media/export/cms/products/1200x1500/cl_sku_ZPP101_1200x1500_0.png","type":"image","width":1500}],"medium":[{"alt":"Clinique For Met Set Oily","height":600,"position":1,"src":"/media/export/cms/products/600x750/cl_sku_ZPP101_600x750_0.png","type":"image","width":750}],"model":null,"poster":null,"small":[{"alt":"Clinique For Met Set Oily","height":1200,"position":2,"src":"/media/export/cms/products/1200x1500/cl_sku_ZPP101_1200x1500_0.png","type":"image","width":1500}],"smoosh":null,"xl":null},"out_of_stock_threshold":null,"perlgem":{"SKU_BASE_ID":71936},"preorder_date":null,"prices":[{"currency":"TRY","exclude_tax":{"original_price":39.5,"original_price_formatted":"39.50 TL","price":39.5,"price_formatted":"39.50 TL","price_per_unit":null,"price_per_unit_formatted":""},"include_tax":{"original_price":39.5,"original_price_formatted":"39.50 TL","price":39.5,"price_formatted":"39.50 TL","price_per_unit":null,"price_per_unit_formatted":""},"is_discounted":false}],"purchase_limit":null,"replenishment":{"message":null},"reviews":{"average_rating":null,"number_of_questions":null,"number_of_reviews":null},"set_components":null,"shade_groups":null,"shades":null,"sizes":[{"key":1,"value":null}],"skin":{"tone":null,"type":null,"type_description":null},"sku_badge":null,"sku_badge_image":null,"sku_display_order":0,"sku_id":"ZPP101","sku_promo_messaging":null,"sku_type":"SE","sku_url":null,"tags":{"total":2,"items":[{"id":"16422","key":"gifts","value":"Gifts"},{"id":"19288","key":"sale","value":"sale"}]},"texture":null,"undertone":null,"unit_of_measure":null,"unit_size":null,"unit_size_formatted":null,"upc":"020714815653","vto":{"is_color_experience":null,"is_foundation_experience":null}}]},"sub_display_name":null,"sub_header":null,"tags":{"total":2,"items":[{"id":"16422","key":"gifts","parent_tag_id":"1585","product_display_order":0,"value":"Gifts"},{"id":"19288","key":"sale","parent_tag_id":"1590","product_display_order":0,"value":"sale"}]},"usage":[{"content":null,"label":"PRODUCT USAGE","type":"product_usage"},{"content":null,"label":"HOW DOES IT WORK","type":"how_does_it_work"},{"content":null,"label":"WHO IT IS FOR","type":"who_it_is_for"},{"content":null,"label":"GREAT TO KNOW","type":"great_to_know"},{"content":null,"label":"WHAT_IT_DOES","type":"what_it_does"},{"content":null,"label":"WHAT_IT_IS","type":"what_it_is"}],"objectID":"42161"},{"benefit":{"statement":null,"benefits":null},"brand":null,"collection":null,"coverage":null,"cross_sell":null,"default_category":{"id":"13563","key":"yeni̇-yil-ci̇lt-bakimi"},"description":null,"display_mode":null,"display_name":"Pep-Start Pop-Up Wipes Kit","display_status":1,"finish":null,"form":null,"formula_type":null,"fragrance_family":null,"indexable_keywords":null,"is_hazmat":false,"is_product_coming_soon":null,"is_product_displayable":true,"is_product_searchable":true,"is_product_shoppable":false,"is_product_sold_out":null,"is_product_temporarily_out_of_stock":null,"is_search_suppressed":null,"key_ingredient":null,"media":{"large":null,"medium":null,"poster":null,"small":null,"videos":[{"position":null,"poster":{"height":null,"src":null,"width":null},"provider":null,"src":null},{"position":null,"poster":{"height":null,"src":null,"width":null},"provider":null,"src":null},{"position":null,"poster":{"height":null,"src":null,"width":null},"provider":null,"src":null}],"xl":null},"meta":{"description":null,"keywords":null},"parent_category":[{"id":"13563","value":"YENİ YIL CİLT BAKIMI"},{"id":"13561","value":"YENİ YIL BUTİĞİ"}],"product_badge":null,"product_id":"42496","product_title_tag":null,"product_type":"Shaded","product_url":"/product/13563/42496/yeni-yil-butigi/yeni-yil-cilt-bakimi/pep-start-pop-up-wipes-kit/holiday-deco","reviews":{"average_rating":null,"number_of_questions":null,"number_of_reviews":null},"shade_groups":null,"short_description":null,"skin":null,"skin_goal":null,"skus":{"total":1,"items":[{"color_family":null,"coverage_options":null,"cross_sell":null,"display_status":1,"finish":null,"finish_options":null,"fragrances":[{"family":null,"key":null,"value":null}],"iln_listing":null,"iln_version_number":null,"inventory_status":"Sold Out","is_active":null,"is_coming_soon":null,"is_default_sku":false,"is_discountable":false,"is_displayable":null,"is_engravable":null,"is_fragrance":null,"is_giftable":null,"is_giftwrap":false,"is_inactive":null,"is_multi_shaded":null,"is_out_of_stock":null,"is_preorder":false,"is_preorderable":null,"is_promotional":null,"is_replenishable":false,"is_search_suppressed":null,"is_searchable":true,"is_shaded":null,"is_sized":null,"is_sold_out":true,"is_under_weight_hazmat":false,"is_vto_enabled":null,"life_of_product":"Limited life","material_code":"ZRJT010000","media":{"large":[{"alt":"Pep-Start Pop-Up Wipes Kit","height":1200,"position":0,"src":"/media/export/cms/products/1200x1500/cl_sku_ZRJT01_1200x1500_0.png","type":"image","width":1500}],"medium":[{"alt":"Pep-Start Pop-Up Wipes Kit","height":600,"position":1,"src":"/media/export/cms/products/600x750/cl_sku_ZRJT01_600x750_0.png","type":"image","width":750}],"model":null,"poster":null,"small":[{"alt":"Pep-Start Pop-Up Wipes Kit","height":1200,"position":2,"src":"/media/export/cms/products/1200x1500/cl_sku_ZRJT01_1200x1500_0.png","type":"image","width":1500}],"smoosh":null,"xl":null},"out_of_stock_threshold":null,"perlgem":{"SKU_BASE_ID":72461},"preorder_date":null,"prices":[{"currency":"TRY","exclude_tax":{"original_price":12.5,"original_price_formatted":"12.50 TL","price":12.5,"price_formatted":"12.50 TL","price_per_unit":null,"price_per_unit_formatted":""},"include_tax":{"original_price":12.5,"original_price_formatted":"12.50 TL","price":12.5,"price_formatted":"12.50 TL","price_per_unit":null,"price_per_unit_formatted":""},"is_discounted":false}],"purchase_limit":null,"replenishment":{"message":null},"reviews":{"average_rating":null,"number_of_questions":null,"number_of_reviews":null},"set_components":null,"shade_groups":null,"shades":null,"sizes":[{"key":1,"value":null}],"skin":{"tone":null,"type":null,"type_description":null},"sku_badge":null,"sku_badge_image":null,"sku_display_order":0,"sku_id":"ZRJT01","sku_promo_messaging":null,"sku_type":"SE","sku_url":null,"tags":{"total":4,"items":[{"id":"13563","key":"yeni̇-yil-ci̇lt-bakimi","value":"YENİ YIL CİLT BAKIMI"},{"id":"1628","key":"-evde-bakim","value":"# EVDE BAKIM"},{"id":"19288","key":"sale","value":"sale"},{"id":"13569","key":"99-tl-ve-alti-ci̇lt-bakimmakyajparfüm-setleri̇","value":"99 TL VE ALTI CİLT BAKIM&MAKYAJ&PARFÜM SETLERİ"}]},"texture":null,"undertone":null,"unit_of_measure":null,"unit_size":null,"unit_size_formatted":null,"upc":"020714823115","vto":{"is_color_experience":null,"is_foundation_experience":null}}]},"sub_display_name":null,"sub_header":null,"tags":{"total":4,"items":[{"id":"13563","key":"yeni̇-yil-ci̇lt-bakimi","parent_tag_id":"13561","product_display_order":0,"value":"YENİ YIL CİLT BAKIMI"},{"id":"1628","key":"-evde-bakim","parent_tag_id":null,"product_display_order":455,"value":"# EVDE BAKIM"},{"id":"19288","key":"sale","parent_tag_id":"1590","product_display_order":0,"value":"sale"},{"id":"13569","key":"99-tl-ve-alti-ci̇lt-bakimmakyajparfüm-setleri̇","parent_tag_id":"13561","product_display_order":0,"value":"99 TL VE ALTI CİLT BAKIM&MAKYAJ&PARFÜM SETLERİ"}]},"usage":[{"content":null,"label":"PRODUCT USAGE","type":"product_usage"},{"content":null,"label":"HOW DOES IT WORK","type":"how_does_it_work"},{"content":null,"label":"WHO IT IS FOR","type":"who_it_is_for"},{"content":null,"label":"GREAT TO KNOW","type":"great_to_know"},{"content":null,"label":"WHAT_IT_DOES","type":"what_it_does"},{"content":null,"label":"WHAT_IT_IS","type":"what_it_is"}],"objectID":"42496"},{"benefit":{"statement":null,"benefits":null},"brand":null,"collection":null,"coverage":null,"cross_sell":null,"default_category":{"id":"1673","key":"makyaj-temi̇zli̇yi̇ci̇leri̇"},"description":null,"display_mode":null,"display_name":"Pep-Start Pop-Up Wipes Kit ","display_status":1,"finish":null,"form":null,"formula_type":null,"fragrance_family":null,"indexable_keywords":null,"is_hazmat":false,"is_product_coming_soon":null,"is_product_displayable":true,"is_product_searchable":true,"is_product_shoppable":false,"is_product_sold_out":null,"is_product_temporarily_out_of_stock":null,"is_search_suppressed":null,"key_ingredient":null,"media":{"large":null,"medium":null,"poster":null,"small":null,"videos":[{"position":null,"poster":{"height":null,"src":null,"width":null},"provider":null,"src":null},{"position":null,"poster":{"height":null,"src":null,"width":null},"provider":null,"src":null},{"position":null,"poster":{"height":null,"src":null,"width":null},"provider":null,"src":null}],"xl":null},"meta":{"description":null,"keywords":null},"parent_category":[{"id":"1673","value":"MAKYAJ TEMİZLİYİCİLERİ"},{"id":"1667","value":"CİLT BAKIMI"}],"product_badge":null,"product_id":"42497","product_title_tag":null,"product_type":"Shaded","product_url":"/product/1673/42497/cilt-bakimi/makyaj-temizliyicileri/pep-start-pop-up-wipes-kit/non-holiday-deco","reviews":{"average_rating":null,"number_of_questions":null,"number_of_reviews":null},"shade_groups":null,"short_description":null,"skin":null,"skin_goal":null,"skus":{"total":1,"items":[{"color_family":null,"coverage_options":null,"cross_sell":null,"display_status":1,"finish":null,"finish_options":null,"fragrances":[{"family":null,"key":null,"value":null}],"iln_listing":null,"iln_version_number":null,"inventory_status":"Sold Out","is_active":null,"is_coming_soon":null,"is_default_sku":false,"is_discountable":false,"is_displayable":null,"is_engravable":null,"is_fragrance":null,"is_giftable":null,"is_giftwrap":false,"is_inactive":null,"is_multi_shaded":null,"is_out_of_stock":null,"is_preorder":false,"is_preorderable":null,"is_promotional":null,"is_replenishable":false,"is_search_suppressed":null,"is_searchable":true,"is_shaded":null,"is_sized":null,"is_sold_out":true,"is_under_weight_hazmat":false,"is_vto_enabled":null,"life_of_product":"Limited life","material_code":"ZP8K010000","media":{"large":[{"alt":"Pep-Start Pop-Up Wipes Kit ","height":1200,"position":0,"src":"/media/export/cms/products/1200x1500/cl_sku_ZP8K01_1200x1500_0.png","type":"image","width":1500}],"medium":[{"alt":"Pep-Start Pop-Up Wipes Kit ","height":600,"position":1,"src":"/media/export/cms/products/600x750/cl_sku_ZP8K01_600x750_0.png","type":"image","width":750}],"model":null,"poster":null,"small":[{"alt":"Pep-Start Pop-Up Wipes Kit ","height":1200,"position":2,"src":"/media/export/cms/products/1200x1500/cl_sku_ZP8K01_1200x1500_0.png","type":"image","width":1500}],"smoosh":null,"xl":null},"out_of_stock_threshold":null,"perlgem":{"SKU_BASE_ID":72462},"preorder_date":null,"prices":[{"currency":"TRY","exclude_tax":{"original_price":12.5,"original_price_formatted":"12.50 TL","price":12.5,"price_formatted":"12.50 TL","price_per_unit":null,"price_per_unit_formatted":""},"include_tax":{"original_price":12.5,"original_price_formatted":"12.50 TL","price":12.5,"price_formatted":"12.50 TL","price_per_unit":null,"price_per_unit_formatted":""},"is_discounted":false}],"purchase_limit":null,"replenishment":{"message":null},"reviews":{"average_rating":null,"number_of_questions":null,"number_of_reviews":null},"set_components":null,"shade_groups":null,"shades":null,"sizes":[{"key":1,"value":null}],"skin":{"tone":null,"type":null,"type_description":null},"sku_badge":null,"sku_badge_image":null,"sku_display_order":0,"sku_id":"ZP8K01","sku_promo_messaging":null,"sku_type":"SE","sku_url":null,"tags":{"total":4,"items":[{"id":"1628","key":"-evde-bakim","value":"# EVDE BAKIM"},{"id":"4323","key":"yeni̇-ürünler","value":"YENİ ÜRÜNLER"},{"id":"1673","key":"makyaj-temi̇zli̇yi̇ci̇leri̇","value":"MAKYAJ TEMİZLİYİCİLERİ"},{"id":"13659","key":"travel-minis","value":"Travel Minis"}]},"texture":null,"undertone":null,"unit_of_measure":null,"unit_size":null,"unit_size_formatted":null,"upc":"020714812003","vto":{"is_color_experience":null,"is_foundation_experience":null}}]},"sub_display_name":null,"sub_header":null,"tags":{"total":4,"items":[{"id":"1628","key":"-evde-bakim","parent_tag_id":null,"product_display_order":645,"value":"# EVDE BAKIM"},{"id":"4323","key":"yeni̇-ürünler","parent_tag_id":null,"product_display_order":155,"value":"YENİ ÜRÜNLER"},{"id":"1673","key":"makyaj-temi̇zli̇yi̇ci̇leri̇","parent_tag_id":"1667","product_display_order":0,"value":"MAKYAJ TEMİZLİYİCİLERİ"},{"id":"13659","key":"travel-minis","parent_tag_id":"1667","product_display_order":0,"value":"Travel Minis"}]},"usage":[{"content":null,"label":"PRODUCT USAGE","type":"product_usage"},{"content":null,"label":"HOW DOES IT WORK","type":"how_does_it_work"},{"content":null,"label":"WHO IT IS FOR","type":"who_it_is_for"},{"content":null,"label":"GREAT TO KNOW","type":"great_to_know"},{"content":null,"label":"WHAT_IT_DOES","type":"what_it_does"},{"content":null,"label":"WHAT_IT_IS","type":"what_it_is"}],"objectID":"42497"},{"benefit":{"statement":null,"benefits":null},"brand":null,"collection":null,"coverage":null,"cross_sell":null,"default_category":{"id":"1605","key":"ruj"},"description":"<P><SPAN lang=EN-US style='FONT-SIZE: 12pt; FONT-FAMILY: \"Calibri\",\"sans-serif\"; COLOR: black; mso-ascii-theme-font: minor-latin; mso-fareast-font-family: \"Times New Roman\"; mso-fareast-theme-font: minor-fareast; mso-hansi-theme-font: minor-latin; mso-bidi-font-family: \"Times New Roman\"; mso-bidi-theme-font: minor-bidi; mso-ansi-language: EN-US; mso-fareast-language: EN-US; mso-bidi-language: AR-SA; mso-themecolor: text1'>Hafif yapısı ve yoğun pigmentli formül. Dudaklarda uzun süre&nbsp;dayanıklı kremsi mat görünüm. Dudak bazı özelliği sayesinde daha yumuşak dudaklar, daha kolay uygulama. </SPAN></P>","display_mode":null,"display_name":"Pop Matte Lip Colour + Primer Mat Ruj","display_status":7,"finish":null,"form":null,"formula_type":null,"fragrance_family":null,"indexable_keywords":null,"is_hazmat":false,"is_product_coming_soon":null,"is_product_displayable":true,"is_product_searchable":true,"is_product_shoppable":true,"is_product_sold_out":null,"is_product_temporarily_out_of_stock":null,"is_search_suppressed":null,"key_ingredient":null,"media":{"large":null,"medium":null,"poster":null,"small":null,"videos":[{"position":null,"poster":{"height":null,"src":null,"width":null},"provider":null,"src":null},{"position":null,"poster":{"height":null,"src":null,"width":null},"provider":null,"src":null},{"position":null,"poster":{"height":null,"src":null,"width":null},"provider":null,"src":null}],"xl":null},"meta":{"description":null,"keywords":null},"parent_category":[{"id":"1605","value":"RUJ"},{"id":"1592","value":"MAKYAJ"}],"product_badge":null,"product_id":"42767","product_title_tag":null,"product_type":"Shaded","product_url":"/product/1605/42767/makyaj/ruj/pop-matte-lip-colour-primer-mat-ruj","reviews":{"average_rating":null,"number_of_questions":null,"number_of_reviews":null},"shade_groups":null,"short_description":"Tek bir dokunuşla dudaklarınızda kapatıcı mat görünüm.","skin":null,"skin_goal":null,"skus":{"total":14,"items":[{"color_family":[{"key":"nude-color","value":"nude_color"}],"coverage_options":null,"cross_sell":null,"display_status":7,"finish":[{"key":"matte-finish","value":"matte_finish"}],"finish_options":[{"key":"matte-finish","value":"matte_finish"}],"fragrances":[{"family":null,"key":null,"value":null}],"iln_listing":null,"iln_version_number":null,"inventory_status":"Active","is_active":true,"is_coming_soon":null,"is_default_sku":false,"is_discountable":false,"is_displayable":null,"is_engravable":null,"is_fragrance":null,"is_giftable":null,"is_giftwrap":false,"is_inactive":null,"is_multi_shaded":null,"is_out_of_stock":null,"is_preorder":false,"is_preorderable":null,"is_promotional":null,"is_replenishable":false,"is_search_suppressed":null,"is_searchable":true,"is_shaded":null,"is_sized":null,"is_sold_out":null,"is_under_weight_hazmat":false,"is_vto_enabled":null,"life_of_product":"Basic Reorder","material_code":"ZTPH010000","media":{"large":[{"alt":"Pop Matte Lip Colour + Primer Mat Ruj","height":1200,"position":1,"src":"/media/export/cms/products/1200x1500/cl_sku_ZTPH01_1200x1500_0.png","type":"image","width":1500}],"medium":[{"alt":"Pop Matte Lip Colour + Primer Mat Ruj","height":600,"position":2,"src":"/media/export/cms/products/600x750/cl_sku_ZTPH01_600x750_0.png","type":"image","width":750}],"model":null,"poster":null,"small":[{"alt":"Pop Matte Lip Colour + Primer Mat Ruj","height":1200,"position":3,"src":"/media/export/cms/products/1200x1500/cl_sku_ZTPH01_1200x1500_0.png","type":"image","width":1500}],"smoosh":[{"alt":"Pop Matte Lip Colour + Primer Mat Ruj","height":1200,"position":0,"src":"/media/export/cms/products/1200x1500/swatches_v3/87_ns_ng.png","type":"image","width":1500}],"xl":null},"out_of_stock_threshold":null,"perlgem":{"SKU_BASE_ID":72965},"preorder_date":null,"prices":[{"currency":"TRY","exclude_tax":{"original_price":165,"original_price_formatted":"165.00 TL","price":165,"price_formatted":"165.00 TL","price_per_unit":null,"price_per_unit_formatted":""},"include_tax":{"original_price":165,"original_price_formatted":"165.00 TL","price":165,"price_formatted":"165.00 TL","price_per_unit":null,"price_per_unit_formatted":""},"is_discounted":false}],"purchase_limit":null,"replenishment":{"message":null},"reviews":{"average_rating":null,"number_of_questions":null,"number_of_reviews":null},"set_components":null,"shade_groups":null,"shades":[{"description":"","hex_val":"#9f5859","image":{"height":null,"src":"","width":null},"name":"Blushing Pop","smoosh_design":{"group_id":null,"name":"87::none::none"}}],"sizes":[{"key":1,"value":null}],"skin":{"tone":null,"type":null,"type_description":null},"sku_badge":null,"sku_badge_image":null,"sku_display_order":0,"sku_id":"ZTPH01","sku_promo_messaging":null,"sku_type":"SE","sku_url":null,"tags":{"total":12,"items":[{"id":"9420","key":"hotlists","value":"hotlists"},{"id":"4323","key":"yeni̇-ürünler","value":"YENİ ÜRÜNLER"},{"id":"1590","key":"i̇ndi̇ri̇mli̇-ürünler","value":"İNDİRİMLİ ÜRÜNLER"},{"id":"13770","key":"recommended-clinique-favourites","value":"Recommended Clinique Favourites"},{"id":"1585","key":"hediye-merkezi","value":"Hediye Merkezi"},{"id":"1592","key":"makyaj","value":"MAKYAJ"},{"id":"1575","key":"en-çok-satanlar","value":"En Çok Satanlar"},{"id":"12537","key":"çok-satan-makyaj-ürünleri̇","value":"ÇOK SATAN MAKYAJ ÜRÜNLERİ"},{"id":"9428","key":"top10","value":"top10"},{"id":"16370","key":"online-özel","value":"Online Özel"},{"id":"13562","key":"yeni̇-yil-makyaj","value":"YENİ YIL MAKYAJ"},{"id":"1605","key":"ruj","value":"RUJ"}]},"texture":null,"undertone":null,"unit_of_measure":null,"unit_size":null,"unit_size_formatted":null,"upc":"020714832964","vto":{"is_color_experience":null,"is_foundation_experience":null}},{"color_family":[{"key":"red-color","value":"red_color"}],"coverage_options":null,"cross_sell":null,"display_status":7,"finish":[{"key":"matte-finish","value":"matte_finish"}],"finish_options":[{"key":"matte-finish","value":"matte_finish"}],"fragrances":[{"family":null,"key":null,"value":null}],"iln_listing":null,"iln_version_number":null,"inventory_status":"Active","is_active":true,"is_coming_soon":null,"is_default_sku":false,"is_discountable":true,"is_displayable":null,"is_engravable":null,"is_fragrance":null,"is_giftable":null,"is_giftwrap":false,"is_inactive":null,"is_multi_shaded":null,"is_out_of_stock":null,"is_preorder":false,"is_preorderable":null,"is_promotional":null,"is_replenishable":false,"is_search_suppressed":null,"is_searchable":true,"is_shaded":null,"is_sized":null,"is_sold_out":null,"is_under_weight_hazmat":false,"is_vto_enabled":null,"life_of_product":"Basic Reorder","material_code":"ZTPH120000","media":{"large":[{"alt":"Pop Matte Lip Colour + Primer Mat Ruj","height":1200,"position":1,"src":"/media/export/cms/products/1200x1500/cl_sku_ZTPH12_1200x1500_0.png","type":"image","width":1500}],"medium":[{"alt":"Pop Matte Lip Colour + Primer Mat Ruj","height":600,"position":2,"src":"/media/export/cms/products/600x750/cl_sku_ZTPH12_600x750_0.png","type":"image","width":750}],"model":null,"poster":null,"small":[{"alt":"Pop Matte Lip Colour + Primer Mat Ruj","height":1200,"position":3,"src":"/media/export/cms/products/1200x1500/cl_sku_ZTPH12_1200x1500_0.png","type":"image","width":1500}],"smoosh":[{"alt":"Pop Matte Lip Colour + Primer Mat Ruj","height":1200,"position":0,"src":"/media/export/cms/products/1200x1500/swatches_v3/87_ns_ng.png","type":"image","width":1500}],"xl":null},"out_of_stock_threshold":null,"perlgem":{"SKU_BASE_ID":73175},"preorder_date":null,"prices":[{"currency":"TRY","exclude_tax":{"original_price":165,"original_price_formatted":"165.00 TL","price":165,"price_formatted":"165.00 TL","price_per_unit":null,"price_per_unit_formatted":""},"include_tax":{"original_price":165,"original_price_formatted":"165.00 TL","price":165,"price_formatted":"165.00 TL","price_per_unit":null,"price_per_unit_formatted":""},"is_discounted":false}],"purchase_limit":null,"replenishment":{"message":null},"reviews":{"average_rating":null,"number_of_questions":null,"number_of_reviews":null},"set_components":null,"shade_groups":null,"shades":[{"description":"","hex_val":"#d3313f","image":{"height":null,"src":"","width":null},"name":"Coral Pop","smoosh_design":{"group_id":null,"name":"87::none::none"}}],"sizes":[{"key":1,"value":null}],"skin":{"tone":null,"type":null,"type_description":null},"sku_badge":null,"sku_badge_image":null,"sku_display_order":0,"sku_id":"ZTPH12","sku_promo_messaging":null,"sku_type":"SE","sku_url":null,"tags":{"total":11,"items":[{"id":"9420","key":"hotlists","value":"hotlists"},{"id":"4323","key":"yeni̇-ürünler","value":"YENİ ÜRÜNLER"},{"id":"1590","key":"i̇ndi̇ri̇mli̇-ürünler","value":"İNDİRİMLİ ÜRÜNLER"},{"id":"13770","key":"recommended-clinique-favourites","value":"Recommended Clinique Favourites"},{"id":"1592","key":"makyaj","value":"MAKYAJ"},{"id":"1575","key":"en-çok-satanlar","value":"En Çok Satanlar"},{"id":"12537","key":"çok-satan-makyaj-ürünleri̇","value":"ÇOK SATAN MAKYAJ ÜRÜNLERİ"},{"id":"9428","key":"top10","value":"top10"},{"id":"16370","key":"online-özel","value":"Online Özel"},{"id":"19288","key":"sale","value":"sale"},{"id":"1605","key":"ruj","value":"RUJ"}]},"texture":null,"undertone":null,"unit_of_measure":null,"unit_size":null,"unit_size_formatted":null,"upc":"020714852597","vto":{"is_color_experience":null,"is_foundation_experience":null}},{"color_family":[{"key":"red-color","value":"red_color"}],"coverage_options":null,"cross_sell":null,"display_status":7,"finish":[{"key":"matte-finish","value":"matte_finish"}],"finish_options":[{"key":"matte-finish","value":"matte_finish"}],"fragrances":[{"family":null,"key":null,"value":null}],"iln_listing":null,"iln_version_number":null,"inventory_status":"Active","is_active":true,"is_coming_soon":null,"is_default_sku":false,"is_discountable":true,"is_displayable":null,"is_engravable":null,"is_fragrance":null,"is_giftable":null,"is_giftwrap":false,"is_inactive":null,"is_multi_shaded":null,"is_out_of_stock":null,"is_preorder":false,"is_preorderable":null,"is_promotional":null,"is_replenishable":false,"is_search_suppressed":null,"is_searchable":true,"is_shaded":null,"is_sized":null,"is_sold_out":null,"is_under_weight_hazmat":false,"is_vto_enabled":null,"life_of_product":"Basic Reorder","material_code":"ZTPH020000","media":{"large":[{"alt":"Pop Matte Lip Colour + Primer Mat Ruj","height":1200,"position":1,"src":"/media/export/cms/products/1200x1500/cl_sku_ZTPH02_1200x1500_0.png","type":"image","width":1500}],"medium":[{"alt":"Pop Matte Lip Colour + Primer Mat Ruj","height":600,"position":2,"src":"/media/export/cms/products/600x750/cl_sku_ZTPH02_600x750_0.png","type":"image","width":750}],"model":null,"poster":null,"small":[{"alt":"Pop Matte Lip Colour + Primer Mat Ruj","height":1200,"position":3,"src":"/media/export/cms/products/1200x1500/cl_sku_ZTPH02_1200x1500_0.png","type":"image","width":1500}],"smoosh":[{"alt":"Pop Matte Lip Colour + Primer Mat Ruj","height":1200,"position":0,"src":"/media/export/cms/products/1200x1500/swatches_v3/87_ns_ng.png","type":"image","width":1500}],"xl":null},"out_of_stock_threshold":null,"perlgem":{"SKU_BASE_ID":72967},"preorder_date":null,"prices":[{"currency":"TRY","exclude_tax":{"original_price":165,"original_price_formatted":"165.00 TL","price":165,"price_formatted":"165.00 TL","price_per_unit":null,"price_per_unit_formatted":""},"include_tax":{"original_price":165,"original_price_formatted":"165.00 TL","price":165,"price_formatted":"165.00 TL","price_per_unit":null,"price_per_unit_formatted":""},"is_discounted":false}],"purchase_limit":null,"replenishment":{"message":null},"reviews":{"average_rating":null,"number_of_questions":null,"number_of_reviews":null},"set_components":null,"shade_groups":null,"shades":[{"description":"","hex_val":"#900925","image":{"height":null,"src":"","width":null},"name":"Icon Pop","smoosh_design":{"group_id":null,"name":"87::none::none"}}],"sizes":[{"key":1,"value":null}],"skin":{"tone":null,"type":null,"type_description":null},"sku_badge":null,"sku_badge_image":null,"sku_display_order":0,"sku_id":"ZTPH02","sku_promo_messaging":null,"sku_type":"SE","sku_url":null,"tags":{"total":10,"items":[{"id":"9420","key":"hotlists","value":"hotlists"},{"id":"2644","key":"alışverişi-tamamla","value":"Alışverişi Tamamla"},{"id":"4323","key":"yeni̇-ürünler","value":"YENİ ÜRÜNLER"},{"id":"13770","key":"recommended-clinique-favourites","value":"Recommended Clinique Favourites"},{"id":"1592","key":"makyaj","value":"MAKYAJ"},{"id":"1575","key":"en-çok-satanlar","value":"En Çok Satanlar"},{"id":"12537","key":"çok-satan-makyaj-ürünleri̇","value":"ÇOK SATAN MAKYAJ ÜRÜNLERİ"},{"id":"9428","key":"top10","value":"top10"},{"id":"16370","key":"online-özel","value":"Online Özel"},{"id":"1605","key":"ruj","value":"RUJ"}]},"texture":null,"undertone":null,"unit_of_measure":null,"unit_size":null,"unit_size_formatted":null,"upc":"020714832971","vto":{"is_color_experience":null,"is_foundation_experience":null}},{"color_family":[{"key":"nude-color","value":"nude_color"}],"coverage_options":null,"cross_sell":null,"display_status":7,"finish":[{"key":"matte-finish","value":"matte_finish"}],"finish_options":[{"key":"matte-finish","value":"matte_finish"}],"fragrances":[{"family":null,"key":null,"value":null}],"iln_listing":null,"iln_version_number":null,"inventory_status":"Active","is_active":true,"is_coming_soon":null,"is_default_sku":false,"is_discountable":true,"is_displayable":null,"is_engravable":null,"is_fragrance":null,"is_giftable":null,"is_giftwrap":false,"is_inactive":null,"is_multi_shaded":null,"is_out_of_stock":null,"is_preorder":false,"is_preorderable":null,"is_promotional":null,"is_replenishable":false,"is_search_suppressed":null,"is_searchable":true,"is_shaded":null,"is_sized":null,"is_sold_out":null,"is_under_weight_hazmat":false,"is_vto_enabled":null,"life_of_product":"Basic Reorder","material_code":"ZTPH100000","media":{"large":[{"alt":"Pop Matte Lip Colour + Primer Mat Ruj","height":1200,"position":1,"src":"/media/export/cms/products/1200x1500/cl_sku_ZTPH10_1200x1500_0.png","type":"image","width":1500}],"medium":[{"alt":"Pop Matte Lip Colour + Primer Mat Ruj","height":600,"position":2,"src":"/media/export/cms/products/600x750/cl_sku_ZTPH10_600x750_0.png","type":"image","width":750}],"model":null,"poster":null,"small":[{"alt":"Pop Matte Lip Colour + Primer Mat Ruj","height":1200,"position":3,"src":"/media/export/cms/products/1200x1500/cl_sku_ZTPH10_1200x1500_0.png","type":"image","width":1500}],"smoosh":[{"alt":"Pop Matte Lip Colour + Primer Mat Ruj","height":1200,"position":0,"src":"/media/export/cms/products/1200x1500/swatches_v3/87_ns_ng.png","type":"image","width":1500}],"xl":null},"out_of_stock_threshold":null,"perlgem":{"SKU_BASE_ID":73173},"preorder_date":null,"prices":[{"currency":"TRY","exclude_tax":{"original_price":165,"original_price_formatted":"165.00 TL","price":165,"price_formatted":"165.00 TL","price_per_unit":null,"price_per_unit_formatted":""},"include_tax":{"original_price":165,"original_price_formatted":"165.00 TL","price":165,"price_formatted":"165.00 TL","price_per_unit":null,"price_per_unit_formatted":""},"is_discounted":false}],"purchase_limit":null,"replenishment":{"message":null},"reviews":{"average_rating":null,"number_of_questions":null,"number_of_reviews":null},"set_components":null,"shade_groups":null,"shades":[{"description":"","hex_val":"#592a26","image":{"height":null,"src":"","width":null},"name":"Clove Pop","smoosh_design":{"group_id":null,"name":"87::none::none"}}],"sizes":[{"key":1,"value":null}],"skin":{"tone":null,"type":null,"type_description":null},"sku_badge":null,"sku_badge_image":null,"sku_display_order":0,"sku_id":"ZTPH10","sku_promo_messaging":null,"sku_type":"SE","sku_url":null,"tags":{"total":9,"items":[{"id":"9420","key":"hotlists","value":"hotlists"},{"id":"4323","key":"yeni̇-ürünler","value":"YENİ ÜRÜNLER"},{"id":"13770","key":"recommended-clinique-favourites","value":"Recommended Clinique Favourites"},{"id":"1592","key":"makyaj","value":"MAKYAJ"},{"id":"1575","key":"en-çok-satanlar","value":"En Çok Satanlar"},{"id":"12537","key":"çok-satan-makyaj-ürünleri̇","value":"ÇOK SATAN MAKYAJ ÜRÜNLERİ"},{"id":"9428","key":"top10","value":"top10"},{"id":"16370","key":"online-özel","value":"Online Özel"},{"id":"1605","key":"ruj","value":"RUJ"}]},"texture":null,"undertone":null,"unit_of_measure":null,"unit_size":null,"unit_size_formatted":null,"upc":"020714852573","vto":{"is_color_experience":null,"is_foundation_experience":null}},{"color_family":[{"key":"violet-color","value":"violet_color"}],"coverage_options":null,"cross_sell":null,"display_status":7,"finish":[{"key":"matte-finish","value":"matte_finish"}],"finish_options":[{"key":"matte-finish","value":"matte_finish"}],"fragrances":[{"family":null,"key":null,"value":null}],"iln_listing":null,"iln_version_number":null,"inventory_status":"Active","is_active":true,"is_coming_soon":null,"is_default_sku":false,"is_discountable":true,"is_displayable":null,"is_engravable":null,"is_fragrance":null,"is_giftable":null,"is_giftwrap":false,"is_inactive":null,"is_multi_shaded":null,"is_out_of_stock":null,"is_preorder":false,"is_preorderable":null,"is_promotional":null,"is_replenishable":false,"is_search_suppressed":null,"is_searchable":true,"is_shaded":null,"is_sized":null,"is_sold_out":null,"is_under_weight_hazmat":false,"is_vto_enabled":null,"life_of_product":"Basic Reorder","material_code":"ZTPH080000","media":{"large":[{"alt":"Pop Matte Lip Colour + Primer Mat Ruj","height":1200,"position":1,"src":"/media/export/cms/products/1200x1500/cl_sku_ZTPH08_1200x1500_0.png","type":"image","width":1500}],"medium":[{"alt":"Pop Matte Lip Colour + Primer Mat Ruj","height":600,"position":2,"src":"/media/export/cms/products/600x750/cl_sku_ZTPH08_600x750_0.png","type":"image","width":750}],"model":null,"poster":null,"small":[{"alt":"Pop Matte Lip Colour + Primer Mat Ruj","height":1200,"position":3,"src":"/media/export/cms/products/1200x1500/cl_sku_ZTPH08_1200x1500_0.png","type":"image","width":1500}],"smoosh":[{"alt":"Pop Matte Lip Colour + Primer Mat Ruj","height":1200,"position":0,"src":"/media/export/cms/products/1200x1500/swatches_v3/87_ns_ng.png","type":"image","width":1500}],"xl":null},"out_of_stock_threshold":null,"perlgem":{"SKU_BASE_ID":72974},"preorder_date":null,"prices":[{"currency":"TRY","exclude_tax":{"original_price":165,"original_price_formatted":"165.00 TL","price":165,"price_formatted":"165.00 TL","price_per_unit":null,"price_per_unit_formatted":""},"include_tax":{"original_price":165,"original_price_formatted":"165.00 TL","price":165,"price_formatted":"165.00 TL","price_per_unit":null,"price_per_unit_formatted":""},"is_discounted":false}],"purchase_limit":null,"replenishment":{"message":null},"reviews":{"average_rating":null,"number_of_questions":null,"number_of_reviews":null},"set_components":null,"shade_groups":null,"shades":[{"description":"","hex_val":"#4a1323","image":{"height":null,"src":"","width":null},"name":"Bold Pop","smoosh_design":{"group_id":null,"name":"87::none::none"}}],"sizes":[{"key":1,"value":null}],"skin":{"tone":null,"type":null,"type_description":null},"sku_badge":null,"sku_badge_image":null,"sku_display_order":0,"sku_id":"ZTPH08","sku_promo_messaging":null,"sku_type":"SE","sku_url":null,"tags":{"total":10,"items":[{"id":"9420","key":"hotlists","value":"hotlists"},{"id":"2644","key":"alışverişi-tamamla","value":"Alışverişi Tamamla"},{"id":"4323","key":"yeni̇-ürünler","value":"YENİ ÜRÜNLER"},{"id":"13770","key":"recommended-clinique-favourites","value":"Recommended Clinique Favourites"},{"id":"1592","key":"makyaj","value":"MAKYAJ"},{"id":"1575","key":"en-çok-satanlar","value":"En Çok Satanlar"},{"id":"12537","key":"çok-satan-makyaj-ürünleri̇","value":"ÇOK SATAN MAKYAJ ÜRÜNLERİ"},{"id":"9428","key":"top10","value":"top10"},{"id":"16370","key":"online-özel","value":"Online Özel"},{"id":"1605","key":"ruj","value":"RUJ"}]},"texture":null,"undertone":null,"unit_of_measure":null,"unit_size":null,"unit_size_formatted":null,"upc":"020714838621","vto":{"is_color_experience":null,"is_foundation_experience":null}},{"color_family":[{"key":"pink-color","value":"pink_color"}],"coverage_options":null,"cross_sell":null,"display_status":7,"finish":[{"key":"matte-finish","value":"matte_finish"}],"finish_options":[{"key":"matte-finish","value":"matte_finish"}],"fragrances":[{"family":null,"key":null,"value":null}],"iln_listing":null,"iln_version_number":null,"inventory_status":"Active","is_active":true,"is_coming_soon":null,"is_default_sku":false,"is_discountable":true,"is_displayable":null,"is_engravable":null,"is_fragrance":null,"is_giftable":null,"is_giftwrap":false,"is_inactive":null,"is_multi_shaded":null,"is_out_of_stock":null,"is_preorder":false,"is_preorderable":null,"is_promotional":null,"is_replenishable":false,"is_search_suppressed":null,"is_searchable":true,"is_shaded":null,"is_sized":null,"is_sold_out":null,"is_under_weight_hazmat":false,"is_vto_enabled":null,"life_of_product":"Basic Reorder","material_code":"ZTPH060000","media":{"large":[{"alt":"Pop Matte Lip Colour + Primer Mat Ruj","height":1200,"position":1,"src":"/media/export/cms/products/1200x1500/cl_sku_ZTPH06_1200x1500_0.png","type":"image","width":1500}],"medium":[{"alt":"Pop Matte Lip Colour + Primer Mat Ruj","height":600,"position":2,"src":"/media/export/cms/products/600x750/cl_sku_ZTPH06_600x750_0.png","type":"image","width":750}],"model":null,"poster":null,"small":[{"alt":"Pop Matte Lip Colour + Primer Mat Ruj","height":1200,"position":3,"src":"/media/export/cms/products/1200x1500/cl_sku_ZTPH06_1200x1500_0.png","type":"image","width":1500}],"smoosh":[{"alt":"Pop Matte Lip Colour + Primer Mat Ruj","height":1200,"position":0,"src":"/media/export/cms/products/1200x1500/swatches_v3/87_ns_ng.png","type":"image","width":1500}],"xl":null},"out_of_stock_threshold":null,"perlgem":{"SKU_BASE_ID":72972},"preorder_date":null,"prices":[{"currency":"TRY","exclude_tax":{"original_price":165,"original_price_formatted":"165.00 TL","price":165,"price_formatted":"165.00 TL","price_per_unit":null,"price_per_unit_formatted":""},"include_tax":{"original_price":165,"original_price_formatted":"165.00 TL","price":165,"price_formatted":"165.00 TL","price_per_unit":null,"price_per_unit_formatted":""},"is_discounted":false}],"purchase_limit":null,"replenishment":{"message":null},"reviews":{"average_rating":null,"number_of_questions":null,"number_of_reviews":null},"set_components":null,"shade_groups":null,"shades":[{"description":"","hex_val":"#961741","image":{"height":null,"src":"","width":null},"name":"Rose Pop","smoosh_design":{"group_id":null,"name":"87::none::none"}}],"sizes":[{"key":1,"value":null}],"skin":{"tone":null,"type":null,"type_description":null},"sku_badge":null,"sku_badge_image":null,"sku_display_order":0,"sku_id":"ZTPH06","sku_promo_messaging":null,"sku_type":"SE","sku_url":null,"tags":{"total":9,"items":[{"id":"9420","key":"hotlists","value":"hotlists"},{"id":"4323","key":"yeni̇-ürünler","value":"YENİ ÜRÜNLER"},{"id":"13770","key":"recommended-clinique-favourites","value":"Recommended Clinique Favourites"},{"id":"1585","key":"hediye-merkezi","value":"Hediye Merkezi"},{"id":"1575","key":"en-çok-satanlar","value":"En Çok Satanlar"},{"id":"12537","key":"çok-satan-makyaj-ürünleri̇","value":"ÇOK SATAN MAKYAJ ÜRÜNLERİ"},{"id":"9428","key":"top10","value":"top10"},{"id":"16370","key":"online-özel","value":"Online Özel"},{"id":"1605","key":"ruj","value":"RUJ"}]},"texture":null,"undertone":null,"unit_of_measure":null,"unit_size":null,"unit_size_formatted":null,"upc":"020714833015","vto":{"is_color_experience":null,"is_foundation_experience":null}},{"color_family":[{"key":"pink-color","value":"pink_color"}],"coverage_options":null,"cross_sell":null,"display_status":7,"finish":[{"key":"matte-finish","value":"matte_finish"}],"finish_options":[{"key":"matte-finish","value":"matte_finish"}],"fragrances":[{"family":null,"key":null,"value":null}],"iln_listing":null,"iln_version_number":null,"inventory_status":"Active","is_active":true,"is_coming_soon":null,"is_default_sku":true,"is_discountable":true,"is_displayable":null,"is_engravable":null,"is_fragrance":null,"is_giftable":null,"is_giftwrap":false,"is_inactive":null,"is_multi_shaded":null,"is_out_of_stock":null,"is_preorder":false,"is_preorderable":null,"is_promotional":null,"is_replenishable":false,"is_search_suppressed":null,"is_searchable":true,"is_shaded":null,"is_sized":null,"is_sold_out":null,"is_under_weight_hazmat":false,"is_vto_enabled":null,"life_of_product":"Basic Reorder","material_code":"ZTPH040000","media":{"large":[{"alt":"Pop Matte Lip Colour + Primer Mat Ruj","height":1200,"position":1,"src":"/media/export/cms/products/1200x1500/cl_sku_ZTPH04_1200x1500_0.png","type":"image","width":1500}],"medium":[{"alt":"Pop Matte Lip Colour + Primer Mat Ruj","height":600,"position":2,"src":"/media/export/cms/products/600x750/cl_sku_ZTPH04_600x750_0.png","type":"image","width":750}],"model":null,"poster":null,"small":[{"alt":"Pop Matte Lip Colour + Primer Mat Ruj","height":1200,"position":3,"src":"/media/export/cms/products/1200x1500/cl_sku_ZTPH04_1200x1500_0.png","type":"image","width":1500}],"smoosh":[{"alt":"Pop Matte Lip Colour + Primer Mat Ruj","height":1200,"position":0,"src":"/media/export/cms/products/1200x1500/swatches_v3/87_ns_ng.png","type":"image","width":1500}],"xl":null},"out_of_stock_threshold":null,"perlgem":{"SKU_BASE_ID":72969},"preorder_date":null,"prices":[{"currency":"TRY","exclude_tax":{"original_price":165,"original_price_formatted":"165.00 TL","price":165,"price_formatted":"165.00 TL","price_per_unit":null,"price_per_unit_formatted":""},"include_tax":{"original_price":165,"original_price_formatted":"165.00 TL","price":165,"price_formatted":"165.00 TL","price_per_unit":null,"price_per_unit_formatted":""},"is_discounted":false}],"purchase_limit":null,"replenishment":{"message":null},"reviews":{"average_rating":null,"number_of_questions":null,"number_of_reviews":null},"set_components":null,"shade_groups":null,"shades":[{"description":"","hex_val":"#de387d","image":{"height":null,"src":"","width":null},"name":"Mod Pop","smoosh_design":{"group_id":null,"name":"87::none::none"}}],"sizes":[{"key":1,"value":null}],"skin":{"tone":null,"type":null,"type_description":null},"sku_badge":null,"sku_badge_image":null,"sku_display_order":0,"sku_id":"ZTPH04","sku_promo_messaging":null,"sku_type":"SE","sku_url":null,"tags":{"total":13,"items":[{"id":"9420","key":"hotlists","value":"hotlists"},{"id":"2644","key":"alışverişi-tamamla","value":"Alışverişi Tamamla"},{"id":"4323","key":"yeni̇-ürünler","value":"YENİ ÜRÜNLER"},{"id":"1590","key":"i̇ndi̇ri̇mli̇-ürünler","value":"İNDİRİMLİ ÜRÜNLER"},{"id":"13770","key":"recommended-clinique-favourites","value":"Recommended Clinique Favourites"},{"id":"1585","key":"hediye-merkezi","value":"Hediye Merkezi"},{"id":"1592","key":"makyaj","value":"MAKYAJ"},{"id":"1575","key":"en-çok-satanlar","value":"En Çok Satanlar"},{"id":"12537","key":"çok-satan-makyaj-ürünleri̇","value":"ÇOK SATAN MAKYAJ ÜRÜNLERİ"},{"id":"9428","key":"top10","value":"top10"},{"id":"16370","key":"online-özel","value":"Online Özel"},{"id":"19288","key":"sale","value":"sale"},{"id":"1605","key":"ruj","value":"RUJ"}]},"texture":null,"undertone":null,"unit_of_measure":null,"unit_size":null,"unit_size_formatted":null,"upc":"020714832995","vto":{"is_color_experience":null,"is_foundation_experience":null}},{"color_family":[{"key":"red-color","value":"red_color"}],"coverage_options":null,"cross_sell":null,"display_status":7,"finish":[{"key":"matte-finish","value":"matte_finish"}],"finish_options":[{"key":"matte-finish","value":"matte_finish"}],"fragrances":[{"family":null,"key":null,"value":null}],"iln_listing":null,"iln_version_number":null,"inventory_status":"Active","is_active":true,"is_coming_soon":null,"is_default_sku":false,"is_discountable":true,"is_displayable":null,"is_engravable":null,"is_fragrance":null,"is_giftable":null,"is_giftwrap":false,"is_inactive":null,"is_multi_shaded":null,"is_out_of_stock":null,"is_preorder":false,"is_preorderable":null,"is_promotional":null,"is_replenishable":false,"is_search_suppressed":null,"is_searchable":true,"is_shaded":null,"is_sized":null,"is_sold_out":null,"is_under_weight_hazmat":false,"is_vto_enabled":null,"life_of_product":"Basic Reorder","material_code":"ZTPH110000","media":{"large":[{"alt":"Pop Matte Lip Colour + Primer Mat Ruj","height":1200,"position":1,"src":"/media/export/cms/products/1200x1500/cl_sku_ZTPH11_1200x1500_0.png","type":"image","width":1500}],"medium":[{"alt":"Pop Matte Lip Colour + Primer Mat Ruj","height":600,"position":2,"src":"/media/export/cms/products/600x750/cl_sku_ZTPH11_600x750_0.png","type":"image","width":750}],"model":null,"poster":null,"small":[{"alt":"Pop Matte Lip Colour + Primer Mat Ruj","height":1200,"position":3,"src":"/media/export/cms/products/1200x1500/cl_sku_ZTPH11_1200x1500_0.png","type":"image","width":1500}],"smoosh":[{"alt":"Pop Matte Lip Colour + Primer Mat Ruj","height":1200,"position":0,"src":"/media/export/cms/products/1200x1500/swatches_v3/87_ns_ng.png","type":"image","width":1500}],"xl":null},"out_of_stock_threshold":null,"perlgem":{"SKU_BASE_ID":73174},"preorder_date":null,"prices":[{"currency":"TRY","exclude_tax":{"original_price":165,"original_price_formatted":"165.00 TL","price":165,"price_formatted":"165.00 TL","price_per_unit":null,"price_per_unit_formatted":""},"include_tax":{"original_price":165,"original_price_formatted":"165.00 TL","price":165,"price_formatted":"165.00 TL","price_per_unit":null,"price_per_unit_formatted":""},"is_discounted":false}],"purchase_limit":null,"replenishment":{"message":null},"reviews":{"average_rating":null,"number_of_questions":null,"number_of_reviews":null},"set_components":null,"shade_groups":null,"shades":[{"description":"","hex_val":"#a80028","image":{"height":null,"src":"","width":null},"name":"Peppermint Pop","smoosh_design":{"group_id":null,"name":"87::none::none"}}],"sizes":[{"key":1,"value":null}],"skin":{"tone":null,"type":null,"type_description":null},"sku_badge":null,"sku_badge_image":null,"sku_display_order":0,"sku_id":"ZTPH11","sku_promo_messaging":null,"sku_type":"SE","sku_url":null,"tags":{"total":10,"items":[{"id":"9420","key":"hotlists","value":"hotlists"},{"id":"4323","key":"yeni̇-ürünler","value":"YENİ ÜRÜNLER"},{"id":"13770","key":"recommended-clinique-favourites","value":"Recommended Clinique Favourites"},{"id":"1592","key":"makyaj","value":"MAKYAJ"},{"id":"1575","key":"en-çok-satanlar","value":"En Çok Satanlar"},{"id":"12537","key":"çok-satan-makyaj-ürünleri̇","value":"ÇOK SATAN MAKYAJ ÜRÜNLERİ"},{"id":"9428","key":"top10","value":"top10"},{"id":"16370","key":"online-özel","value":"Online Özel"},{"id":"13562","key":"yeni̇-yil-makyaj","value":"YENİ YIL MAKYAJ"},{"id":"1605","key":"ruj","value":"RUJ"}]},"texture":null,"undertone":null,"unit_of_measure":null,"unit_size":null,"unit_size_formatted":null,"upc":"020714852580","vto":{"is_color_experience":null,"is_foundation_experience":null}},{"color_family":[{"key":"pink-color","value":"pink_color"}],"coverage_options":null,"cross_sell":null,"display_status":7,"finish":[{"key":"matte-finish","value":"matte_finish"}],"finish_options":[{"key":"matte-finish","value":"matte_finish"}],"fragrances":[{"family":null,"key":null,"value":null}],"iln_listing":null,"iln_version_number":null,"inventory_status":"Active","is_active":true,"is_coming_soon":null,"is_default_sku":false,"is_discountable":true,"is_displayable":null,"is_engravable":null,"is_fragrance":null,"is_giftable":null,"is_giftwrap":false,"is_inactive":null,"is_multi_shaded":null,"is_out_of_stock":null,"is_preorder":false,"is_preorderable":null,"is_promotional":null,"is_replenishable":false,"is_search_suppressed":null,"is_searchable":true,"is_shaded":null,"is_sized":null,"is_sold_out":null,"is_under_weight_hazmat":false,"is_vto_enabled":null,"life_of_product":"Basic Reorder","material_code":"ZTPH050000","media":{"large":[{"alt":"Pop Matte Lip Colour + Primer Mat Ruj","height":1200,"position":1,"src":"/media/export/cms/products/1200x1500/cl_sku_ZTPH05_1200x1500_0.png","type":"image","width":1500}],"medium":[{"alt":"Pop Matte Lip Colour + Primer Mat Ruj","height":600,"position":2,"src":"/media/export/cms/products/600x750/cl_sku_ZTPH05_600x750_0.png","type":"image","width":750}],"model":null,"poster":null,"small":[{"alt":"Pop Matte Lip Colour + Primer Mat Ruj","height":1200,"position":3,"src":"/media/export/cms/products/1200x1500/cl_sku_ZTPH05_1200x1500_0.png","type":"image","width":1500}],"smoosh":[{"alt":"Pop Matte Lip Colour + Primer Mat Ruj","height":1200,"position":0,"src":"/media/export/cms/products/1200x1500/swatches_v3/87_ns_ng.png","type":"image","width":1500}],"xl":null},"out_of_stock_threshold":null,"perlgem":{"SKU_BASE_ID":72970},"preorder_date":null,"prices":[{"currency":"TRY","exclude_tax":{"original_price":165,"original_price_formatted":"165.00 TL","price":165,"price_formatted":"165.00 TL","price_per_unit":null,"price_per_unit_formatted":""},"include_tax":{"original_price":165,"original_price_formatted":"165.00 TL","price":165,"price_formatted":"165.00 TL","price_per_unit":null,"price_per_unit_formatted":""},"is_discounted":false}],"purchase_limit":null,"replenishment":{"message":null},"reviews":{"average_rating":null,"number_of_questions":null,"number_of_reviews":null},"set_components":null,"shade_groups":null,"shades":[{"description":"","hex_val":"#cc0d49","image":{"height":null,"src":"","width":null},"name":"Graffiti Pop","smoosh_design":{"group_id":null,"name":"87::none::none"}}],"sizes":[{"key":1,"value":null}],"skin":{"tone":null,"type":null,"type_description":null},"sku_badge":null,"sku_badge_image":null,"sku_display_order":0,"sku_id":"ZTPH05","sku_promo_messaging":null,"sku_type":"SE","sku_url":null,"tags":{"total":10,"items":[{"id":"9420","key":"hotlists","value":"hotlists"},{"id":"4323","key":"yeni̇-ürünler","value":"YENİ ÜRÜNLER"},{"id":"1590","key":"i̇ndi̇ri̇mli̇-ürünler","value":"İNDİRİMLİ ÜRÜNLER"},{"id":"13770","key":"recommended-clinique-favourites","value":"Recommended Clinique Favourites"},{"id":"1585","key":"hediye-merkezi","value":"Hediye Merkezi"},{"id":"1575","key":"en-çok-satanlar","value":"En Çok Satanlar"},{"id":"12537","key":"çok-satan-makyaj-ürünleri̇","value":"ÇOK SATAN MAKYAJ ÜRÜNLERİ"},{"id":"9428","key":"top10","value":"top10"},{"id":"16370","key":"online-özel","value":"Online Özel"},{"id":"1605","key":"ruj","value":"RUJ"}]},"texture":null,"undertone":null,"unit_of_measure":null,"unit_size":null,"unit_size_formatted":null,"upc":"020714833008","vto":{"is_color_experience":null,"is_foundation_experience":null}},{"color_family":[{"key":"pink-color","value":"pink_color"}],"coverage_options":null,"cross_sell":null,"display_status":7,"finish":[{"key":"matte-finish","value":"matte_finish"}],"finish_options":[{"key":"matte-finish","value":"matte_finish"}],"fragrances":[{"family":null,"key":null,"value":null}],"iln_listing":null,"iln_version_number":null,"inventory_status":"Active","is_active":true,"is_coming_soon":null,"is_default_sku":false,"is_discountable":true,"is_displayable":null,"is_engravable":null,"is_fragrance":null,"is_giftable":null,"is_giftwrap":false,"is_inactive":null,"is_multi_shaded":null,"is_out_of_stock":null,"is_preorder":false,"is_preorderable":null,"is_promotional":null,"is_replenishable":false,"is_search_suppressed":null,"is_searchable":true,"is_shaded":null,"is_sized":null,"is_sold_out":null,"is_under_weight_hazmat":false,"is_vto_enabled":null,"life_of_product":"Basic Reorder","material_code":"ZTPH130000","media":{"large":[{"alt":"Pop Matte Lip Colour + Primer Mat Ruj","height":1200,"position":1,"src":"/media/export/cms/products/1200x1500/cl_sku_ZTPH13_1200x1500_0.png","type":"image","width":1500}],"medium":[{"alt":"Pop Matte Lip Colour + Primer Mat Ruj","height":600,"position":2,"src":"/media/export/cms/products/600x750/cl_sku_ZTPH13_600x750_0.png","type":"image","width":750}],"model":null,"poster":null,"small":[{"alt":"Pop Matte Lip Colour + Primer Mat Ruj","height":1200,"position":3,"src":"/media/export/cms/products/1200x1500/cl_sku_ZTPH13_1200x1500_0.png","type":"image","width":1500}],"smoosh":[{"alt":"Pop Matte Lip Colour + Primer Mat Ruj","height":1200,"position":0,"src":"/media/export/cms/products/1200x1500/swatches_v3/87_ns_ng.png","type":"image","width":1500}],"xl":null},"out_of_stock_threshold":null,"perlgem":{"SKU_BASE_ID":73176},"preorder_date":null,"prices":[{"currency":"TRY","exclude_tax":{"original_price":165,"original_price_formatted":"165.00 TL","price":165,"price_formatted":"165.00 TL","price_per_unit":null,"price_per_unit_formatted":""},"include_tax":{"original_price":165,"original_price_formatted":"165.00 TL","price":165,"price_formatted":"165.00 TL","price_per_unit":null,"price_per_unit_formatted":""},"is_discounted":false}],"purchase_limit":null,"replenishment":{"message":null},"reviews":{"average_rating":null,"number_of_questions":null,"number_of_reviews":null},"set_components":null,"shade_groups":null,"shades":[{"description":"","hex_val":"#dc7587","image":{"height":null,"src":"","width":null},"name":"Peony Pop","smoosh_design":{"group_id":null,"name":"87::none::none"}}],"sizes":[{"key":1,"value":null}],"skin":{"tone":null,"type":null,"type_description":null},"sku_badge":null,"sku_badge_image":null,"sku_display_order":0,"sku_id":"ZTPH13","sku_promo_messaging":null,"sku_type":"SE","sku_url":null,"tags":{"total":1,"items":[{"id":"1605","key":"ruj","value":"RUJ"}]},"texture":null,"undertone":null,"unit_of_measure":null,"unit_size":null,"unit_size_formatted":null,"upc":"020714852603","vto":{"is_color_experience":null,"is_foundation_experience":null}},{"color_family":[{"key":"red-color","value":"red_color"}],"coverage_options":null,"cross_sell":null,"display_status":7,"finish":[{"key":"matte-finish","value":"matte_finish"}],"finish_options":[{"key":"matte-finish","value":"matte_finish"}],"fragrances":[{"family":null,"key":null,"value":null}],"iln_listing":null,"iln_version_number":null,"inventory_status":"Active","is_active":true,"is_coming_soon":null,"is_default_sku":false,"is_discountable":true,"is_displayable":null,"is_engravable":null,"is_fragrance":null,"is_giftable":null,"is_giftwrap":false,"is_inactive":null,"is_multi_shaded":null,"is_out_of_stock":null,"is_preorder":false,"is_preorderable":null,"is_promotional":null,"is_replenishable":false,"is_search_suppressed":null,"is_searchable":true,"is_shaded":null,"is_sized":null,"is_sold_out":null,"is_under_weight_hazmat":false,"is_vto_enabled":null,"life_of_product":"Basic Reorder","material_code":"ZTPH030000","media":{"large":[{"alt":"Pop Matte Lip Colour + Primer Mat Ruj","height":1200,"position":1,"src":"/media/export/cms/products/1200x1500/cl_sku_ZTPH03_1200x1500_0.png","type":"image","width":1500}],"medium":[{"alt":"Pop Matte Lip Colour + Primer Mat Ruj","height":600,"position":2,"src":"/media/export/cms/products/600x750/cl_sku_ZTPH03_600x750_0.png","type":"image","width":750}],"model":null,"poster":null,"small":[{"alt":"Pop Matte Lip Colour + Primer Mat Ruj","height":1200,"position":3,"src":"/media/export/cms/products/1200x1500/cl_sku_ZTPH03_1200x1500_0.png","type":"image","width":1500}],"smoosh":[{"alt":"Pop Matte Lip Colour + Primer Mat Ruj","height":1200,"position":0,"src":"/media/export/cms/products/1200x1500/swatches_v3/87_ns_ng.png","type":"image","width":1500}],"xl":null},"out_of_stock_threshold":null,"perlgem":{"SKU_BASE_ID":72968},"preorder_date":null,"prices":[{"currency":"TRY","exclude_tax":{"original_price":165,"original_price_formatted":"165.00 TL","price":165,"price_formatted":"165.00 TL","price_per_unit":null,"price_per_unit_formatted":""},"include_tax":{"original_price":165,"original_price_formatted":"165.00 TL","price":165,"price_formatted":"165.00 TL","price_per_unit":null,"price_per_unit_formatted":""},"is_discounted":false}],"purchase_limit":null,"replenishment":{"message":null},"reviews":{"average_rating":null,"number_of_questions":null,"number_of_reviews":null},"set_components":null,"shade_groups":null,"shades":[{"description":"","hex_val":"#a8100b","image":{"height":null,"src":"","width":null},"name":"Ruby Pop","smoosh_design":{"group_id":null,"name":"87::none::none"}}],"sizes":[{"key":1,"value":null}],"skin":{"tone":null,"type":null,"type_description":null},"sku_badge":null,"sku_badge_image":null,"sku_display_order":0,"sku_id":"ZTPH03","sku_promo_messaging":null,"sku_type":"SE","sku_url":null,"tags":{"total":11,"items":[{"id":"9420","key":"hotlists","value":"hotlists"},{"id":"4323","key":"yeni̇-ürünler","value":"YENİ ÜRÜNLER"},{"id":"13770","key":"recommended-clinique-favourites","value":"Recommended Clinique Favourites"},{"id":"1585","key":"hediye-merkezi","value":"Hediye Merkezi"},{"id":"1592","key":"makyaj","value":"MAKYAJ"},{"id":"1575","key":"en-çok-satanlar","value":"En Çok Satanlar"},{"id":"12537","key":"çok-satan-makyaj-ürünleri̇","value":"ÇOK SATAN MAKYAJ ÜRÜNLERİ"},{"id":"9428","key":"top10","value":"top10"},{"id":"16370","key":"online-özel","value":"Online Özel"},{"id":"13562","key":"yeni̇-yil-makyaj","value":"YENİ YIL MAKYAJ"},{"id":"1605","key":"ruj","value":"RUJ"}]},"texture":null,"undertone":null,"unit_of_measure":null,"unit_size":null,"unit_size_formatted":null,"upc":"020714832988","vto":{"is_color_experience":null,"is_foundation_experience":null}},{"color_family":[{"key":"violet-color","value":"violet_color"}],"coverage_options":null,"cross_sell":null,"display_status":7,"finish":[{"key":"matte-finish","value":"matte_finish"}],"finish_options":[{"key":"matte-finish","value":"matte_finish"}],"fragrances":[{"family":null,"key":null,"value":null}],"iln_listing":null,"iln_version_number":null,"inventory_status":"Active","is_active":true,"is_coming_soon":null,"is_default_sku":false,"is_discountable":true,"is_displayable":null,"is_engravable":null,"is_fragrance":null,"is_giftable":null,"is_giftwrap":false,"is_inactive":null,"is_multi_shaded":null,"is_out_of_stock":null,"is_preorder":false,"is_preorderable":null,"is_promotional":null,"is_replenishable":false,"is_search_suppressed":null,"is_searchable":true,"is_shaded":null,"is_sized":null,"is_sold_out":null,"is_under_weight_hazmat":false,"is_vto_enabled":null,"life_of_product":"Basic Reorder","material_code":"ZTPH160000","media":{"large":[{"alt":"Pop Matte Lip Colour + Primer Mat Ruj","height":1200,"position":1,"src":"/media/export/cms/products/1200x1500/cl_sku_ZTPH16_1200x1500_0.png","type":"image","width":1500}],"medium":[{"alt":"Pop Matte Lip Colour + Primer Mat Ruj","height":600,"position":2,"src":"/media/export/cms/products/600x750/cl_sku_ZTPH16_600x750_0.png","type":"image","width":750}],"model":null,"poster":null,"small":[{"alt":"Pop Matte Lip Colour + Primer Mat Ruj","height":1200,"position":3,"src":"/media/export/cms/products/1200x1500/cl_sku_ZTPH16_1200x1500_0.png","type":"image","width":1500}],"smoosh":[{"alt":"Pop Matte Lip Colour + Primer Mat Ruj","height":1200,"position":0,"src":"/media/export/cms/products/1200x1500/swatches_v3/87_ns_ng.png","type":"image","width":1500}],"xl":null},"out_of_stock_threshold":null,"perlgem":{"SKU_BASE_ID":73179},"preorder_date":null,"prices":[{"currency":"TRY","exclude_tax":{"original_price":165,"original_price_formatted":"165.00 TL","price":165,"price_formatted":"165.00 TL","price_per_unit":null,"price_per_unit_formatted":""},"include_tax":{"original_price":165,"original_price_formatted":"165.00 TL","price":165,"price_formatted":"165.00 TL","price_per_unit":null,"price_per_unit_formatted":""},"is_discounted":false}],"purchase_limit":null,"replenishment":{"message":null},"reviews":{"average_rating":null,"number_of_questions":null,"number_of_reviews":null},"set_components":null,"shade_groups":null,"shades":[{"description":"","hex_val":"#301018","image":{"height":null,"src":"","width":null},"name":"Avant Garde Pop","smoosh_design":{"group_id":null,"name":"87::none::none"}}],"sizes":[{"key":1,"value":null}],"skin":{"tone":null,"type":null,"type_description":null},"sku_badge":null,"sku_badge_image":null,"sku_display_order":0,"sku_id":"ZTPH16","sku_promo_messaging":null,"sku_type":"SE","sku_url":null,"tags":{"total":12,"items":[{"id":"9420","key":"hotlists","value":"hotlists"},{"id":"4323","key":"yeni̇-ürünler","value":"YENİ ÜRÜNLER"},{"id":"1590","key":"i̇ndi̇ri̇mli̇-ürünler","value":"İNDİRİMLİ ÜRÜNLER"},{"id":"13770","key":"recommended-clinique-favourites","value":"Recommended Clinique Favourites"},{"id":"1592","key":"makyaj","value":"MAKYAJ"},{"id":"1575","key":"en-çok-satanlar","value":"En Çok Satanlar"},{"id":"12537","key":"çok-satan-makyaj-ürünleri̇","value":"ÇOK SATAN MAKYAJ ÜRÜNLERİ"},{"id":"9428","key":"top10","value":"top10"},{"id":"16370","key":"online-özel","value":"Online Özel"},{"id":"19288","key":"sale","value":"sale"},{"id":"13562","key":"yeni̇-yil-makyaj","value":"YENİ YIL MAKYAJ"},{"id":"1605","key":"ruj","value":"RUJ"}]},"texture":null,"undertone":null,"unit_of_measure":null,"unit_size":null,"unit_size_formatted":null,"upc":"020714852634","vto":{"is_color_experience":null,"is_foundation_experience":null}},{"color_family":[{"key":"violet-color","value":"violet_color"}],"coverage_options":null,"cross_sell":null,"display_status":7,"finish":[{"key":"matte-finish","value":"matte_finish"}],"finish_options":[{"key":"matte-finish","value":"matte_finish"}],"fragrances":[{"family":null,"key":null,"value":null}],"iln_listing":null,"iln_version_number":null,"inventory_status":"Active","is_active":true,"is_coming_soon":null,"is_default_sku":false,"is_discountable":true,"is_displayable":null,"is_engravable":null,"is_fragrance":null,"is_giftable":null,"is_giftwrap":false,"is_inactive":null,"is_multi_shaded":null,"is_out_of_stock":null,"is_preorder":false,"is_preorderable":null,"is_promotional":null,"is_replenishable":false,"is_search_suppressed":null,"is_searchable":true,"is_shaded":null,"is_sized":null,"is_sold_out":null,"is_under_weight_hazmat":false,"is_vto_enabled":null,"life_of_product":"Basic Reorder","material_code":"ZTPH070000","media":{"large":[{"alt":"Pop Matte Lip Colour + Primer Mat Ruj","height":1200,"position":1,"src":"/media/export/cms/products/1200x1500/cl_sku_ZTPH07_1200x1500_0.png","type":"image","width":1500}],"medium":[{"alt":"Pop Matte Lip Colour + Primer Mat Ruj","height":600,"position":2,"src":"/media/export/cms/products/600x750/cl_sku_ZTPH07_600x750_0.png","type":"image","width":750}],"model":null,"poster":null,"small":[{"alt":"Pop Matte Lip Colour + Primer Mat Ruj","height":1200,"position":3,"src":"/media/export/cms/products/1200x1500/cl_sku_ZTPH07_1200x1500_0.png","type":"image","width":1500}],"smoosh":[{"alt":"Pop Matte Lip Colour + Primer Mat Ruj","height":1200,"position":0,"src":"/media/export/cms/products/1200x1500/swatches_v3/87_ns_ng.png","type":"image","width":1500}],"xl":null},"out_of_stock_threshold":null,"perlgem":{"SKU_BASE_ID":72973},"preorder_date":null,"prices":[{"currency":"TRY","exclude_tax":{"original_price":165,"original_price_formatted":"165.00 TL","price":165,"price_formatted":"165.00 TL","price_per_unit":null,"price_per_unit_formatted":""},"include_tax":{"original_price":165,"original_price_formatted":"165.00 TL","price":165,"price_formatted":"165.00 TL","price_per_unit":null,"price_per_unit_formatted":""},"is_discounted":false}],"purchase_limit":null,"replenishment":{"message":null},"reviews":{"average_rating":null,"number_of_questions":null,"number_of_reviews":null},"set_components":null,"shade_groups":null,"shades":[{"description":"","hex_val":"#7f2d55","image":{"height":null,"src":"","width":null},"name":"Pow Pop","smoosh_design":{"group_id":null,"name":"87::none::none"}}],"sizes":[{"key":1,"value":null}],"skin":{"tone":null,"type":null,"type_description":null},"sku_badge":null,"sku_badge_image":null,"sku_display_order":0,"sku_id":"ZTPH07","sku_promo_messaging":null,"sku_type":"SE","sku_url":null,"tags":{"total":2,"items":[{"id":"1590","key":"i̇ndi̇ri̇mli̇-ürünler","value":"İNDİRİMLİ ÜRÜNLER"},{"id":"1605","key":"ruj","value":"RUJ"}]},"texture":null,"undertone":null,"unit_of_measure":null,"unit_size":null,"unit_size_formatted":null,"upc":"020714838614","vto":{"is_color_experience":null,"is_foundation_experience":null}},{"color_family":[{"key":"nude-color","value":"nude_color"}],"coverage_options":null,"cross_sell":null,"display_status":7,"finish":[{"key":"matte-finish","value":"matte_finish"}],"finish_options":[{"key":"matte-finish","value":"matte_finish"}],"fragrances":[{"family":null,"key":null,"value":null}],"iln_listing":null,"iln_version_number":null,"inventory_status":"Active","is_active":true,"is_coming_soon":null,"is_default_sku":false,"is_discountable":true,"is_displayable":null,"is_engravable":null,"is_fragrance":null,"is_giftable":null,"is_giftwrap":false,"is_inactive":null,"is_multi_shaded":null,"is_out_of_stock":null,"is_preorder":false,"is_preorderable":null,"is_promotional":null,"is_replenishable":false,"is_search_suppressed":null,"is_searchable":true,"is_shaded":null,"is_sized":null,"is_sold_out":null,"is_under_weight_hazmat":false,"is_vto_enabled":null,"life_of_product":"Basic Reorder","material_code":"ZTPH090000","media":{"large":[{"alt":"Pop Matte Lip Colour + Primer Mat Ruj","height":1200,"position":1,"src":"/media/export/cms/products/1200x1500/cl_sku_ZTPH09_1200x1500_0.png","type":"image","width":1500}],"medium":[{"alt":"Pop Matte Lip Colour + Primer Mat Ruj","height":600,"position":2,"src":"/media/export/cms/products/600x750/cl_sku_ZTPH09_600x750_0.png","type":"image","width":750}],"model":null,"poster":null,"small":[{"alt":"Pop Matte Lip Colour + Primer Mat Ruj","height":1200,"position":3,"src":"/media/export/cms/products/1200x1500/cl_sku_ZTPH09_1200x1500_0.png","type":"image","width":1500}],"smoosh":[{"alt":"Pop Matte Lip Colour + Primer Mat Ruj","height":1200,"position":0,"src":"/media/export/cms/products/1200x1500/swatches_v3/87_ns_ng.png","type":"image","width":1500}],"xl":null},"out_of_stock_threshold":null,"perlgem":{"SKU_BASE_ID":73172},"preorder_date":null,"prices":[{"currency":"TRY","exclude_tax":{"original_price":165,"original_price_formatted":"165.00 TL","price":165,"price_formatted":"165.00 TL","price_per_unit":null,"price_per_unit_formatted":""},"include_tax":{"original_price":165,"original_price_formatted":"165.00 TL","price":165,"price_formatted":"165.00 TL","price_per_unit":null,"price_per_unit_formatted":""},"is_discounted":false}],"purchase_limit":null,"replenishment":{"message":null},"reviews":{"average_rating":null,"number_of_questions":null,"number_of_reviews":null},"set_components":null,"shade_groups":null,"shades":[{"description":"","hex_val":"#8e4546","image":{"height":null,"src":"","width":null},"name":"Beach Pop","smoosh_design":{"group_id":null,"name":"87::none::none"}}],"sizes":[{"key":1,"value":null}],"skin":{"tone":null,"type":null,"type_description":null},"sku_badge":null,"sku_badge_image":null,"sku_display_order":0,"sku_id":"ZTPH09","sku_promo_messaging":null,"sku_type":"SE","sku_url":null,"tags":{"total":10,"items":[{"id":"9420","key":"hotlists","value":"hotlists"},{"id":"4323","key":"yeni̇-ürünler","value":"YENİ ÜRÜNLER"},{"id":"13770","key":"recommended-clinique-favourites","value":"Recommended Clinique Favourites"},{"id":"1592","key":"makyaj","value":"MAKYAJ"},{"id":"1575","key":"en-çok-satanlar","value":"En Çok Satanlar"},{"id":"12537","key":"çok-satan-makyaj-ürünleri̇","value":"ÇOK SATAN MAKYAJ ÜRÜNLERİ"},{"id":"9428","key":"top10","value":"top10"},{"id":"16370","key":"online-özel","value":"Online Özel"},{"id":"13562","key":"yeni̇-yil-makyaj","value":"YENİ YIL MAKYAJ"},{"id":"1605","key":"ruj","value":"RUJ"}]},"texture":null,"undertone":null,"unit_of_measure":null,"unit_size":null,"unit_size_formatted":null,"upc":"020714844295","vto":{"is_color_experience":null,"is_foundation_experience":null}}]},"sub_display_name":null,"sub_header":null,"tags":{"total":14,"items":[{"id":"9420","key":"hotlists","parent_tag_id":null,"product_display_order":0,"value":"hotlists"},{"id":"2644","key":"alışverişi-tamamla","parent_tag_id":null,"product_display_order":0,"value":"Alışverişi Tamamla"},{"id":"4323","key":"yeni̇-ürünler","parent_tag_id":null,"product_display_order":250,"value":"YENİ ÜRÜNLER"},{"id":"1590","key":"i̇ndi̇ri̇mli̇-ürünler","parent_tag_id":null,"product_display_order":0,"value":"İNDİRİMLİ ÜRÜNLER"},{"id":"13770","key":"recommended-clinique-favourites","parent_tag_id":null,"product_display_order":0,"value":"Recommended Clinique Favourites"},{"id":"1585","key":"hediye-merkezi","parent_tag_id":null,"product_display_order":0,"value":"Hediye Merkezi"},{"id":"1592","key":"makyaj","parent_tag_id":null,"product_display_order":112,"value":"MAKYAJ"},{"id":"1575","key":"en-çok-satanlar","parent_tag_id":null,"product_display_order":14,"value":"En Çok Satanlar"},{"id":"12537","key":"çok-satan-makyaj-ürünleri̇","parent_tag_id":"1592","product_display_order":0,"value":"ÇOK SATAN MAKYAJ ÜRÜNLERİ"},{"id":"9428","key":"top10","parent_tag_id":"9420","product_display_order":0,"value":"top10"},{"id":"16370","key":"online-özel","parent_tag_id":null,"product_display_order":0,"value":"Online Özel"},{"id":"19288","key":"sale","parent_tag_id":"1590","product_display_order":0,"value":"sale"},{"id":"13562","key":"yeni̇-yil-makyaj","parent_tag_id":"13561","product_display_order":0,"value":"YENİ YIL MAKYAJ"},{"id":"1605","key":"ruj","parent_tag_id":"1592","product_display_order":0,"value":"RUJ"}]},"usage":[{"content":null,"label":"PRODUCT USAGE","type":"product_usage"},{"content":null,"label":"HOW DOES IT WORK","type":"how_does_it_work"},{"content":null,"label":"WHO IT IS FOR","type":"who_it_is_for"},{"content":null,"label":"GREAT TO KNOW","type":"great_to_know"},{"content":null,"label":"WHAT_IT_DOES","type":"what_it_does"},{"content":"<P><SPAN lang=EN-US style='FONT-SIZE: 12pt; FONT-FAMILY: \"Calibri\",\"sans-serif\"; COLOR: black; mso-ascii-theme-font: minor-latin; mso-fareast-font-family: \"Times New Roman\"; mso-fareast-theme-font: minor-fareast; mso-hansi-theme-font: minor-latin; mso-bidi-font-family: \"Times New Roman\"; mso-bidi-theme-font: minor-bidi; mso-ansi-language: EN-US; mso-fareast-language: EN-US; mso-bidi-language: AR-SA; mso-themecolor: text1'>Hafif yapısı ve yoğun pigmentli formül. Dudaklarda uzun süre&nbsp;dayanıklı kremsi mat görünüm. Dudak bazı özelliği sayesinde daha yumuşak dudaklar, daha kolay uygulama. </SPAN></P>","label":"WHAT_IT_IS","type":"what_it_is"}],"objectID":"42767"},{"benefit":{"statement":null,"benefits":null},"brand":null,"collection":null,"coverage":[{"key":"medium-coverage","value":"medium_coverage"},{"key":"sheer-coverage","value":"sheer_coverage"}],"cross_sell":null,"default_category":{"id":"1599","key":"fondöten"},"description":"<b>Nedir?</b><br>Ultra sıvı ve hafif yapılı bu ipeksi fondöten cildinizin ihtiyacı olan bölgelerinde yağı dengelerken cildinize ihtiyacı olan nemi de sağlar. SPF ile cildinizin güneşten korunmasına yardımcı olur. İpekle geliştirilmiş fondöteni keşfedin. Ciltte ağırlık yapmadan cildi kusursuzlaştırır. İhtiyaç olan bölgelerde nem sağlarken aynı zamanda yağ dengesini kontrol altına alır. Orta-hafif kapatıcıdır. Doğal-mat bitiş sağlar. Kuru karma ve karma yağlı ciltler için idealdir.  ","display_mode":null,"display_name":"Superbalanced Silk Makeup Broad Spectrum SPF 15 Likit Fondöten","display_status":3,"finish":[{"key":"matte-finish","value":"matte_finish"},{"key":"natural-finish","value":"natural_finish"}],"form":[{"key":"liquid-form","value":"liquid_form"}],"formula_type":null,"fragrance_family":null,"indexable_keywords":null,"is_hazmat":false,"is_product_coming_soon":null,"is_product_displayable":true,"is_product_searchable":true,"is_product_shoppable":false,"is_product_sold_out":null,"is_product_temporarily_out_of_stock":null,"is_search_suppressed":null,"key_ingredient":null,"media":{"large":null,"medium":null,"poster":null,"small":null,"videos":[{"position":null,"poster":{"height":null,"src":null,"width":null},"provider":null,"src":null},{"position":null,"poster":{"height":null,"src":null,"width":null},"provider":null,"src":null},{"position":null,"poster":{"height":null,"src":null,"width":null},"provider":null,"src":null}],"xl":null},"meta":{"description":null,"keywords":null},"parent_category":[{"id":"1599","value":"FONDÖTEN"},{"id":"1592","value":"MAKYAJ"}],"product_badge":null,"product_id":"42938","product_title_tag":null,"product_type":"Shaded","product_url":"/product/1599/42938/makyaj/fondoten/superbalanced-silk-makeup-broad-spectrum-spf-15-likit-fondoten","reviews":{"average_rating":5,"number_of_questions":null,"number_of_reviews":2},"shade_groups":null,"short_description":"Ultra sıvı ve hafif yapılı bu ipeksi fondöten cildinizin ihtiyacı olan bölgelerinde yağı dengelerken cildinize ihtiyacı olan nemi de sağlar. SPF ile cildinizin güneşten korunmasına yardımcı olur.","skin":{"concern":[{"key":"spf-concern","value":"spf_concern"}]},"skin_goal":null,"skus":{"total":1,"items":[{"color_family":[{"key":"fair-color","value":"fair_color"}],"coverage_options":null,"cross_sell":null,"display_status":3,"finish":[{"key":"natural-finish","value":"natural_finish"}],"finish_options":[{"key":"natural-finish","value":"natural_finish"}],"fragrances":[{"family":null,"key":null,"value":null}],"iln_listing":null,"iln_version_number":null,"inventory_status":"Sold Out","is_active":null,"is_coming_soon":null,"is_default_sku":false,"is_discountable":true,"is_displayable":null,"is_engravable":null,"is_fragrance":null,"is_giftable":null,"is_giftwrap":false,"is_inactive":null,"is_multi_shaded":null,"is_out_of_stock":null,"is_preorder":false,"is_preorderable":null,"is_promotional":null,"is_replenishable":false,"is_search_suppressed":null,"is_searchable":true,"is_shaded":null,"is_sized":null,"is_sold_out":true,"is_under_weight_hazmat":false,"is_vto_enabled":null,"life_of_product":"Discontinued","material_code":"ZGH4120000","media":{"large":[{"alt":"Superbalanced Silk Makeup Broad Spectrum SPF 15 Likit Fondöten","height":1200,"position":1,"src":"/media/export/cms/products/1200x1500/cl_sku_ZGH412_1200x1500_0.png","type":"image","width":1500}],"medium":[{"alt":"Superbalanced Silk Makeup Broad Spectrum SPF 15 Likit Fondöten","height":600,"position":2,"src":"/media/export/cms/products/600x750/cl_sku_ZGH412_600x750_0.png","type":"image","width":750}],"model":null,"poster":null,"small":[{"alt":"Superbalanced Silk Makeup Broad Spectrum SPF 15 Likit Fondöten","height":1200,"position":3,"src":"/media/export/cms/products/1200x1500/cl_sku_ZGH412_1200x1500_0.png","type":"image","width":1500}],"smoosh":[{"alt":"Superbalanced Silk Makeup Broad Spectrum SPF 15 Likit Fondöten","height":1200,"position":0,"src":"/media/export/cms/products/1200x1500/swatches_v3/55_ns_ng.png","type":"image","width":1500}],"xl":null},"out_of_stock_threshold":null,"perlgem":{"SKU_BASE_ID":73215},"preorder_date":null,"prices":[{"currency":"TRY","exclude_tax":{"original_price":265,"original_price_formatted":"265.00 TL","price":265,"price_formatted":"265.00 TL","price_per_unit":null,"price_per_unit_formatted":""},"include_tax":{"original_price":265,"original_price_formatted":"265.00 TL","price":265,"price_formatted":"265.00 TL","price_per_unit":null,"price_per_unit_formatted":""},"is_discounted":false}],"purchase_limit":null,"replenishment":{"message":null},"reviews":{"average_rating":null,"number_of_questions":null,"number_of_reviews":null},"set_components":null,"shade_groups":null,"shades":[{"description":"","hex_val":"#E0AD84","image":{"height":null,"src":"","width":null},"name":"12 Silk Maple","smoosh_design":{"group_id":null,"name":"55::none::none"}}],"sizes":[{"key":1,"value":"30ml"}],"skin":{"tone":null,"type":[{"key":"combination-skintype","value":"combination_skintype"},{"key":"dry-skintype","value":"dry_skintype"},{"key":"oily-skintype","value":"oily_skintype"}],"type_description":null},"sku_badge":null,"sku_badge_image":null,"sku_display_order":12,"sku_id":"ZGH412","sku_promo_messaging":null,"sku_type":"SE","sku_url":null,"tags":{"total":4,"items":[{"id":"4323","key":"yeni̇-ürünler","value":"YENİ ÜRÜNLER"},{"id":"13770","key":"recommended-clinique-favourites","value":"Recommended Clinique Favourites"},{"id":"1599","key":"fondöten","value":"FONDÖTEN"},{"id":"19288","key":"sale","value":"sale"}]},"texture":null,"undertone":[{"key":"warm-undertone","value":"warm_undertone"}],"unit_of_measure":null,"unit_size":null,"unit_size_formatted":null,"upc":"020714755799","vto":{"is_color_experience":null,"is_foundation_experience":null}}]},"sub_display_name":null,"sub_header":null,"tags":{"total":11,"items":[{"id":"1592","key":"makyaj","parent_tag_id":null,"product_display_order":113,"value":"MAKYAJ"},{"id":"27171","key":"day4flashsale","parent_tag_id":"1590","product_display_order":0,"value":"Day4FlashSale"},{"id":"13562","key":"yeni̇-yil-makyaj","parent_tag_id":"13561","product_display_order":0,"value":"YENİ YIL MAKYAJ"},{"id":"27174","key":"day7flashsale","parent_tag_id":"1590","product_display_order":0,"value":"Day7FlashSale"},{"id":"4323","key":"yeni̇-ürünler","parent_tag_id":null,"product_display_order":251,"value":"YENİ ÜRÜNLER"},{"id":"24180","key":"tamamlayici-ürünler","parent_tag_id":"1667","product_display_order":0,"value":"TAMAMLAYICI ÜRÜNLER"},{"id":"1590","key":"i̇ndi̇ri̇mli̇-ürünler","parent_tag_id":null,"product_display_order":0,"value":"İNDİRİMLİ ÜRÜNLER"},{"id":"13770","key":"recommended-clinique-favourites","parent_tag_id":null,"product_display_order":0,"value":"Recommended Clinique Favourites"},{"id":"27172","key":"day5flashsale","parent_tag_id":"1590","product_display_order":59,"value":"Day5FlashSale"},{"id":"1599","key":"fondöten","parent_tag_id":"1592","product_display_order":15,"value":"FONDÖTEN"},{"id":"19288","key":"sale","parent_tag_id":"1590","product_display_order":47,"value":"sale"}]},"usage":[{"content":"<ul><li>3 adımlı cilt bakım sisteminden sonra uygulayınız.</li><li>Yüzünüzün ortasına küçük bir miktar koyarak başlayın. Parmak uçlarınız veya fondöten fırçası yardımı ile dışa doğru dağıtın. </li><li>İyice karıştırın ve ihtiyacınız olan kapatıcılık kadar uygulayın. </li><li>Favori Clinique makyaj temizleyiciniz ile temizleyebilirsiniz.</li></ul>","label":"PRODUCT USAGE","type":"product_usage"},{"content":null,"label":"HOW DOES IT WORK","type":"how_does_it_work"},{"content":null,"label":"WHO IT IS FOR","type":"who_it_is_for"},{"content":null,"label":"GREAT TO KNOW","type":"great_to_know"},{"content":null,"label":"WHAT_IT_DOES","type":"what_it_does"},{"content":"<br><br><b>Nedir?</b><br>İpeksi dokuda bir makyaj için. Doğal ve aynı zamanda mükemmel kapatıcılıkta. Parlamayı kontrol edin ve nemlendirin. SPF ile koruyun. Yağ içermeyen formül.  Doğal mat bir görünüm. Kuru veya Yağlı ciltler için idealdir.","label":"WHAT_IT_IS","type":"what_it_is"}],"objectID":"42938"},{"benefit":{"statement":null,"benefits":null},"brand":null,"collection":null,"coverage":null,"cross_sell":null,"default_category":{"id":"4034","key":"yüz-serumlari"},"description":"Eşsiz yaşlanma karşıtı Booster, cildi aydınlatmak, eşitlemek ve yeniden yapılandırmak için saf taze C vitamini konsantrasyonundan faydalanır.  .<br><br><b>Ne işe Yarar?</b><br>JSabahları taze sıkılmış meyve suyunun veya vitaminin vücudunuzun sağlıklı kalmanıza yardımcı olması gibi, bu süper güçlü Booster, cildi dışardan gözle görülür bir şekilde gençleştirmek ve yaşlanma karşıtı rutininizi harekete geçirmek için günlük bir tamamlayıcı olarak tasarlandı. Sabah ve akşam 2 damlayı kendi nemlendiriciniz ile karıştırın ve sonuçları görün:<ul><li>İlk uygulamada daha aydınlık bir cilt.</li><li>yaşlanma belirtilerinde azalma</li><li>Zaman içinde çizgi ve kırışıklık görünümünde azalma</li></ul><b>Daha fazla bilgi</b><br> Taze daha güçlü demektir. Saf C vitamini oksijenle birleştiğinde doğal olarak çözünür, bu yüzden tazeyken daha güçlüdür. İsole teknolojili ambalajlar saf C Vitaminini aktive edene kadar korur, daha güçlü sonuçlar için tazeliğini saklar. <br><br><b>Miktar</b><br>7-günlük paketlerle 28 gün kullanım","display_mode":null,"display_name":"Fresh Pressed Günlük Bakım Desteği Saf C Vitaminli","display_status":7,"finish":null,"form":null,"formula_type":null,"fragrance_family":null,"indexable_keywords":null,"is_hazmat":false,"is_product_coming_soon":null,"is_product_displayable":true,"is_product_searchable":true,"is_product_shoppable":true,"is_product_sold_out":null,"is_product_temporarily_out_of_stock":null,"is_search_suppressed":null,"key_ingredient":null,"media":{"large":[{"alt":"Fresh Pressed Günlük Bakım Desteği Saf C Vitaminli","height":1200,"position":0,"src":"/media/export/cms/products/1200x1500/cl_prod_43160_1200x1500_0.png","type":"image","width":1500},{"alt":"Fresh Pressed Günlük Bakım Desteği Saf C Vitaminli","height":1200,"position":1,"src":"/media/export/cms/products/1200x1500/cl_prod_43160_1200x1500_1.png","type":"image","width":1500}],"medium":null,"poster":null,"small":[{"alt":"Fresh Pressed Günlük Bakım Desteği Saf C Vitaminli","height":1200,"position":2,"src":"/media/export/cms/products/1200x1500/cl_prod_43160_1200x1500_0.png","type":"image","width":1500},{"alt":"Fresh Pressed Günlük Bakım Desteği Saf C Vitaminli","height":1200,"position":3,"src":"/media/export/cms/products/1200x1500/cl_prod_43160_1200x1500_1.png","type":"image","width":1500}],"videos":[{"position":null,"poster":{"height":null,"src":null,"width":null},"provider":null,"src":null},{"position":null,"poster":{"height":null,"src":null,"width":null},"provider":null,"src":null},{"position":null,"poster":{"height":null,"src":null,"width":null},"provider":null,"src":null}],"xl":null},"meta":{"description":null,"keywords":null},"parent_category":[{"id":"4034","value":"YÜZ SERUMLARI"},{"id":"1667","value":"CİLT BAKIMI"}],"product_badge":null,"product_id":"43160","product_title_tag":null,"product_type":"Other","product_url":"/product/4034/43160/cilt-bakimi/yuz-serumlari/fresh-pressed-gunluk-bakm-destegi-saf-c-vitaminli","reviews":{"average_rating":4,"number_of_questions":null,"number_of_reviews":1},"shade_groups":null,"short_description":"Cilt görünümünüzü anında canlandırmak ve aydınlatmak için favori Clinique nemlendiriciniz ile kullanın.","skin":null,"skin_goal":null,"skus":{"total":1,"items":[{"color_family":null,"coverage_options":null,"cross_sell":null,"display_status":7,"finish":null,"finish_options":null,"fragrances":[{"family":null,"key":null,"value":null}],"iln_listing":null,"iln_version_number":null,"inventory_status":"Active","is_active":true,"is_coming_soon":null,"is_default_sku":true,"is_discountable":false,"is_displayable":null,"is_engravable":null,"is_fragrance":null,"is_giftable":null,"is_giftwrap":false,"is_inactive":null,"is_multi_shaded":null,"is_out_of_stock":null,"is_preorder":false,"is_preorderable":null,"is_promotional":null,"is_replenishable":false,"is_search_suppressed":null,"is_searchable":true,"is_shaded":null,"is_sized":null,"is_sold_out":null,"is_under_weight_hazmat":false,"is_vto_enabled":null,"life_of_product":"Basic Reorder","material_code":"ZN9H010000","media":{"large":[{"alt":"Fresh Pressed Günlük Bakım Desteği Saf C Vitaminli","height":1200,"position":0,"src":"/media/export/cms/products/1200x1500/cl_sku_ZN9H01_1200x1500_0.png","type":"image","width":1500}],"medium":[{"alt":"Fresh Pressed Günlük Bakım Desteği Saf C Vitaminli","height":600,"position":1,"src":"/media/export/cms/products/600x750/cl_sku_ZN9H01_600x750_0.png","type":"image","width":750},{"alt":"Fresh Pressed Günlük Bakım Desteği Saf C Vitaminli","height":600,"position":2,"src":"/media/export/cms/products/600x750/cl_sku_ZN9H01_600x750_1.png","type":"image","width":750}],"model":null,"poster":null,"small":[{"alt":"Fresh Pressed Günlük Bakım Desteği Saf C Vitaminli","height":1200,"position":3,"src":"/media/export/cms/products/1200x1500/cl_sku_ZN9H01_1200x1500_0.png","type":"image","width":1500}],"smoosh":null,"xl":null},"out_of_stock_threshold":null,"perlgem":{"SKU_BASE_ID":73479},"preorder_date":null,"prices":[{"currency":"TRY","exclude_tax":{"original_price":640,"original_price_formatted":"640.00 TL","price":640,"price_formatted":"640.00 TL","price_per_unit":null,"price_per_unit_formatted":""},"include_tax":{"original_price":640,"original_price_formatted":"640.00 TL","price":640,"price_formatted":"640.00 TL","price_per_unit":null,"price_per_unit_formatted":""},"is_discounted":false}],"purchase_limit":null,"replenishment":{"message":null},"reviews":{"average_rating":null,"number_of_questions":null,"number_of_reviews":null},"set_components":null,"shade_groups":null,"shades":null,"sizes":[{"key":1,"value":null}],"skin":{"tone":null,"type":[{"key":"very-dry-skintype","value":"very_dry_skintype"},{"key":"dry-skintype","value":"dry_skintype"},{"key":"combination-skintype","value":"combination_skintype"},{"key":"oily-skintype","value":"oily_skintype"}],"type_description":null},"sku_badge":null,"sku_badge_image":null,"sku_display_order":0,"sku_id":"ZN9H01","sku_promo_messaging":null,"sku_type":"SE","sku_url":null,"tags":{"total":12,"items":[{"id":"18919","key":"fresh-pressed","value":"Fresh Pressed"},{"id":"1585","key":"hediye-merkezi","value":"Hediye Merkezi"},{"id":"1667","key":"ci̇lt-bakimi","value":"CİLT BAKIMI"},{"id":"4034","key":"yüz-serumlari","value":"YÜZ SERUMLARI"},{"id":"17860","key":"makyaj-ci̇lt-bakim-parfüm-setleri̇","value":"MAKYAJ & CİLT BAKIM & PARFÜM SETLERİ"},{"id":"25016","key":"top-sellers","value":"Top Sellers"},{"id":"13051","key":"skin-care-best-sellers","value":"Skin Care Best Sellers"},{"id":"4323","key":"yeni̇-ürünler","value":"YENİ ÜRÜNLER"},{"id":"1575","key":"en-çok-satanlar","value":"En Çok Satanlar"},{"id":"13563","key":"yeni̇-yil-ci̇lt-bakimi","value":"YENİ YIL CİLT BAKIMI"},{"id":"1590","key":"i̇ndi̇ri̇mli̇-ürünler","value":"İNDİRİMLİ ÜRÜNLER"},{"id":"1685","key":"hedi̇yeler-setler","value":"HEDİYELER & SETLER"}]},"texture":null,"undertone":null,"unit_of_measure":null,"unit_size":null,"unit_size_formatted":null,"upc":"020714804480","vto":{"is_color_experience":null,"is_foundation_experience":null}}]},"sub_display_name":null,"sub_header":null,"tags":{"total":12,"items":[{"id":"18919","key":"fresh-pressed","parent_tag_id":"1667","product_display_order":0,"value":"Fresh Pressed"},{"id":"1585","key":"hediye-merkezi","parent_tag_id":null,"product_display_order":0,"value":"Hediye Merkezi"},{"id":"1667","key":"ci̇lt-bakimi","parent_tag_id":null,"product_display_order":129,"value":"CİLT BAKIMI"},{"id":"4034","key":"yüz-serumlari","parent_tag_id":"1667","product_display_order":0,"value":"YÜZ SERUMLARI"},{"id":"17860","key":"makyaj-ci̇lt-bakim-parfüm-setleri̇","parent_tag_id":null,"product_display_order":27,"value":"MAKYAJ & CİLT BAKIM & PARFÜM SETLERİ"},{"id":"25016","key":"top-sellers","parent_tag_id":"4323","product_display_order":0,"value":"Top Sellers"},{"id":"13051","key":"skin-care-best-sellers","parent_tag_id":"1667","product_display_order":6,"value":"Skin Care Best Sellers"},{"id":"4323","key":"yeni̇-ürünler","parent_tag_id":null,"product_display_order":237,"value":"YENİ ÜRÜNLER"},{"id":"1575","key":"en-çok-satanlar","parent_tag_id":null,"product_display_order":21,"value":"En Çok Satanlar"},{"id":"13563","key":"yeni̇-yil-ci̇lt-bakimi","parent_tag_id":"13561","product_display_order":25,"value":"YENİ YIL CİLT BAKIMI"},{"id":"1590","key":"i̇ndi̇ri̇mli̇-ürünler","parent_tag_id":null,"product_display_order":0,"value":"İNDİRİMLİ ÜRÜNLER"},{"id":"1685","key":"hedi̇yeler-setler","parent_tag_id":"1684","product_display_order":0,"value":"HEDİYELER & SETLER"}]},"usage":[{"content":"<P>Her 7 günlük kit size taze vitamin desteği sağlar . <BR>Çift katmanlı tasarımı sayesinde siz karıştırama kadar C Vitamininin tazeliğini korur.<BR>Aktive etmek için, kapağı çıkarmadan jelatini soyun. İçindeki baloncuğa iki defa kuvvetlice bastırın. 15 saniye çalkalayın. Sabah ve akşam olmak üzere Clinique nemlendiriniz ile beraber 2 damla kullanın. Göz çevresinden kaçının. <BR>Her kullanımdan önce çalkalayın. Ürünün etkisini tam olarak görebilmek için 7 gün düzenli olarak kullanın. 7 gün sonunda içinde ürün kalmış olsa dahi kutuyu atın. </P>","label":"PRODUCT USAGE","type":"product_usage"},{"content":null,"label":"HOW DOES IT WORK","type":"how_does_it_work"},{"content":"Tüm Cilt Tipleri (1,2,3,4)","label":"WHO IT IS FOR","type":"who_it_is_for"},{"content":"Taze formül güçlü demektir. Saf C vitamini oksijene maruz kaldığında doğal olarak parçalanır, bu nedenle taze olduğunda en güçlüdür. Sürekli C vitaminini taze tutan ambalajımız, maksimum sonuç için tazeliğini ve tam gücünü koruyarak etkinleşene kadar saf C Vitamini izole eder.","label":"GREAT TO KNOW","type":"great_to_know"},{"content":"Tıpkı sabah taze sıkılmış bir meyve suyunun ve vücudunuza aldığınız vitaminlerin sağlığınıza yardımcı olduğu gibi bu süper güçlü Booster cildinize dışarıdan günlük takviye sağlamak üzere geliştirilmiştir. Başka hiçbir değişiklik yapmanıza gerek kalmadan günlük yaşlanma karşıtı rutininize kolayca yeni bir soluk katabilirsiniz. Nemlendiricinize sabah ve akşam 2’şer damla ekleyerek sonuçları gözlemleyin.<ul> < li> İlk kullanımdan itibaren cildin daha aydınlık bir görünüme kavuşmasına destek verir, Yaşlanma belirtilerinin azalmasına ve zaman içinde çizgi ve kırışıklıklarının görünümünü azaltmaya yardımcı olur.</li><li>Lekelerinin azalmasına yardımcı olur.< / li> < li>Zamanla çizgilerin ve kırışıklıkların görünümünde azalma sağlar.","label":"WHAT_IT_DOES","type":"what_it_does"},{"content":"Eşsiz yaşlanma karşıtı Booster, saf ve taze C Vitamininin gücünü en yüksek konsantrasyonda sunarak cildinizin görünümü aydınlatmaya ve tonunu eşitlemeye yardımcı olur.","label":"WHAT_IT_IS","type":"what_it_is"}],"objectID":"43160"},{"benefit":{"statement":null,"benefits":null},"brand":null,"collection":null,"coverage":null,"cross_sell":null,"default_category":{"id":"23296","key":"yüz-ci̇lt-temi̇zleyi̇ci̇"},"description":"Bu ultra-iyi toz temizleyicinin, taze C Vitamininin tazeleyici ve yenileyiciliği cildinizin yaşlanma karşıtı gücünü ortaya çıkarmaya yardımcı olur. Cildinizin anında canlanmış, dokusu saflaşmış ve parlak görünmesini destekler. Cildinizin güne enerjik bir başlangıç yapması için sabah kullanabilirsiniz.","display_mode":null,"display_name":"Fresh Pressed C Vitaminli Canlandırıcı Pudra Temizleyici","display_status":7,"finish":null,"form":null,"formula_type":null,"fragrance_family":null,"indexable_keywords":null,"is_hazmat":false,"is_product_coming_soon":null,"is_product_displayable":true,"is_product_searchable":true,"is_product_shoppable":true,"is_product_sold_out":null,"is_product_temporarily_out_of_stock":null,"is_search_suppressed":null,"key_ingredient":null,"media":{"large":[{"alt":"Fresh Pressed C Vitaminli Canlandırıcı Pudra Temizleyici","height":1200,"position":0,"src":"/media/export/cms/products/1200x1500/cl_prod_43162_1200x1500_0.png","type":"image","width":1500}],"medium":null,"poster":null,"small":[{"alt":"Fresh Pressed C Vitaminli Canlandırıcı Pudra Temizleyici","height":1200,"position":1,"src":"/media/export/cms/products/1200x1500/cl_prod_43162_1200x1500_0.png","type":"image","width":1500}],"videos":[{"position":null,"poster":{"height":null,"src":null,"width":null},"provider":null,"src":null},{"position":null,"poster":{"height":null,"src":null,"width":null},"provider":null,"src":null},{"position":null,"poster":{"height":null,"src":null,"width":null},"provider":null,"src":null}],"xl":null},"meta":{"description":null,"keywords":null},"parent_category":[{"id":"23296","value":"YÜZ & CİLT TEMİZLEYİCİ"},{"id":"1667","value":"CİLT BAKIMI"}],"product_badge":null,"product_id":"43162","product_title_tag":null,"product_type":"Other","product_url":"/product/23296/43162/cilt-bakimi/yuz-cilt-temizleyici/fresh-pressed-c-vitaminli-canlandrc-pudra-temizleyici","reviews":{"average_rating":5,"number_of_questions":null,"number_of_reviews":1},"shade_groups":null,"short_description":"Su ile beraber aktive olan toz şeklindeki formül, C vitamini ile daha canlı daha aydınlık bir görünüm sağlar cildi yeniler.","skin":null,"skin_goal":null,"skus":{"total":1,"items":[{"color_family":null,"coverage_options":null,"cross_sell":null,"display_status":7,"finish":null,"finish_options":null,"fragrances":[{"family":null,"key":null,"value":null}],"iln_listing":null,"iln_version_number":null,"inventory_status":"Active","is_active":true,"is_coming_soon":null,"is_default_sku":true,"is_discountable":true,"is_displayable":null,"is_engravable":null,"is_fragrance":null,"is_giftable":null,"is_giftwrap":false,"is_inactive":null,"is_multi_shaded":null,"is_out_of_stock":null,"is_preorder":false,"is_preorderable":null,"is_promotional":null,"is_replenishable":false,"is_search_suppressed":null,"is_searchable":true,"is_shaded":null,"is_sized":null,"is_sold_out":null,"is_under_weight_hazmat":false,"is_vto_enabled":null,"life_of_product":"Basic Reorder","material_code":"ZWGP010000","media":{"large":[{"alt":"Fresh Pressed C Vitaminli Canlandırıcı Pudra Temizleyici","height":1200,"position":0,"src":"/media/export/cms/products/1200x1500/cl_sku_ZWGP01_1200x1500_0.png","type":"image","width":1500}],"medium":[{"alt":"Fresh Pressed C Vitaminli Canlandırıcı Pudra Temizleyici","height":600,"position":1,"src":"/media/export/cms/products/600x750/cl_sku_ZWGP01_600x750_0.png","type":"image","width":750},{"alt":"Fresh Pressed C Vitaminli Canlandırıcı Pudra Temizleyici","height":600,"position":2,"src":"/media/export/cms/products/600x750/cl_sku_ZWGP01_600x750_1.png","type":"image","width":750}],"model":null,"poster":null,"small":[{"alt":"Fresh Pressed C Vitaminli Canlandırıcı Pudra Temizleyici","height":1200,"position":3,"src":"/media/export/cms/products/1200x1500/cl_sku_ZWGP01_1200x1500_0.png","type":"image","width":1500}],"smoosh":null,"xl":null},"out_of_stock_threshold":null,"perlgem":{"SKU_BASE_ID":73481},"preorder_date":null,"prices":[{"currency":"TRY","exclude_tax":{"original_price":285,"original_price_formatted":"285.00 TL","price":285,"price_formatted":"285.00 TL","price_per_unit":null,"price_per_unit_formatted":""},"include_tax":{"original_price":285,"original_price_formatted":"285.00 TL","price":285,"price_formatted":"285.00 TL","price_per_unit":null,"price_per_unit_formatted":""},"is_discounted":false}],"purchase_limit":null,"replenishment":{"message":null},"reviews":{"average_rating":null,"number_of_questions":null,"number_of_reviews":null},"set_components":null,"shade_groups":null,"shades":null,"sizes":[{"key":1,"value":null}],"skin":{"tone":null,"type":[{"key":"very-dry-skintype","value":"very_dry_skintype"},{"key":"dry-skintype","value":"dry_skintype"},{"key":"combination-skintype","value":"combination_skintype"},{"key":"oily-skintype","value":"oily_skintype"}],"type_description":null},"sku_badge":null,"sku_badge_image":null,"sku_display_order":1,"sku_id":"ZWGP01","sku_promo_messaging":null,"sku_type":"SE","sku_url":null,"tags":{"total":15,"items":[{"id":"27172","key":"day5flashsale","value":"Day5FlashSale"},{"id":"4323","key":"yeni̇-ürünler","value":"YENİ ÜRÜNLER"},{"id":"4034","key":"yüz-serumlari","value":"YÜZ SERUMLARI"},{"id":"18919","key":"fresh-pressed","value":"Fresh Pressed"},{"id":"23296","key":"yüz-ci̇lt-temi̇zleyi̇ci̇","value":"YÜZ & CİLT TEMİZLEYİCİ"},{"id":"17860","key":"makyaj-ci̇lt-bakim-parfüm-setleri̇","value":"MAKYAJ & CİLT BAKIM & PARFÜM SETLERİ"},{"id":"13562","key":"yeni̇-yil-makyaj","value":"YENİ YIL MAKYAJ"},{"id":"1585","key":"hediye-merkezi","value":"Hediye Merkezi"},{"id":"1667","key":"ci̇lt-bakimi","value":"CİLT BAKIMI"},{"id":"1673","key":"makyaj-temi̇zli̇yi̇ci̇leri̇","value":"MAKYAJ TEMİZLİYİCİLERİ"},{"id":"1685","key":"hedi̇yeler-setler","value":"HEDİYELER & SETLER"},{"id":"27173","key":"day6flashsale","value":"Day6FlashSale"},{"id":"27174","key":"day7flashsale","value":"Day7FlashSale"},{"id":"17859","key":"çok-satanlar","value":"ÇOK SATANLAR"},{"id":"25565","key":"justarrivednew","value":"justarrivednew"}]},"texture":null,"undertone":null,"unit_of_measure":null,"unit_size":null,"unit_size_formatted":null,"upc":"020714838461","vto":{"is_color_experience":null,"is_foundation_experience":null}}]},"sub_display_name":null,"sub_header":null,"tags":{"total":15,"items":[{"id":"27172","key":"day5flashsale","parent_tag_id":"1590","product_display_order":17,"value":"Day5FlashSale"},{"id":"4323","key":"yeni̇-ürünler","parent_tag_id":null,"product_display_order":226,"value":"YENİ ÜRÜNLER"},{"id":"4034","key":"yüz-serumlari","parent_tag_id":"1667","product_display_order":5,"value":"YÜZ SERUMLARI"},{"id":"18919","key":"fresh-pressed","parent_tag_id":"1667","product_display_order":0,"value":"Fresh Pressed"},{"id":"23296","key":"yüz-ci̇lt-temi̇zleyi̇ci̇","parent_tag_id":"1667","product_display_order":1,"value":"YÜZ & CİLT TEMİZLEYİCİ"},{"id":"17860","key":"makyaj-ci̇lt-bakim-parfüm-setleri̇","parent_tag_id":null,"product_display_order":26,"value":"MAKYAJ & CİLT BAKIM & PARFÜM SETLERİ"},{"id":"13562","key":"yeni̇-yil-makyaj","parent_tag_id":"13561","product_display_order":0,"value":"YENİ YIL MAKYAJ"},{"id":"1585","key":"hediye-merkezi","parent_tag_id":null,"product_display_order":0,"value":"Hediye Merkezi"},{"id":"1667","key":"ci̇lt-bakimi","parent_tag_id":null,"product_display_order":130,"value":"CİLT BAKIMI"},{"id":"1673","key":"makyaj-temi̇zli̇yi̇ci̇leri̇","parent_tag_id":"1667","product_display_order":5,"value":"MAKYAJ TEMİZLİYİCİLERİ"},{"id":"1685","key":"hedi̇yeler-setler","parent_tag_id":"1684","product_display_order":0,"value":"HEDİYELER & SETLER"},{"id":"27173","key":"day6flashsale","parent_tag_id":"1590","product_display_order":0,"value":"Day6FlashSale"},{"id":"27174","key":"day7flashsale","parent_tag_id":"1590","product_display_order":0,"value":"Day7FlashSale"},{"id":"17859","key":"çok-satanlar","parent_tag_id":null,"product_display_order":18,"value":"ÇOK SATANLAR"},{"id":"25565","key":"justarrivednew","parent_tag_id":null,"product_display_order":3,"value":"justarrivednew"}]},"usage":[{"content":"<UL dir=ltr><LI><DIV style=\"MARGIN-RIGHT: 0px\">Islak elinize dökün. Su ekleyin ve ince bir doku oluşturun . </DIV></LI><LI><DIV style=\"MARGIN-RIGHT: 0px\">Göz çevrenizden kaçının, yüzünüze masaj yaparak uygulayın. </DIV></LI><LI><DIV style=\"MARGIN-RIGHT: 0px\">En iyi sonucu almak için 1 dakika bekletin. </DIV></LI><LI><DIV style=\"MARGIN-RIGHT: 0px\">Sonrasında iyice durulayın. </DIV></LI><LI><DIV style=\"MARGIN-RIGHT: 0px\">Sadece harici kullanım içindir.</DIV></LI></UL>","label":"PRODUCT USAGE","type":"product_usage"},{"content":null,"label":"HOW DOES IT WORK","type":"how_does_it_work"},{"content":"Tüm Cilt Tipleri (1,2,3,4)","label":"WHO IT IS FOR","type":"who_it_is_for"},{"content":null,"label":"GREAT TO KNOW","type":"great_to_know"},{"content":"Ultra ince toz, görünür faydalar sağlayan canlandırıcı bir temizlik deneyimi için su ile aktive olur. Cilt anında uyanmış, saflaştırılmış, zarif bir doku ve daha parlak bir görünüme sahip olur.Ultra ince toz, görünür faydalar sağlayan canlandırıcı bir temizlik deneyimi için su ile aktive olur. Cilt anında uyanmış, saflaştırılmış, zarif bir doku ve daha parlak bir görünüme sahip olur.<br><br>1 ay (28 paket)<br><br><b>Nasıl Kullanılır?</b><br><ul><li>Cildin doğal hücresel yenilenme sürecini hemen başlatmak için kullanın.</li><li>Islak ele dökün. Su ekleyin ve köpürtün.</li><li>Göz çevresinden kaçınarak yüzünüze masaj yapın.</li><li>En iyi sonuçlar için taze C vitamininin tüm gücünü korumak için 1 dakika bekleyin İyi durulayın.</li><li>İyice durulayın.</li></ul>","label":"WHAT_IT_DOES","type":"what_it_does"},{"content":"Su ile karıştırıldığında aktive olan saf C vitamini tozu, C Vitamininin gücünü en yüksek konsantrasyonda sunarak cildinizin görünümü aydınlatmaya ve tonunu eşitlemeye yardımcı olur.","label":"WHAT_IT_IS","type":"what_it_is"}],"objectID":"43162"},{"benefit":{"statement":null,"benefits":null},"brand":null,"collection":null,"coverage":null,"cross_sell":null,"default_category":{"id":"13561","key":"yeni̇-yil-buti̇ği̇"},"description":null,"display_mode":null,"display_name":"F16 GIFT WRAPPINGS","display_status":1,"finish":null,"form":null,"formula_type":null,"fragrance_family":null,"indexable_keywords":null,"is_hazmat":true,"is_product_coming_soon":null,"is_product_displayable":true,"is_product_searchable":true,"is_product_shoppable":false,"is_product_sold_out":null,"is_product_temporarily_out_of_stock":null,"is_search_suppressed":null,"key_ingredient":null,"media":{"large":null,"medium":null,"poster":null,"small":null,"videos":[{"position":null,"poster":{"height":null,"src":null,"width":null},"provider":null,"src":null},{"position":null,"poster":{"height":null,"src":null,"width":null},"provider":null,"src":null},{"position":null,"poster":{"height":null,"src":null,"width":null},"provider":null,"src":null}],"xl":null},"meta":{"description":null,"keywords":null},"parent_category":[{"id":"13561","value":"YENİ YIL BUTİĞİ"}],"product_badge":null,"product_id":"43331","product_title_tag":null,"product_type":"Other","product_url":"/product/13561/43331/yeni-yil-butigi/f16-gift-wrappings","reviews":{"average_rating":null,"number_of_questions":null,"number_of_reviews":null},"shade_groups":null,"short_description":null,"skin":null,"skin_goal":null,"skus":{"total":1,"items":[{"color_family":null,"coverage_options":null,"cross_sell":null,"display_status":1,"finish":null,"finish_options":null,"fragrances":[{"family":null,"key":null,"value":null}],"iln_listing":null,"iln_version_number":null,"inventory_status":"Sold Out","is_active":null,"is_coming_soon":null,"is_default_sku":false,"is_discountable":true,"is_displayable":null,"is_engravable":null,"is_fragrance":null,"is_giftable":null,"is_giftwrap":false,"is_inactive":null,"is_multi_shaded":null,"is_out_of_stock":null,"is_preorder":false,"is_preorderable":null,"is_promotional":null,"is_replenishable":false,"is_search_suppressed":null,"is_searchable":true,"is_shaded":null,"is_sized":null,"is_sold_out":true,"is_under_weight_hazmat":null,"is_vto_enabled":null,"life_of_product":"Limited life","material_code":"ZT5JY60000","media":{"large":[{"alt":"F16 GIFT WRAPPINGS","height":1200,"position":0,"src":"/media/export/cms/products/1200x1500/cl_sku_ZT5JY6_1200x1500_0.png","type":"image","width":1500}],"medium":[{"alt":"F16 GIFT WRAPPINGS","height":600,"position":1,"src":"/media/export/cms/products/600x750/cl_sku_ZT5JY6_600x750_0.png","type":"image","width":750}],"model":null,"poster":null,"small":[{"alt":"F16 GIFT WRAPPINGS","height":1200,"position":2,"src":"/media/export/cms/products/1200x1500/cl_sku_ZT5JY6_1200x1500_0.png","type":"image","width":1500}],"smoosh":null,"xl":null},"out_of_stock_threshold":null,"perlgem":{"SKU_BASE_ID":73684},"preorder_date":null,"prices":[{"currency":"TRY","exclude_tax":{"original_price":47,"original_price_formatted":"47.00 TL","price":47,"price_formatted":"47.00 TL","price_per_unit":null,"price_per_unit_formatted":""},"include_tax":{"original_price":47,"original_price_formatted":"47.00 TL","price":47,"price_formatted":"47.00 TL","price_per_unit":null,"price_per_unit_formatted":""},"is_discounted":false}],"purchase_limit":null,"replenishment":{"message":null},"reviews":{"average_rating":null,"number_of_questions":null,"number_of_reviews":null},"set_components":null,"shade_groups":null,"shades":null,"sizes":[{"key":1,"value":null}],"skin":{"tone":null,"type":null,"type_description":null},"sku_badge":null,"sku_badge_image":null,"sku_display_order":0,"sku_id":"ZT5JY6","sku_promo_messaging":null,"sku_type":"SE","sku_url":null,"tags":{"total":13,"items":[{"id":"1685","key":"hedi̇yeler-setler","value":"HEDİYELER & SETLER"},{"id":"13567","key":"499-tl-ve-alti-ci̇lt-bakimmakyajparfüm-setleri̇","value":"499 TL VE ALTI CİLT BAKIM&MAKYAJ&PARFÜM SETLERİ"},{"id":"1590","key":"i̇ndi̇ri̇mli̇-ürünler","value":"İNDİRİMLİ ÜRÜNLER"},{"id":"1584","key":"hedi̇yeler-setler","value":"HEDİYELER & SETLER"},{"id":"13561","key":"yeni̇-yil-buti̇ği̇","value":"YENİ YIL BUTİĞİ"},{"id":"13568","key":"249-tl-ve-alti-ci̇lt-bakimmakyajparfüm-setleri̇","value":"249 TL VE ALTI CİLT BAKIM&MAKYAJ&PARFÜM SETLERİ"},{"id":"4323","key":"yeni̇-ürünler","value":"YENİ ÜRÜNLER"},{"id":"13564","key":"yeni̇-yil-parfüm","value":"YENİ YIL PARFÜM"},{"id":"1602","key":"hedi̇yeler-setler","value":"HEDİYELER & SETLER"},{"id":"16422","key":"gifts","value":"Gifts"},{"id":"1667","key":"ci̇lt-bakimi","value":"CİLT BAKIMI"},{"id":"1575","key":"en-çok-satanlar","value":"En Çok Satanlar"},{"id":"19288","key":"sale","value":"sale"}]},"texture":null,"undertone":null,"unit_of_measure":null,"unit_size":null,"unit_size_formatted":null,"upc":"020714828127","vto":{"is_color_experience":null,"is_foundation_experience":null}}]},"sub_display_name":null,"sub_header":null,"tags":{"total":13,"items":[{"id":"1685","key":"hedi̇yeler-setler","parent_tag_id":"1684","product_display_order":0,"value":"HEDİYELER & SETLER"},{"id":"13567","key":"499-tl-ve-alti-ci̇lt-bakimmakyajparfüm-setleri̇","parent_tag_id":"13561","product_display_order":73,"value":"499 TL VE ALTI CİLT BAKIM&MAKYAJ&PARFÜM SETLERİ"},{"id":"1590","key":"i̇ndi̇ri̇mli̇-ürünler","parent_tag_id":null,"product_display_order":33,"value":"İNDİRİMLİ ÜRÜNLER"},{"id":"1584","key":"hedi̇yeler-setler","parent_tag_id":"1582","product_display_order":0,"value":"HEDİYELER & SETLER"},{"id":"13561","key":"yeni̇-yil-buti̇ği̇","parent_tag_id":null,"product_display_order":0,"value":"YENİ YIL BUTİĞİ"},{"id":"13568","key":"249-tl-ve-alti-ci̇lt-bakimmakyajparfüm-setleri̇","parent_tag_id":"13561","product_display_order":0,"value":"249 TL VE ALTI CİLT BAKIM&MAKYAJ&PARFÜM SETLERİ"},{"id":"4323","key":"yeni̇-ürünler","parent_tag_id":null,"product_display_order":235,"value":"YENİ ÜRÜNLER"},{"id":"13564","key":"yeni̇-yil-parfüm","parent_tag_id":"13561","product_display_order":20,"value":"YENİ YIL PARFÜM"},{"id":"1602","key":"hedi̇yeler-setler","parent_tag_id":"1600","product_display_order":0,"value":"HEDİYELER & SETLER"},{"id":"16422","key":"gifts","parent_tag_id":"1585","product_display_order":0,"value":"Gifts"},{"id":"1667","key":"ci̇lt-bakimi","parent_tag_id":null,"product_display_order":154,"value":"CİLT BAKIMI"},{"id":"1575","key":"en-çok-satanlar","parent_tag_id":null,"product_display_order":75,"value":"En Çok Satanlar"},{"id":"19288","key":"sale","parent_tag_id":"1590","product_display_order":0,"value":"sale"}]},"usage":[{"content":null,"label":"PRODUCT USAGE","type":"product_usage"},{"content":null,"label":"HOW DOES IT WORK","type":"how_does_it_work"},{"content":null,"label":"WHO IT IS FOR","type":"who_it_is_for"},{"content":null,"label":"GREAT TO KNOW","type":"great_to_know"},{"content":null,"label":"WHAT_IT_DOES","type":"what_it_does"},{"content":null,"label":"WHAT_IT_IS","type":"what_it_is"}],"objectID":"43331"},{"benefit":{"statement":null,"benefits":null},"brand":null,"collection":null,"coverage":null,"cross_sell":null,"default_category":{"id":"1585","key":"hediye-merkezi"},"description":"Bu ultra-iyi toz temizleyicinin, taze C Vitamininin tazeleyici ve yenileyiciliği cildinizin yaşlanma karşıtı gücünü ortaya çıkarmaya yardımcı olur. Cildinizin anında canlanmış, dokusu saflaşmış ve parlak görünmesini destekler.Cildinize taze bir başlangıçla yenilenmesi için sabahları kullanın. Bu eşsiz nemlendirici desteği içerdiği %10 taze C Vitamininin canlandırıcılı ile yenileyiciliği cildinizin yaşlanma karşıtı gücünü ortaya çıkarmaya yardımcı olur. Favori Clinique nemlendiriciniz ile beraber kullanarak anında canlı bir görünün kazanmanıza yardımcı olur – ayrıca cilt tonunuzu düzenlemeye , ve ilk haftadan başlayarak cilt dokusunun yeniden yapılnamasına destek verir.","display_mode":null,"display_name":"Fresh Pressed C Vitaminli 7-Gün Sistemi","display_status":7,"finish":null,"form":null,"formula_type":null,"fragrance_family":null,"indexable_keywords":null,"is_hazmat":false,"is_product_coming_soon":null,"is_product_displayable":true,"is_product_searchable":true,"is_product_shoppable":true,"is_product_sold_out":null,"is_product_temporarily_out_of_stock":null,"is_search_suppressed":null,"key_ingredient":null,"media":{"large":[{"alt":"Fresh Pressed C Vitaminli 7-Gün Sistemi","height":1200,"position":0,"src":"/media/export/cms/products/1200x1500/cl_prod_43382_1200x1500_0.png","type":"image","width":1500},{"alt":"Fresh Pressed C Vitaminli 7-Gün Sistemi","height":1200,"position":1,"src":"/media/export/cms/products/1200x1500/cl_prod_43382_1200x1500_1.png","type":"image","width":1500}],"medium":null,"poster":null,"small":[{"alt":"Fresh Pressed C Vitaminli 7-Gün Sistemi","height":1200,"position":2,"src":"/media/export/cms/products/1200x1500/cl_prod_43382_1200x1500_0.png","type":"image","width":1500},{"alt":"Fresh Pressed C Vitaminli 7-Gün Sistemi","height":1200,"position":3,"src":"/media/export/cms/products/1200x1500/cl_prod_43382_1200x1500_1.png","type":"image","width":1500}],"videos":[{"position":null,"poster":{"height":null,"src":null,"width":null},"provider":null,"src":null},{"position":null,"poster":{"height":null,"src":null,"width":null},"provider":null,"src":null},{"position":null,"poster":{"height":null,"src":null,"width":null},"provider":null,"src":null}],"xl":null},"meta":{"description":null,"keywords":null},"parent_category":[{"id":"1585","value":"Hediye Merkezi"}],"product_badge":null,"product_id":"43382","product_title_tag":null,"product_type":"Other","product_url":"/product/1585/43382/hediye-merkezi/fresh-pressed-c-vitaminli-7-gun-sistemi","reviews":{"average_rating":null,"number_of_questions":null,"number_of_reviews":null},"shade_groups":null,"short_description":"C vitamininin canlı ve yaşlanma karşıtı etkisiyle daha genç daha canlı bir cilt görünümü","skin":null,"skin_goal":null,"skus":{"total":1,"items":[{"color_family":null,"coverage_options":null,"cross_sell":null,"display_status":7,"finish":null,"finish_options":null,"fragrances":[{"family":null,"key":null,"value":null}],"iln_listing":null,"iln_version_number":null,"inventory_status":"Active","is_active":true,"is_coming_soon":null,"is_default_sku":true,"is_discountable":true,"is_displayable":null,"is_engravable":null,"is_fragrance":null,"is_giftable":null,"is_giftwrap":false,"is_inactive":null,"is_multi_shaded":null,"is_out_of_stock":null,"is_preorder":false,"is_preorderable":null,"is_promotional":null,"is_replenishable":false,"is_search_suppressed":null,"is_searchable":true,"is_shaded":null,"is_sized":null,"is_sold_out":null,"is_under_weight_hazmat":false,"is_vto_enabled":null,"life_of_product":"Basic Reorder","material_code":"ZY07010000","media":{"large":[{"alt":"Fresh Pressed C Vitaminli 7-Gün Sistemi","height":1200,"position":0,"src":"/media/export/cms/products/1200x1500/cl_sku_ZY0701_1200x1500_0.png","type":"image","width":1500}],"medium":[{"alt":"Fresh Pressed C Vitaminli 7-Gün Sistemi","height":600,"position":1,"src":"/media/export/cms/products/600x750/cl_sku_ZY0701_600x750_0.png","type":"image","width":750},{"alt":"Fresh Pressed C Vitaminli 7-Gün Sistemi","height":600,"position":2,"src":"/media/export/cms/products/600x750/cl_sku_ZY0701_600x750_1.png","type":"image","width":750}],"model":null,"poster":null,"small":[{"alt":"Fresh Pressed C Vitaminli 7-Gün Sistemi","height":1200,"position":3,"src":"/media/export/cms/products/1200x1500/cl_sku_ZY0701_1200x1500_0.png","type":"image","width":1500}],"smoosh":null,"xl":null},"out_of_stock_threshold":null,"perlgem":{"SKU_BASE_ID":73763},"preorder_date":null,"prices":[{"currency":"TRY","exclude_tax":{"original_price":285,"original_price_formatted":"285.00 TL","price":285,"price_formatted":"285.00 TL","price_per_unit":null,"price_per_unit_formatted":""},"include_tax":{"original_price":285,"original_price_formatted":"285.00 TL","price":285,"price_formatted":"285.00 TL","price_per_unit":null,"price_per_unit_formatted":""},"is_discounted":false}],"purchase_limit":null,"replenishment":{"message":null},"reviews":{"average_rating":null,"number_of_questions":null,"number_of_reviews":null},"set_components":null,"shade_groups":null,"shades":null,"sizes":[{"key":1,"value":null}],"skin":{"tone":null,"type":[{"key":"very-dry-skintype","value":"very_dry_skintype"},{"key":"dry-skintype","value":"dry_skintype"},{"key":"combination-skintype","value":"combination_skintype"},{"key":"oily-skintype","value":"oily_skintype"}],"type_description":null},"sku_badge":null,"sku_badge_image":null,"sku_display_order":0,"sku_id":"ZY0701","sku_promo_messaging":null,"sku_type":"SE","sku_url":null,"tags":{"total":18,"items":[{"id":"2644","key":"alışverişi-tamamla","value":"Alışverişi Tamamla"},{"id":"16370","key":"online-özel","value":"Online Özel"},{"id":"1685","key":"hedi̇yeler-setler","value":"HEDİYELER & SETLER"},{"id":"13563","key":"yeni̇-yil-ci̇lt-bakimi","value":"YENİ YIL CİLT BAKIMI"},{"id":"1674","key":"yaşlanma-karşıtı-bakım","value":"Yaşlanma Karşıtı Bakım"},{"id":"1980","key":"yaşlanma-karşıtı","value":"Yaşlanma Karşıtı"},{"id":"1585","key":"hediye-merkezi","value":"Hediye Merkezi"},{"id":"13770","key":"recommended-clinique-favourites","value":"Recommended Clinique Favourites"},{"id":"17860","key":"makyaj-ci̇lt-bakim-parfüm-setleri̇","value":"MAKYAJ & CİLT BAKIM & PARFÜM SETLERİ"},{"id":"1675","key":"koruma-önleme","value":"Koruma & Önleme"},{"id":"1673","key":"makyaj-temi̇zli̇yi̇ci̇leri̇","value":"MAKYAJ TEMİZLİYİCİLERİ"},{"id":"1575","key":"en-çok-satanlar","value":"En Çok Satanlar"},{"id":"1667","key":"ci̇lt-bakimi","value":"CİLT BAKIMI"},{"id":"18919","key":"fresh-pressed","value":"Fresh Pressed"},{"id":"17432","key":"minis","value":"Minis"},{"id":"14706","key":"maskeler","value":"MASKELER"},{"id":"8388","key":"nem","value":"nem"},{"id":"4323","key":"yeni̇-ürünler","value":"YENİ ÜRÜNLER"}]},"texture":null,"undertone":null,"unit_of_measure":null,"unit_size":null,"unit_size_formatted":null,"upc":"020714850975","vto":{"is_color_experience":null,"is_foundation_experience":null}}]},"sub_display_name":null,"sub_header":null,"tags":{"total":18,"items":[{"id":"2644","key":"alışverişi-tamamla","parent_tag_id":null,"product_display_order":0,"value":"Alışverişi Tamamla"},{"id":"16370","key":"online-özel","parent_tag_id":null,"product_display_order":0,"value":"Online Özel"},{"id":"1685","key":"hedi̇yeler-setler","parent_tag_id":"1684","product_display_order":0,"value":"HEDİYELER & SETLER"},{"id":"13563","key":"yeni̇-yil-ci̇lt-bakimi","parent_tag_id":"13561","product_display_order":0,"value":"YENİ YIL CİLT BAKIMI"},{"id":"1674","key":"yaşlanma-karşıtı-bakım","parent_tag_id":"1667","product_display_order":0,"value":"Yaşlanma Karşıtı Bakım"},{"id":"1980","key":"yaşlanma-karşıtı","parent_tag_id":"1674","product_display_order":0,"value":"Yaşlanma Karşıtı"},{"id":"1585","key":"hediye-merkezi","parent_tag_id":null,"product_display_order":0,"value":"Hediye Merkezi"},{"id":"13770","key":"recommended-clinique-favourites","parent_tag_id":null,"product_display_order":3,"value":"Recommended Clinique Favourites"},{"id":"17860","key":"makyaj-ci̇lt-bakim-parfüm-setleri̇","parent_tag_id":null,"product_display_order":28,"value":"MAKYAJ & CİLT BAKIM & PARFÜM SETLERİ"},{"id":"1675","key":"koruma-önleme","parent_tag_id":"1674","product_display_order":0,"value":"Koruma & Önleme"},{"id":"1673","key":"makyaj-temi̇zli̇yi̇ci̇leri̇","parent_tag_id":"1667","product_display_order":0,"value":"MAKYAJ TEMİZLİYİCİLERİ"},{"id":"1575","key":"en-çok-satanlar","parent_tag_id":null,"product_display_order":36,"value":"En Çok Satanlar"},{"id":"1667","key":"ci̇lt-bakimi","parent_tag_id":null,"product_display_order":18,"value":"CİLT BAKIMI"},{"id":"18919","key":"fresh-pressed","parent_tag_id":"1667","product_display_order":0,"value":"Fresh Pressed"},{"id":"17432","key":"minis","parent_tag_id":"16370","product_display_order":28,"value":"Minis"},{"id":"14706","key":"maskeler","parent_tag_id":"1667","product_display_order":0,"value":"MASKELER"},{"id":"8388","key":"nem","parent_tag_id":"1667","product_display_order":0,"value":"nem"},{"id":"4323","key":"yeni̇-ürünler","parent_tag_id":null,"product_display_order":227,"value":"YENİ ÜRÜNLER"}]},"usage":[{"content":"<UL><LI>• Her 7 günlük destek fresh-pressed gücünü sağlamaya yardımcı olur<BR>• Çifte korumalı tasarımı siz kullanana kadar C Vitamininin taze kalmasına yardımcı olur.<BR>• Aktive etmek için kapağını açın ve jelatinini çıkartın. İçindeki baloncuğa sertçe bastırın. 15 saniye kadar çalkalayın.<BR>• Sabah ve akşam Clinique nemlendiriciniz ile iki damla kullanın. Göz çevrenziden sakının.<BR>• Her kullanımdan önce çalkalayın. Etkili sonuç için 7 günden sonra kullanmayın.</LI></UL>","label":"PRODUCT USAGE","type":"product_usage"},{"content":null,"label":"HOW DOES IT WORK","type":"how_does_it_work"},{"content":"Tüm Cilt Tipleri (1,2,3,4)","label":"WHO IT IS FOR","type":"who_it_is_for"},{"content":null,"label":"GREAT TO KNOW","type":"great_to_know"},{"content":"Eşsiz yaşlanma karşıtı Booster, saf ve taze C Vitamininin gücünü en yüksek konsantrasyonda sunarak cildinizin görünümü aydınlatmaya ve tonunu eşitlemeye yardımcı olur. <br><br><b>Nasıl Kullanılır?</b><br>Temizleyici:<br>Cildin doğal hücresel yenileme sürecini başlatmak için sabah kullanın.<br><ul><li>1. Ürünü ıslak elinize dökün.</li><li>2. Su ekleyin ve karıştırın.</li><li>3. Göz çevresinden kaçınarak cilde masak yaparak uygulayın.</li><li>4. Etkisi tam görebilmeniz için 1 dakika bekletin.</li><li>5. İyice durulayın.</li></ul><br><br>Güçlendirici:<br><ul><li>1. Ürünü açıp folyoyu çıkarınn.</li><li>2.C Vitamini için sıkıca basınız.</li><li>3. Her kullanımdan önce 15 saniye sallayın.</li><li>4. Kapağı çıkarın.</li><li>5. Nemlendiricinize sabah ve akşam 2’şer damla ekleyerek sonuçları gözlemleyin.</li></ul><br>Göz çevresi kaçının. Her kullanımdan önce sallayın. Tazelik güç demektir. Saf C Vitamini, oksijene maruz kaldığında doğal olarak bozulmaya başlar, bu nedenle en güçlü etkiyi tazeyken sunar. Saf C Vitamininin kullanılana kadar her an taze kalmasını sağlayan ambalajı sayesinde tam etkiye ve en iyi sonuçlara ulaşmak mümkündür. Miktar: Dört adet 7 günlük şişe ile toplam 28 günlük ürün.","label":"WHAT_IT_DOES","type":"what_it_does"},{"content":"Eşsiz yaşlanma karşıtı Booster, saf ve taze C Vitamininin gücünü en yüksek konsantrasyonda sunarak cildinizin görünümü aydınlatmaya ve tonunu eşitlemeye yardımcı olur.","label":"WHAT_IT_IS","type":"what_it_is"}],"objectID":"43382"},{"benefit":null,"brand":null,"collection":null,"coverage":null,"cross_sell":null,"default_category":{"id":"1602","key":"hedi̇yeler-setler"},"description":"What it does: Universal Superprimer smooths and corrects so makeup glides on evenly, looks colour-true. Stay-Matte Universal Blotting Powder instantly absorbs oil and shine, so skin stays matte, looks fresh.","display_mode":null,"display_name":"Flawless Foundation Kit","display_status":1,"finish":null,"form":null,"formula_type":null,"fragrance_family":null,"indexable_keywords":null,"is_hazmat":false,"is_product_coming_soon":null,"is_product_displayable":true,"is_product_searchable":true,"is_product_shoppable":false,"is_product_sold_out":null,"is_product_temporarily_out_of_stock":null,"is_search_suppressed":null,"key_ingredient":null,"media":{"large":null,"medium":null,"poster":null,"small":null,"videos":[{"position":null,"poster":{"height":null,"src":null,"width":null},"provider":null,"src":null},{"position":null,"poster":{"height":null,"src":null,"width":null},"provider":null,"src":null},{"position":null,"poster":{"height":null,"src":null,"width":null},"provider":null,"src":null}],"xl":null},"meta":{"description":null,"keywords":null},"parent_category":[{"id":"1602","value":"HEDİYELER & SETLER"},{"id":"1600","value":"HEDİYELER"},{"id":"1592","value":"MAKYAJ"}],"product_badge":null,"product_id":"43829","product_title_tag":null,"product_type":"Other","product_url":"/product/1602/43829/makyaj/hediyeler/hediyeler-setler/flawless-foundation-kit","reviews":{"average_rating":null,"number_of_questions":null,"number_of_reviews":null},"shade_groups":null,"short_description":"All you need for a perfected day. $27 with any Clinique foundation purchase.","skin":null,"skin_goal":null,"skus":{"total":1,"items":[{"color_family":null,"coverage_options":null,"cross_sell":null,"display_status":1,"finish":null,"finish_options":null,"fragrances":[{"family":null,"key":null,"value":null}],"iln_listing":null,"iln_version_number":null,"inventory_status":"Sold Out","is_active":null,"is_coming_soon":null,"is_default_sku":false,"is_discountable":false,"is_displayable":null,"is_engravable":null,"is_fragrance":null,"is_giftable":null,"is_giftwrap":false,"is_inactive":null,"is_multi_shaded":null,"is_out_of_stock":null,"is_preorder":false,"is_preorderable":null,"is_promotional":null,"is_replenishable":false,"is_search_suppressed":null,"is_searchable":true,"is_shaded":null,"is_sized":null,"is_sold_out":true,"is_under_weight_hazmat":false,"is_vto_enabled":null,"life_of_product":"Limited life","material_code":"7770050001","media":{"large":[{"alt":"Flawless Foundation Kit","height":1200,"position":0,"src":"/media/export/cms/products/1200x1500/cl_sku_777005_1200x1500_0.png","type":"image","width":1500}],"medium":[{"alt":"Flawless Foundation Kit","height":600,"position":1,"src":"/media/export/cms/products/600x750/cl_sku_777005_600x750_0.png","type":"image","width":750}],"model":null,"poster":null,"small":[{"alt":"Flawless Foundation Kit","height":1200,"position":2,"src":"/media/export/cms/products/1200x1500/cl_sku_777005_1200x1500_0.png","type":"image","width":1500}],"smoosh":null,"xl":null},"out_of_stock_threshold":null,"perlgem":{"SKU_BASE_ID":74261},"preorder_date":null,"prices":[{"currency":"TRY","exclude_tax":{"original_price":27,"original_price_formatted":"27.00 TL","price":27,"price_formatted":"27.00 TL","price_per_unit":null,"price_per_unit_formatted":""},"include_tax":{"original_price":27,"original_price_formatted":"27.00 TL","price":27,"price_formatted":"27.00 TL","price_per_unit":null,"price_per_unit_formatted":""},"is_discounted":false}],"purchase_limit":null,"replenishment":{"message":null},"reviews":{"average_rating":null,"number_of_questions":null,"number_of_reviews":null},"set_components":null,"shade_groups":null,"shades":null,"sizes":[{"key":1,"value":null}],"skin":{"tone":null,"type":null,"type_description":null},"sku_badge":null,"sku_badge_image":null,"sku_display_order":0,"sku_id":"777005","sku_promo_messaging":null,"sku_type":"SE","sku_url":null,"tags":{"total":1,"items":[{"id":"1602","key":"hedi̇yeler-setler","value":"HEDİYELER & SETLER"}]},"texture":null,"undertone":null,"unit_of_measure":null,"unit_size":null,"unit_size_formatted":null,"upc":"020714777005","vto":{"is_color_experience":null,"is_foundation_experience":null}}]},"sub_display_name":null,"sub_header":null,"tags":{"total":1,"items":[{"id":"1602","key":"hedi̇yeler-setler","parent_tag_id":"1600","product_display_order":0,"value":"HEDİYELER & SETLER"}]},"usage":[{"content":null,"label":"PRODUCT USAGE","type":"product_usage"},{"content":null,"label":"HOW DOES IT WORK","type":"how_does_it_work"},{"content":null,"label":"WHO IT IS FOR","type":"who_it_is_for"},{"content":null,"label":"GREAT TO KNOW","type":"great_to_know"},{"content":null,"label":"WHAT_IT_DOES","type":"what_it_does"},{"content":"What it does: Universal Superprimer smooths and corrects so makeup glides on evenly, looks colour-true. Stay-Matte Universal Blotting Powder instantly absorbs oil and shine, so skin stays matte, looks fresh.","label":"WHAT_IT_IS","type":"what_it_is"}],"objectID":"43829"},{"benefit":{"statement":null,"benefits":null},"brand":null,"collection":null,"coverage":null,"cross_sell":null,"default_category":{"id":"13561","key":"yeni̇-yil-buti̇ği̇"},"description":null,"display_mode":null,"display_name":"Aromatics Elixir Riches","display_status":1,"finish":null,"form":null,"formula_type":null,"fragrance_family":null,"indexable_keywords":null,"is_hazmat":false,"is_product_coming_soon":null,"is_product_displayable":true,"is_product_searchable":true,"is_product_shoppable":false,"is_product_sold_out":null,"is_product_temporarily_out_of_stock":null,"is_search_suppressed":null,"key_ingredient":null,"media":{"large":null,"medium":null,"poster":null,"small":null,"videos":[{"position":null,"poster":{"height":null,"src":null,"width":null},"provider":null,"src":null},{"position":null,"poster":{"height":null,"src":null,"width":null},"provider":null,"src":null},{"position":null,"poster":{"height":null,"src":null,"width":null},"provider":null,"src":null}],"xl":null},"meta":{"description":null,"keywords":null},"parent_category":[{"id":"13561","value":"YENİ YIL BUTİĞİ"}],"product_badge":null,"product_id":"43897","product_title_tag":null,"product_type":"Other","product_url":"/product/13561/43897/yeni-yil-butigi/aromatics-elixir-riches","reviews":{"average_rating":null,"number_of_questions":null,"number_of_reviews":null},"shade_groups":null,"short_description":null,"skin":null,"skin_goal":null,"skus":{"total":1,"items":[{"color_family":null,"coverage_options":null,"cross_sell":null,"display_status":1,"finish":null,"finish_options":null,"fragrances":[{"family":null,"key":null,"value":null}],"iln_listing":null,"iln_version_number":null,"inventory_status":"Sold Out","is_active":null,"is_coming_soon":null,"is_default_sku":false,"is_discountable":false,"is_displayable":null,"is_engravable":null,"is_fragrance":null,"is_giftable":null,"is_giftwrap":false,"is_inactive":null,"is_multi_shaded":null,"is_out_of_stock":null,"is_preorder":false,"is_preorderable":null,"is_promotional":null,"is_replenishable":false,"is_search_suppressed":null,"is_searchable":true,"is_shaded":null,"is_sized":null,"is_sold_out":true,"is_under_weight_hazmat":false,"is_vto_enabled":null,"life_of_product":"Limited life","material_code":"ZT5AY60000","media":{"large":[{"alt":"Aromatics Elixir Riches","height":1200,"position":0,"src":"/media/export/cms/products/1200x1500/cl_sku_ZT5AY6_1200x1500_0.png","type":"image","width":1500}],"medium":[{"alt":"Aromatics Elixir Riches","height":600,"position":1,"src":"/media/export/cms/products/600x750/cl_sku_ZT5AY6_600x750_0.png","type":"image","width":750}],"model":null,"poster":null,"small":[{"alt":"Aromatics Elixir Riches","height":1200,"position":2,"src":"/media/export/cms/products/1200x1500/cl_sku_ZT5AY6_1200x1500_0.png","type":"image","width":1500}],"smoosh":null,"xl":null},"out_of_stock_threshold":null,"perlgem":{"SKU_BASE_ID":74461},"preorder_date":null,"prices":[{"currency":"TRY","exclude_tax":{"original_price":59,"original_price_formatted":"59.00 TL","price":59,"price_formatted":"59.00 TL","price_per_unit":null,"price_per_unit_formatted":""},"include_tax":{"original_price":59,"original_price_formatted":"59.00 TL","price":59,"price_formatted":"59.00 TL","price_per_unit":null,"price_per_unit_formatted":""},"is_discounted":false}],"purchase_limit":null,"replenishment":{"message":null},"reviews":{"average_rating":null,"number_of_questions":null,"number_of_reviews":null},"set_components":null,"shade_groups":null,"shades":null,"sizes":[{"key":1,"value":null}],"skin":{"tone":null,"type":null,"type_description":null},"sku_badge":null,"sku_badge_image":null,"sku_display_order":0,"sku_id":"ZT5AY6","sku_promo_messaging":null,"sku_type":"SE","sku_url":null,"tags":{"total":9,"items":[{"id":"1602","key":"hedi̇yeler-setler","value":"HEDİYELER & SETLER"},{"id":"1667","key":"ci̇lt-bakimi","value":"CİLT BAKIMI"},{"id":"19288","key":"sale","value":"sale"},{"id":"13567","key":"499-tl-ve-alti-ci̇lt-bakimmakyajparfüm-setleri̇","value":"499 TL VE ALTI CİLT BAKIM&MAKYAJ&PARFÜM SETLERİ"},{"id":"16422","key":"gifts","value":"Gifts"},{"id":"13564","key":"yeni̇-yil-parfüm","value":"YENİ YIL PARFÜM"},{"id":"1584","key":"hedi̇yeler-setler","value":"HEDİYELER & SETLER"},{"id":"13561","key":"yeni̇-yil-buti̇ği̇","value":"YENİ YIL BUTİĞİ"},{"id":"1685","key":"hedi̇yeler-setler","value":"HEDİYELER & SETLER"}]},"texture":null,"undertone":null,"unit_of_measure":null,"unit_size":null,"unit_size_formatted":null,"upc":"020714828066","vto":{"is_color_experience":null,"is_foundation_experience":null}}]},"sub_display_name":null,"sub_header":null,"tags":{"total":9,"items":[{"id":"1602","key":"hedi̇yeler-setler","parent_tag_id":"1600","product_display_order":0,"value":"HEDİYELER & SETLER"},{"id":"1667","key":"ci̇lt-bakimi","parent_tag_id":null,"product_display_order":25,"value":"CİLT BAKIMI"},{"id":"19288","key":"sale","parent_tag_id":"1590","product_display_order":0,"value":"sale"},{"id":"13567","key":"499-tl-ve-alti-ci̇lt-bakimmakyajparfüm-setleri̇","parent_tag_id":"13561","product_display_order":58,"value":"499 TL VE ALTI CİLT BAKIM&MAKYAJ&PARFÜM SETLERİ"},{"id":"16422","key":"gifts","parent_tag_id":"1585","product_display_order":0,"value":"Gifts"},{"id":"13564","key":"yeni̇-yil-parfüm","parent_tag_id":"13561","product_display_order":11,"value":"YENİ YIL PARFÜM"},{"id":"1584","key":"hedi̇yeler-setler","parent_tag_id":"1582","product_display_order":0,"value":"HEDİYELER & SETLER"},{"id":"13561","key":"yeni̇-yil-buti̇ği̇","parent_tag_id":null,"product_display_order":0,"value":"YENİ YIL BUTİĞİ"},{"id":"1685","key":"hedi̇yeler-setler","parent_tag_id":"1684","product_display_order":0,"value":"HEDİYELER & SETLER"}]},"usage":[{"content":null,"label":"PRODUCT USAGE","type":"product_usage"},{"content":null,"label":"HOW DOES IT WORK","type":"how_does_it_work"},{"content":null,"label":"WHO IT IS FOR","type":"who_it_is_for"},{"content":null,"label":"GREAT TO KNOW","type":"great_to_know"},{"content":null,"label":"WHAT_IT_DOES","type":"what_it_does"},{"content":null,"label":"WHAT_IT_IS","type":"what_it_is"}],"objectID":"43897"},{"benefit":{"statement":null,"benefits":null},"brand":null,"collection":null,"coverage":null,"cross_sell":null,"default_category":{"id":"13561","key":"yeni̇-yil-buti̇ği̇"},"description":null,"display_mode":null,"display_name":"Clinique Sonic System Purifying Cleansing Brush","display_status":1,"finish":null,"form":null,"formula_type":null,"fragrance_family":null,"indexable_keywords":null,"is_hazmat":false,"is_product_coming_soon":null,"is_product_displayable":true,"is_product_searchable":true,"is_product_shoppable":false,"is_product_sold_out":null,"is_product_temporarily_out_of_stock":null,"is_search_suppressed":null,"key_ingredient":null,"media":{"large":null,"medium":null,"poster":null,"small":null,"videos":[{"position":null,"poster":{"height":null,"src":null,"width":null},"provider":null,"src":null},{"position":null,"poster":{"height":null,"src":null,"width":null},"provider":null,"src":null},{"position":null,"poster":{"height":null,"src":null,"width":null},"provider":null,"src":null}],"xl":null},"meta":{"description":null,"keywords":null},"parent_category":[{"id":"13561","value":"YENİ YIL BUTİĞİ"}],"product_badge":null,"product_id":"43917","product_title_tag":null,"product_type":"Other","product_url":"/product/13561/43917/yeni-yil-butigi/clinique-sonic-system-purifying-cleansing-brush/candy-deco","reviews":{"average_rating":null,"number_of_questions":null,"number_of_reviews":null},"shade_groups":null,"short_description":null,"skin":null,"skin_goal":null,"skus":{"total":1,"items":[{"color_family":null,"coverage_options":null,"cross_sell":null,"display_status":1,"finish":null,"finish_options":null,"fragrances":[{"family":null,"key":null,"value":null}],"iln_listing":null,"iln_version_number":null,"inventory_status":"Sold Out","is_active":null,"is_coming_soon":null,"is_default_sku":false,"is_discountable":false,"is_displayable":null,"is_engravable":null,"is_fragrance":null,"is_giftable":null,"is_giftwrap":false,"is_inactive":null,"is_multi_shaded":null,"is_out_of_stock":null,"is_preorder":false,"is_preorderable":null,"is_promotional":null,"is_replenishable":false,"is_search_suppressed":null,"is_searchable":true,"is_shaded":null,"is_sized":null,"is_sold_out":true,"is_under_weight_hazmat":false,"is_vto_enabled":null,"life_of_product":"Limited life","material_code":"ZTE0Y60000","media":{"large":[{"alt":"Clinique Sonic System Purifying Cleansing Brush","height":1200,"position":0,"src":"/media/export/cms/products/1200x1500/cl_sku_ZTE0Y6_1200x1500_0.png","type":"image","width":1500}],"medium":[{"alt":"Clinique Sonic System Purifying Cleansing Brush","height":600,"position":1,"src":"/media/export/cms/products/600x750/cl_sku_ZTE0Y6_600x750_0.png","type":"image","width":750}],"model":null,"poster":null,"small":[{"alt":"Clinique Sonic System Purifying Cleansing Brush","height":1200,"position":2,"src":"/media/export/cms/products/1200x1500/cl_sku_ZTE0Y6_1200x1500_0.png","type":"image","width":1500}],"smoosh":null,"xl":null},"out_of_stock_threshold":null,"perlgem":{"SKU_BASE_ID":74487},"preorder_date":null,"prices":[{"currency":"TRY","exclude_tax":{"original_price":89.5,"original_price_formatted":"89.50 TL","price":89.5,"price_formatted":"89.50 TL","price_per_unit":null,"price_per_unit_formatted":""},"include_tax":{"original_price":89.5,"original_price_formatted":"89.50 TL","price":89.5,"price_formatted":"89.50 TL","price_per_unit":null,"price_per_unit_formatted":""},"is_discounted":false}],"purchase_limit":null,"replenishment":{"message":null},"reviews":{"average_rating":null,"number_of_questions":null,"number_of_reviews":null},"set_components":null,"shade_groups":null,"shades":null,"sizes":[{"key":1,"value":null}],"skin":{"tone":null,"type":null,"type_description":null},"sku_badge":null,"sku_badge_image":null,"sku_display_order":0,"sku_id":"ZTE0Y6","sku_promo_messaging":null,"sku_type":"SE","sku_url":null,"tags":{"total":12,"items":[{"id":"1685","key":"hedi̇yeler-setler","value":"HEDİYELER & SETLER"},{"id":"13566","key":"yeni̇-yil-ci̇lt-bakimmakyajparfüm-setleri̇","value":"YENİ YIL CİLT BAKIM&MAKYAJ&PARFÜM SETLERİ"},{"id":"13561","key":"yeni̇-yil-buti̇ği̇","value":"YENİ YIL BUTİĞİ"},{"id":"13567","key":"499-tl-ve-alti-ci̇lt-bakimmakyajparfüm-setleri̇","value":"499 TL VE ALTI CİLT BAKIM&MAKYAJ&PARFÜM SETLERİ"},{"id":"1667","key":"ci̇lt-bakimi","value":"CİLT BAKIMI"},{"id":"1575","key":"en-çok-satanlar","value":"En Çok Satanlar"},{"id":"1602","key":"hedi̇yeler-setler","value":"HEDİYELER & SETLER"},{"id":"19288","key":"sale","value":"sale"},{"id":"4323","key":"yeni̇-ürünler","value":"YENİ ÜRÜNLER"},{"id":"16422","key":"gifts","value":"Gifts"},{"id":"13563","key":"yeni̇-yil-ci̇lt-bakimi","value":"YENİ YIL CİLT BAKIMI"},{"id":"1590","key":"i̇ndi̇ri̇mli̇-ürünler","value":"İNDİRİMLİ ÜRÜNLER"}]},"texture":null,"undertone":null,"unit_of_measure":null,"unit_size":null,"unit_size_formatted":null,"upc":"020714830052","vto":{"is_color_experience":null,"is_foundation_experience":null}}]},"sub_display_name":null,"sub_header":null,"tags":{"total":12,"items":[{"id":"1685","key":"hedi̇yeler-setler","parent_tag_id":"1684","product_display_order":0,"value":"HEDİYELER & SETLER"},{"id":"13566","key":"yeni̇-yil-ci̇lt-bakimmakyajparfüm-setleri̇","parent_tag_id":"13561","product_display_order":31,"value":"YENİ YIL CİLT BAKIM&MAKYAJ&PARFÜM SETLERİ"},{"id":"13561","key":"yeni̇-yil-buti̇ği̇","parent_tag_id":null,"product_display_order":0,"value":"YENİ YIL BUTİĞİ"},{"id":"13567","key":"499-tl-ve-alti-ci̇lt-bakimmakyajparfüm-setleri̇","parent_tag_id":"13561","product_display_order":74,"value":"499 TL VE ALTI CİLT BAKIM&MAKYAJ&PARFÜM SETLERİ"},{"id":"1667","key":"ci̇lt-bakimi","parent_tag_id":null,"product_display_order":79,"value":"CİLT BAKIMI"},{"id":"1575","key":"en-çok-satanlar","parent_tag_id":null,"product_display_order":57,"value":"En Çok Satanlar"},{"id":"1602","key":"hedi̇yeler-setler","parent_tag_id":"1600","product_display_order":0,"value":"HEDİYELER & SETLER"},{"id":"19288","key":"sale","parent_tag_id":"1590","product_display_order":0,"value":"sale"},{"id":"4323","key":"yeni̇-ürünler","parent_tag_id":null,"product_display_order":229,"value":"YENİ ÜRÜNLER"},{"id":"16422","key":"gifts","parent_tag_id":"1585","product_display_order":0,"value":"Gifts"},{"id":"13563","key":"yeni̇-yil-ci̇lt-bakimi","parent_tag_id":"13561","product_display_order":0,"value":"YENİ YIL CİLT BAKIMI"},{"id":"1590","key":"i̇ndi̇ri̇mli̇-ürünler","parent_tag_id":null,"product_display_order":17,"value":"İNDİRİMLİ ÜRÜNLER"}]},"usage":[{"content":null,"label":"PRODUCT USAGE","type":"product_usage"},{"content":null,"label":"HOW DOES IT WORK","type":"how_does_it_work"},{"content":null,"label":"WHO IT IS FOR","type":"who_it_is_for"},{"content":null,"label":"GREAT TO KNOW","type":"great_to_know"},{"content":null,"label":"WHAT_IT_DOES","type":"what_it_does"},{"content":null,"label":"WHAT_IT_IS","type":"what_it_is"}],"objectID":"43917"},{"benefit":{"statement":null,"benefits":null},"brand":null,"collection":null,"coverage":null,"cross_sell":null,"default_category":{"id":"13561","key":"yeni̇-yil-buti̇ği̇"},"description":null,"display_mode":null,"display_name":"Clinique Sonic System Purifying Cleansing Brush","display_status":1,"finish":null,"form":null,"formula_type":null,"fragrance_family":null,"indexable_keywords":null,"is_hazmat":false,"is_product_coming_soon":null,"is_product_displayable":true,"is_product_searchable":true,"is_product_shoppable":false,"is_product_sold_out":null,"is_product_temporarily_out_of_stock":null,"is_search_suppressed":null,"key_ingredient":null,"media":{"large":null,"medium":null,"poster":null,"small":null,"videos":[{"position":null,"poster":{"height":null,"src":null,"width":null},"provider":null,"src":null},{"position":null,"poster":{"height":null,"src":null,"width":null},"provider":null,"src":null},{"position":null,"poster":{"height":null,"src":null,"width":null},"provider":null,"src":null}],"xl":null},"meta":{"description":null,"keywords":null},"parent_category":[{"id":"13561","value":"YENİ YIL BUTİĞİ"}],"product_badge":null,"product_id":"43918","product_title_tag":null,"product_type":"Other","product_url":"/product/13561/43918/yeni-yil-butigi/clinique-sonic-system-purifying-cleansing-brush/candy-deco","reviews":{"average_rating":null,"number_of_questions":null,"number_of_reviews":null},"shade_groups":null,"short_description":null,"skin":null,"skin_goal":null,"skus":{"total":1,"items":[{"color_family":null,"coverage_options":null,"cross_sell":null,"display_status":1,"finish":null,"finish_options":null,"fragrances":[{"family":null,"key":null,"value":null}],"iln_listing":null,"iln_version_number":null,"inventory_status":"Sold Out","is_active":null,"is_coming_soon":null,"is_default_sku":false,"is_discountable":false,"is_displayable":null,"is_engravable":null,"is_fragrance":null,"is_giftable":null,"is_giftwrap":false,"is_inactive":null,"is_multi_shaded":null,"is_out_of_stock":null,"is_preorder":false,"is_preorderable":null,"is_promotional":null,"is_replenishable":false,"is_search_suppressed":null,"is_searchable":true,"is_shaded":null,"is_sized":null,"is_sold_out":true,"is_under_weight_hazmat":false,"is_vto_enabled":null,"life_of_product":"Limited life","material_code":"ZTE1Y60000","media":{"large":[{"alt":"Clinique Sonic System Purifying Cleansing Brush","height":1200,"position":0,"src":"/media/export/cms/products/1200x1500/cl_sku_ZTE1Y6_1200x1500_0.png","type":"image","width":1500}],"medium":[{"alt":"Clinique Sonic System Purifying Cleansing Brush","height":600,"position":1,"src":"/media/export/cms/products/600x750/cl_sku_ZTE1Y6_600x750_0.png","type":"image","width":750}],"model":null,"poster":null,"small":[{"alt":"Clinique Sonic System Purifying Cleansing Brush","height":1200,"position":2,"src":"/media/export/cms/products/1200x1500/cl_sku_ZTE1Y6_1200x1500_0.png","type":"image","width":1500}],"smoosh":null,"xl":null},"out_of_stock_threshold":null,"perlgem":{"SKU_BASE_ID":74488},"preorder_date":null,"prices":[{"currency":"TRY","exclude_tax":{"original_price":89.5,"original_price_formatted":"89.50 TL","price":89.5,"price_formatted":"89.50 TL","price_per_unit":null,"price_per_unit_formatted":""},"include_tax":{"original_price":89.5,"original_price_formatted":"89.50 TL","price":89.5,"price_formatted":"89.50 TL","price_per_unit":null,"price_per_unit_formatted":""},"is_discounted":false}],"purchase_limit":null,"replenishment":{"message":null},"reviews":{"average_rating":null,"number_of_questions":null,"number_of_reviews":null},"set_components":null,"shade_groups":null,"shades":null,"sizes":[{"key":1,"value":null}],"skin":{"tone":null,"type":null,"type_description":null},"sku_badge":null,"sku_badge_image":null,"sku_display_order":0,"sku_id":"ZTE1Y6","sku_promo_messaging":null,"sku_type":"SE","sku_url":null,"tags":{"total":11,"items":[{"id":"1667","key":"ci̇lt-bakimi","value":"CİLT BAKIMI"},{"id":"16422","key":"gifts","value":"Gifts"},{"id":"1602","key":"hedi̇yeler-setler","value":"HEDİYELER & SETLER"},{"id":"13563","key":"yeni̇-yil-ci̇lt-bakimi","value":"YENİ YIL CİLT BAKIMI"},{"id":"13566","key":"yeni̇-yil-ci̇lt-bakimmakyajparfüm-setleri̇","value":"YENİ YIL CİLT BAKIM&MAKYAJ&PARFÜM SETLERİ"},{"id":"19288","key":"sale","value":"sale"},{"id":"1590","key":"i̇ndi̇ri̇mli̇-ürünler","value":"İNDİRİMLİ ÜRÜNLER"},{"id":"1685","key":"hedi̇yeler-setler","value":"HEDİYELER & SETLER"},{"id":"13567","key":"499-tl-ve-alti-ci̇lt-bakimmakyajparfüm-setleri̇","value":"499 TL VE ALTI CİLT BAKIM&MAKYAJ&PARFÜM SETLERİ"},{"id":"13561","key":"yeni̇-yil-buti̇ği̇","value":"YENİ YIL BUTİĞİ"},{"id":"1575","key":"en-çok-satanlar","value":"En Çok Satanlar"}]},"texture":null,"undertone":null,"unit_of_measure":null,"unit_size":null,"unit_size_formatted":null,"upc":"020714830069","vto":{"is_color_experience":null,"is_foundation_experience":null}}]},"sub_display_name":null,"sub_header":null,"tags":{"total":11,"items":[{"id":"1667","key":"ci̇lt-bakimi","parent_tag_id":null,"product_display_order":26,"value":"CİLT BAKIMI"},{"id":"16422","key":"gifts","parent_tag_id":"1585","product_display_order":0,"value":"Gifts"},{"id":"1602","key":"hedi̇yeler-setler","parent_tag_id":"1600","product_display_order":0,"value":"HEDİYELER & SETLER"},{"id":"13563","key":"yeni̇-yil-ci̇lt-bakimi","parent_tag_id":"13561","product_display_order":0,"value":"YENİ YIL CİLT BAKIMI"},{"id":"13566","key":"yeni̇-yil-ci̇lt-bakimmakyajparfüm-setleri̇","parent_tag_id":"13561","product_display_order":16,"value":"YENİ YIL CİLT BAKIM&MAKYAJ&PARFÜM SETLERİ"},{"id":"19288","key":"sale","parent_tag_id":"1590","product_display_order":0,"value":"sale"},{"id":"1590","key":"i̇ndi̇ri̇mli̇-ürünler","parent_tag_id":null,"product_display_order":12,"value":"İNDİRİMLİ ÜRÜNLER"},{"id":"1685","key":"hedi̇yeler-setler","parent_tag_id":"1684","product_display_order":0,"value":"HEDİYELER & SETLER"},{"id":"13567","key":"499-tl-ve-alti-ci̇lt-bakimmakyajparfüm-setleri̇","parent_tag_id":"13561","product_display_order":59,"value":"499 TL VE ALTI CİLT BAKIM&MAKYAJ&PARFÜM SETLERİ"},{"id":"13561","key":"yeni̇-yil-buti̇ği̇","parent_tag_id":null,"product_display_order":0,"value":"YENİ YIL BUTİĞİ"},{"id":"1575","key":"en-çok-satanlar","parent_tag_id":null,"product_display_order":67,"value":"En Çok Satanlar"}]},"usage":[{"content":null,"label":"PRODUCT USAGE","type":"product_usage"},{"content":null,"label":"HOW DOES IT WORK","type":"how_does_it_work"},{"content":null,"label":"WHO IT IS FOR","type":"who_it_is_for"},{"content":null,"label":"GREAT TO KNOW","type":"great_to_know"},{"content":null,"label":"WHAT_IT_DOES","type":"what_it_does"},{"content":null,"label":"WHAT_IT_IS","type":"what_it_is"}],"objectID":"43918"},{"benefit":{"statement":null,"benefits":null},"brand":null,"collection":null,"coverage":null,"cross_sell":null,"default_category":{"id":"13561","key":"yeni̇-yil-buti̇ği̇"},"description":null,"display_mode":null,"display_name":"Jumbo DDDML","display_status":1,"finish":null,"form":null,"formula_type":null,"fragrance_family":null,"indexable_keywords":null,"is_hazmat":false,"is_product_coming_soon":null,"is_product_displayable":true,"is_product_searchable":true,"is_product_shoppable":false,"is_product_sold_out":null,"is_product_temporarily_out_of_stock":null,"is_search_suppressed":null,"key_ingredient":null,"media":{"large":null,"medium":null,"poster":null,"small":null,"videos":[{"position":null,"poster":{"height":null,"src":null,"width":null},"provider":null,"src":null},{"position":null,"poster":{"height":null,"src":null,"width":null},"provider":null,"src":null},{"position":null,"poster":{"height":null,"src":null,"width":null},"provider":null,"src":null}],"xl":null},"meta":{"description":null,"keywords":null},"parent_category":[{"id":"13561","value":"YENİ YIL BUTİĞİ"}],"product_badge":null,"product_id":"43959","product_title_tag":null,"product_type":"Sized","product_url":"/product/13561/43959/yeni-yil-butigi/jumbo-dddml/holiday-2016","reviews":{"average_rating":null,"number_of_questions":null,"number_of_reviews":null},"shade_groups":null,"short_description":null,"skin":null,"skin_goal":null,"skus":{"total":1,"items":[{"color_family":null,"coverage_options":null,"cross_sell":null,"display_status":1,"finish":null,"finish_options":null,"fragrances":[{"family":null,"key":null,"value":null}],"iln_listing":null,"iln_version_number":null,"inventory_status":"Sold Out","is_active":null,"is_coming_soon":null,"is_default_sku":false,"is_discountable":false,"is_displayable":null,"is_engravable":null,"is_fragrance":null,"is_giftable":null,"is_giftwrap":false,"is_inactive":null,"is_multi_shaded":null,"is_out_of_stock":null,"is_preorder":false,"is_preorderable":null,"is_promotional":null,"is_replenishable":false,"is_search_suppressed":null,"is_searchable":true,"is_shaded":null,"is_sized":null,"is_sold_out":true,"is_under_weight_hazmat":false,"is_vto_enabled":null,"life_of_product":"Limited life","material_code":"ZT64Y60000","media":{"large":[{"alt":"Jumbo DDDML","height":1200,"position":0,"src":"/media/export/cms/products/1200x1500/cl_sku_ZT64Y6_1200x1500_0.png","type":"image","width":1500}],"medium":[{"alt":"Jumbo DDDML","height":600,"position":1,"src":"/media/export/cms/products/600x750/cl_sku_ZT64Y6_600x750_0.png","type":"image","width":750}],"model":null,"poster":null,"small":[{"alt":"Jumbo DDDML","height":1200,"position":2,"src":"/media/export/cms/products/1200x1500/cl_sku_ZT64Y6_1200x1500_0.png","type":"image","width":1500}],"smoosh":null,"xl":null},"out_of_stock_threshold":null,"perlgem":{"SKU_BASE_ID":74532},"preorder_date":null,"prices":[{"currency":"TRY","exclude_tax":{"original_price":38,"original_price_formatted":"38.00 TL","price":38,"price_formatted":"38.00 TL","price_per_unit":null,"price_per_unit_formatted":""},"include_tax":{"original_price":38,"original_price_formatted":"38.00 TL","price":38,"price_formatted":"38.00 TL","price_per_unit":null,"price_per_unit_formatted":""},"is_discounted":false}],"purchase_limit":null,"replenishment":{"message":null},"reviews":{"average_rating":null,"number_of_questions":null,"number_of_reviews":null},"set_components":null,"shade_groups":null,"shades":null,"sizes":[{"key":1,"value":null}],"skin":{"tone":null,"type":null,"type_description":null},"sku_badge":null,"sku_badge_image":null,"sku_display_order":0,"sku_id":"ZT64Y6","sku_promo_messaging":null,"sku_type":"SE","sku_url":null,"tags":{"total":5,"items":[{"id":"1592","key":"makyaj","value":"MAKYAJ"},{"id":"13567","key":"499-tl-ve-alti-ci̇lt-bakimmakyajparfüm-setleri̇","value":"499 TL VE ALTI CİLT BAKIM&MAKYAJ&PARFÜM SETLERİ"},{"id":"13563","key":"yeni̇-yil-ci̇lt-bakimi","value":"YENİ YIL CİLT BAKIMI"},{"id":"13568","key":"249-tl-ve-alti-ci̇lt-bakimmakyajparfüm-setleri̇","value":"249 TL VE ALTI CİLT BAKIM&MAKYAJ&PARFÜM SETLERİ"},{"id":"13561","key":"yeni̇-yil-buti̇ği̇","value":"YENİ YIL BUTİĞİ"}]},"texture":null,"undertone":null,"unit_of_measure":null,"unit_size":null,"unit_size_formatted":null,"upc":"020714828271","vto":{"is_color_experience":null,"is_foundation_experience":null}}]},"sub_display_name":null,"sub_header":null,"tags":{"total":5,"items":[{"id":"1592","key":"makyaj","parent_tag_id":null,"product_display_order":26,"value":"MAKYAJ"},{"id":"13567","key":"499-tl-ve-alti-ci̇lt-bakimmakyajparfüm-setleri̇","parent_tag_id":"13561","product_display_order":75,"value":"499 TL VE ALTI CİLT BAKIM&MAKYAJ&PARFÜM SETLERİ"},{"id":"13563","key":"yeni̇-yil-ci̇lt-bakimi","parent_tag_id":"13561","product_display_order":0,"value":"YENİ YIL CİLT BAKIMI"},{"id":"13568","key":"249-tl-ve-alti-ci̇lt-bakimmakyajparfüm-setleri̇","parent_tag_id":"13561","product_display_order":0,"value":"249 TL VE ALTI CİLT BAKIM&MAKYAJ&PARFÜM SETLERİ"},{"id":"13561","key":"yeni̇-yil-buti̇ği̇","parent_tag_id":null,"product_display_order":0,"value":"YENİ YIL BUTİĞİ"}]},"usage":[{"content":null,"label":"PRODUCT USAGE","type":"product_usage"},{"content":null,"label":"HOW DOES IT WORK","type":"how_does_it_work"},{"content":null,"label":"WHO IT IS FOR","type":"who_it_is_for"},{"content":null,"label":"GREAT TO KNOW","type":"great_to_know"},{"content":null,"label":"WHAT_IT_DOES","type":"what_it_does"},{"content":null,"label":"WHAT_IT_IS","type":"what_it_is"}],"objectID":"43959"},{"benefit":{"statement":null,"benefits":null},"brand":null,"collection":null,"coverage":null,"cross_sell":null,"default_category":{"id":"13561","key":"yeni̇-yil-buti̇ği̇"},"description":null,"display_mode":null,"display_name":"Jumbo DDMG","display_status":1,"finish":null,"form":null,"formula_type":null,"fragrance_family":null,"indexable_keywords":null,"is_hazmat":false,"is_product_coming_soon":null,"is_product_displayable":true,"is_product_searchable":true,"is_product_shoppable":false,"is_product_sold_out":null,"is_product_temporarily_out_of_stock":null,"is_search_suppressed":null,"key_ingredient":null,"media":{"large":null,"medium":null,"poster":null,"small":null,"videos":[{"position":null,"poster":{"height":null,"src":null,"width":null},"provider":null,"src":null},{"position":null,"poster":{"height":null,"src":null,"width":null},"provider":null,"src":null},{"position":null,"poster":{"height":null,"src":null,"width":null},"provider":null,"src":null}],"xl":null},"meta":{"description":null,"keywords":null},"parent_category":[{"id":"13561","value":"YENİ YIL BUTİĞİ"}],"product_badge":null,"product_id":"43960","product_title_tag":null,"product_type":"Sized","product_url":"/product/13561/43960/yeni-yil-butigi/jumbo-ddmg/holiday-2016","reviews":{"average_rating":null,"number_of_questions":null,"number_of_reviews":null},"shade_groups":null,"short_description":null,"skin":null,"skin_goal":null,"skus":{"total":1,"items":[{"color_family":null,"coverage_options":null,"cross_sell":null,"display_status":1,"finish":null,"finish_options":null,"fragrances":[{"family":null,"key":null,"value":null}],"iln_listing":null,"iln_version_number":null,"inventory_status":"Sold Out","is_active":null,"is_coming_soon":null,"is_default_sku":false,"is_discountable":false,"is_displayable":null,"is_engravable":null,"is_fragrance":null,"is_giftable":null,"is_giftwrap":false,"is_inactive":null,"is_multi_shaded":null,"is_out_of_stock":null,"is_preorder":false,"is_preorderable":null,"is_promotional":null,"is_replenishable":false,"is_search_suppressed":null,"is_searchable":true,"is_shaded":null,"is_sized":null,"is_sold_out":true,"is_under_weight_hazmat":false,"is_vto_enabled":null,"life_of_product":"Limited life","material_code":"ZT65Y60000","media":{"large":[{"alt":"Jumbo DDMG","height":1200,"position":0,"src":"/media/export/cms/products/1200x1500/cl_sku_ZT65Y6_1200x1500_0.png","type":"image","width":1500}],"medium":[{"alt":"Jumbo DDMG","height":600,"position":1,"src":"/media/export/cms/products/600x750/cl_sku_ZT65Y6_600x750_0.png","type":"image","width":750}],"model":null,"poster":null,"small":[{"alt":"Jumbo DDMG","height":1200,"position":2,"src":"/media/export/cms/products/1200x1500/cl_sku_ZT65Y6_1200x1500_0.png","type":"image","width":1500}],"smoosh":null,"xl":null},"out_of_stock_threshold":null,"perlgem":{"SKU_BASE_ID":74533},"preorder_date":null,"prices":[{"currency":"TRY","exclude_tax":{"original_price":38,"original_price_formatted":"38.00 TL","price":38,"price_formatted":"38.00 TL","price_per_unit":null,"price_per_unit_formatted":""},"include_tax":{"original_price":38,"original_price_formatted":"38.00 TL","price":38,"price_formatted":"38.00 TL","price_per_unit":null,"price_per_unit_formatted":""},"is_discounted":false}],"purchase_limit":null,"replenishment":{"message":null},"reviews":{"average_rating":null,"number_of_questions":null,"number_of_reviews":null},"set_components":null,"shade_groups":null,"shades":null,"sizes":[{"key":1,"value":"200ml"}],"skin":{"tone":null,"type":null,"type_description":null},"sku_badge":null,"sku_badge_image":null,"sku_display_order":0,"sku_id":"ZT65Y6","sku_promo_messaging":null,"sku_type":"SE","sku_url":null,"tags":{"total":10,"items":[{"id":"19288","key":"sale","value":"sale"},{"id":"1667","key":"ci̇lt-bakimi","value":"CİLT BAKIMI"},{"id":"13567","key":"499-tl-ve-alti-ci̇lt-bakimmakyajparfüm-setleri̇","value":"499 TL VE ALTI CİLT BAKIM&MAKYAJ&PARFÜM SETLERİ"},{"id":"13563","key":"yeni̇-yil-ci̇lt-bakimi","value":"YENİ YIL CİLT BAKIMI"},{"id":"13561","key":"yeni̇-yil-buti̇ği̇","value":"YENİ YIL BUTİĞİ"},{"id":"1590","key":"i̇ndi̇ri̇mli̇-ürünler","value":"İNDİRİMLİ ÜRÜNLER"},{"id":"1685","key":"hedi̇yeler-setler","value":"HEDİYELER & SETLER"},{"id":"1602","key":"hedi̇yeler-setler","value":"HEDİYELER & SETLER"},{"id":"13568","key":"249-tl-ve-alti-ci̇lt-bakimmakyajparfüm-setleri̇","value":"249 TL VE ALTI CİLT BAKIM&MAKYAJ&PARFÜM SETLERİ"},{"id":"16422","key":"gifts","value":"Gifts"}]},"texture":null,"undertone":null,"unit_of_measure":null,"unit_size":null,"unit_size_formatted":null,"upc":"020714828288","vto":{"is_color_experience":null,"is_foundation_experience":null}}]},"sub_display_name":null,"sub_header":null,"tags":{"total":10,"items":[{"id":"19288","key":"sale","parent_tag_id":"1590","product_display_order":0,"value":"sale"},{"id":"1667","key":"ci̇lt-bakimi","parent_tag_id":null,"product_display_order":175,"value":"CİLT BAKIMI"},{"id":"13567","key":"499-tl-ve-alti-ci̇lt-bakimmakyajparfüm-setleri̇","parent_tag_id":"13561","product_display_order":23,"value":"499 TL VE ALTI CİLT BAKIM&MAKYAJ&PARFÜM SETLERİ"},{"id":"13563","key":"yeni̇-yil-ci̇lt-bakimi","parent_tag_id":"13561","product_display_order":0,"value":"YENİ YIL CİLT BAKIMI"},{"id":"13561","key":"yeni̇-yil-buti̇ği̇","parent_tag_id":null,"product_display_order":0,"value":"YENİ YIL BUTİĞİ"},{"id":"1590","key":"i̇ndi̇ri̇mli̇-ürünler","parent_tag_id":null,"product_display_order":21,"value":"İNDİRİMLİ ÜRÜNLER"},{"id":"1685","key":"hedi̇yeler-setler","parent_tag_id":"1684","product_display_order":0,"value":"HEDİYELER & SETLER"},{"id":"1602","key":"hedi̇yeler-setler","parent_tag_id":"1600","product_display_order":0,"value":"HEDİYELER & SETLER"},{"id":"13568","key":"249-tl-ve-alti-ci̇lt-bakimmakyajparfüm-setleri̇","parent_tag_id":"13561","product_display_order":0,"value":"249 TL VE ALTI CİLT BAKIM&MAKYAJ&PARFÜM SETLERİ"},{"id":"16422","key":"gifts","parent_tag_id":"1585","product_display_order":0,"value":"Gifts"}]},"usage":[{"content":null,"label":"PRODUCT USAGE","type":"product_usage"},{"content":null,"label":"HOW DOES IT WORK","type":"how_does_it_work"},{"content":null,"label":"WHO IT IS FOR","type":"who_it_is_for"},{"content":null,"label":"GREAT TO KNOW","type":"great_to_know"},{"content":null,"label":"WHAT_IT_DOES","type":"what_it_does"},{"content":null,"label":"WHAT_IT_IS","type":"what_it_is"}],"objectID":"43960"},{"benefit":{"statement":null,"benefits":null},"brand":null,"collection":null,"coverage":null,"cross_sell":null,"default_category":{"id":"1687","key":"yüz-nemlendi̇ri̇ci̇"},"description":"<br><br><b>Nedir?</b><br>Yoğun nemlendirici susuz kalmış cildi anında nemlendirir ve canlandırır. <br><br><b>Ne işe yarar? </b><br>Anında cildi neme doyurur. Ekstra hafif jel yapılı formülü, cildin nemi 72 saat boyunca hapsetmesini sağlar.  Yenilikçi Liquid-Sphere Teknolojisi, suyu bağlama özelliğine sahip içerik maddelerini; formülünde yer alan antioksidanlarla bir araya getirerek cildin yaşlı görünmesine neden olan kuruluk ve çevresel etkenlerle başa çıkmaya yardım eder. Anında emilir; cildin yatıştırılmış, rahat ve ferah bir hisse kavuşmasına yardımcı olur.","display_mode":null,"display_name":"Clinique For Men Maximum Hydrator Activated Water - Nemlendirici Jel","display_status":7,"finish":null,"form":null,"formula_type":null,"fragrance_family":null,"indexable_keywords":null,"is_hazmat":false,"is_product_coming_soon":null,"is_product_displayable":true,"is_product_searchable":true,"is_product_shoppable":true,"is_product_sold_out":null,"is_product_temporarily_out_of_stock":null,"is_search_suppressed":null,"key_ingredient":null,"media":{"large":[{"alt":"Clinique For Men Maximum Hydrator Activated Water - Nemlendirici Jel","height":1200,"position":0,"src":"/media/export/cms/products/1200x1500/cl_prod_45042_1200x1500_0.png","type":"image","width":1500},{"alt":"Clinique For Men Maximum Hydrator Activated Water - Nemlendirici Jel","height":1200,"position":1,"src":"/media/export/cms/products/1200x1500/cl_prod_45042_1200x1500_1.png","type":"image","width":1500}],"medium":null,"poster":null,"small":[{"alt":"Clinique For Men Maximum Hydrator Activated Water - Nemlendirici Jel","height":1200,"position":2,"src":"/media/export/cms/products/1200x1500/cl_prod_45042_1200x1500_0.png","type":"image","width":1500},{"alt":"Clinique For Men Maximum Hydrator Activated Water - Nemlendirici Jel","height":1200,"position":3,"src":"/media/export/cms/products/1200x1500/cl_prod_45042_1200x1500_1.png","type":"image","width":1500}],"videos":[{"position":null,"poster":{"height":null,"src":null,"width":null},"provider":null,"src":null},{"position":null,"poster":{"height":null,"src":null,"width":null},"provider":null,"src":null},{"position":null,"poster":{"height":null,"src":null,"width":null},"provider":null,"src":null}],"xl":null},"meta":{"description":null,"keywords":null},"parent_category":[{"id":"1687","value":"YÜZ NEMLENDİRİCİ"},{"id":"1667","value":"CİLT BAKIMI"}],"product_badge":null,"product_id":"45042","product_title_tag":null,"product_type":"Other","product_url":"/product/1687/45042/cilt-bakimi/yuz-nemlendirici/clinique-for-men-maximum-hydrator-activated-water--nemlendirici-jel","reviews":{"average_rating":null,"number_of_questions":null,"number_of_reviews":null},"shade_groups":null,"short_description":"Süper etkili nemlendirici ferahlık hissi sağlamaya ve kurumuş cildi nemlendirmeye yardımcı olur.","skin":null,"skin_goal":null,"skus":{"total":1,"items":[{"color_family":null,"coverage_options":null,"cross_sell":null,"display_status":7,"finish":null,"finish_options":null,"fragrances":[{"family":null,"key":null,"value":null}],"iln_listing":null,"iln_version_number":null,"inventory_status":"Active","is_active":true,"is_coming_soon":null,"is_default_sku":true,"is_discountable":true,"is_displayable":null,"is_engravable":null,"is_fragrance":null,"is_giftable":null,"is_giftwrap":false,"is_inactive":null,"is_multi_shaded":null,"is_out_of_stock":null,"is_preorder":false,"is_preorderable":null,"is_promotional":null,"is_replenishable":false,"is_search_suppressed":null,"is_searchable":true,"is_shaded":null,"is_sized":null,"is_sold_out":null,"is_under_weight_hazmat":false,"is_vto_enabled":null,"life_of_product":"Basic Reorder","material_code":"K0CG010000","media":{"large":[{"alt":"Clinique For Men Maximum Hydrator Activated Water - Nemlendirici Jel","height":1200,"position":0,"src":"/media/export/cms/products/1200x1500/cl_sku_K0CG01_1200x1500_0.png","type":"image","width":1500}],"medium":[{"alt":"Clinique For Men Maximum Hydrator Activated Water - Nemlendirici Jel","height":600,"position":1,"src":"/media/export/cms/products/600x750/cl_sku_K0CG01_600x750_0.png","type":"image","width":750},{"alt":"Clinique For Men Maximum Hydrator Activated Water - Nemlendirici Jel","height":600,"position":2,"src":"/media/export/cms/products/600x750/cl_sku_K0CG01_600x750_1.png","type":"image","width":750}],"model":null,"poster":null,"small":[{"alt":"Clinique For Men Maximum Hydrator Activated Water - Nemlendirici Jel","height":1200,"position":3,"src":"/media/export/cms/products/1200x1500/cl_sku_K0CG01_1200x1500_0.png","type":"image","width":1500}],"smoosh":null,"xl":null},"out_of_stock_threshold":null,"perlgem":{"SKU_BASE_ID":75864},"preorder_date":null,"prices":[{"currency":"TRY","exclude_tax":{"original_price":295,"original_price_formatted":"295.00 TL","price":295,"price_formatted":"295.00 TL","price_per_unit":null,"price_per_unit_formatted":""},"include_tax":{"original_price":295,"original_price_formatted":"295.00 TL","price":295,"price_formatted":"295.00 TL","price_per_unit":null,"price_per_unit_formatted":""},"is_discounted":false}],"purchase_limit":null,"replenishment":{"message":null},"reviews":{"average_rating":null,"number_of_questions":null,"number_of_reviews":null},"set_components":null,"shade_groups":null,"shades":null,"sizes":[{"key":1,"value":null}],"skin":{"tone":null,"type":null,"type_description":null},"sku_badge":null,"sku_badge_image":null,"sku_display_order":0,"sku_id":"K0CG01","sku_promo_messaging":null,"sku_type":"SE","sku_url":null,"tags":{"total":17,"items":[{"id":"27168","key":"day1flashsale","value":"Day1FlashSale"},{"id":"1614","key":"nemlendirme","value":"Nemlendirme"},{"id":"27172","key":"day5flashsale","value":"Day5FlashSale"},{"id":"1618","key":"hedi̇yeler","value":"HEDİYELER"},{"id":"27174","key":"day7flashsale","value":"Day7FlashSale"},{"id":"1585","key":"hediye-merkezi","value":"Hediye Merkezi"},{"id":"12950","key":"çok-satan-erkek-bakim-tiraş-ürünleri̇","value":"ÇOK SATAN ERKEK BAKIM & TIRAŞ ÜRÜNLERİ"},{"id":"1626","key":"ci̇lt-bakimi","value":"CİLT BAKIMI"},{"id":"1687","key":"yüz-nemlendi̇ri̇ci̇","value":"YÜZ NEMLENDİRİCİ"},{"id":"25016","key":"top-sellers","value":"Top Sellers"},{"id":"4323","key":"yeni̇-ürünler","value":"YENİ ÜRÜNLER"},{"id":"1575","key":"en-çok-satanlar","value":"En Çok Satanlar"},{"id":"1625","key":"cilt-bakım","value":"Cilt Bakım"},{"id":"2644","key":"alışverişi-tamamla","value":"Alışverişi Tamamla"},{"id":"1609","key":"erkek-ci̇lt-bakimi-traş","value":"ERKEK CİLT BAKIMI & TRAŞ"},{"id":"1619","key":"hedi̇yeler-setler","value":"HEDİYELER & SETLER"},{"id":"13565","key":"yeni̇-yil-erkek-bakimi","value":"YENİ YIL ERKEK BAKIMI"}]},"texture":null,"undertone":null,"unit_of_measure":null,"unit_size":null,"unit_size_formatted":null,"upc":"020714860790","vto":{"is_color_experience":null,"is_foundation_experience":null}}]},"sub_display_name":null,"sub_header":null,"tags":{"total":17,"items":[{"id":"27168","key":"day1flashsale","parent_tag_id":"1590","product_display_order":0,"value":"Day1FlashSale"},{"id":"1614","key":"nemlendirme","parent_tag_id":"1610","product_display_order":0,"value":"Nemlendirme"},{"id":"27172","key":"day5flashsale","parent_tag_id":"1590","product_display_order":180,"value":"Day5FlashSale"},{"id":"1618","key":"hedi̇yeler","parent_tag_id":"1609","product_display_order":0,"value":"HEDİYELER"},{"id":"27174","key":"day7flashsale","parent_tag_id":"1590","product_display_order":0,"value":"Day7FlashSale"},{"id":"1585","key":"hediye-merkezi","parent_tag_id":null,"product_display_order":0,"value":"Hediye Merkezi"},{"id":"12950","key":"çok-satan-erkek-bakim-tiraş-ürünleri̇","parent_tag_id":"1609","product_display_order":0,"value":"ÇOK SATAN ERKEK BAKIM & TIRAŞ ÜRÜNLERİ"},{"id":"1626","key":"ci̇lt-bakimi","parent_tag_id":"1625","product_display_order":0,"value":"CİLT BAKIMI"},{"id":"1687","key":"yüz-nemlendi̇ri̇ci̇","parent_tag_id":"1667","product_display_order":60,"value":"YÜZ NEMLENDİRİCİ"},{"id":"25016","key":"top-sellers","parent_tag_id":"4323","product_display_order":0,"value":"Top Sellers"},{"id":"4323","key":"yeni̇-ürünler","parent_tag_id":null,"product_display_order":189,"value":"YENİ ÜRÜNLER"},{"id":"1575","key":"en-çok-satanlar","parent_tag_id":null,"product_display_order":166,"value":"En Çok Satanlar"},{"id":"1625","key":"cilt-bakım","parent_tag_id":"1609","product_display_order":0,"value":"Cilt Bakım"},{"id":"2644","key":"alışverişi-tamamla","parent_tag_id":null,"product_display_order":0,"value":"Alışverişi Tamamla"},{"id":"1609","key":"erkek-ci̇lt-bakimi-traş","parent_tag_id":null,"product_display_order":23,"value":"ERKEK CİLT BAKIMI & TRAŞ"},{"id":"1619","key":"hedi̇yeler-setler","parent_tag_id":"1618","product_display_order":0,"value":"HEDİYELER & SETLER"},{"id":"13565","key":"yeni̇-yil-erkek-bakimi","parent_tag_id":"13561","product_display_order":11,"value":"YENİ YIL ERKEK BAKIMI"}]},"usage":[{"content":"Sabah ve akşam temiz cilde uygulayın","label":"PRODUCT USAGE","type":"product_usage"},{"content":null,"label":"HOW DOES IT WORK","type":"how_does_it_work"},{"content":"Tüm Cilt Tipleri (1,2,3,4)","label":"WHO IT IS FOR","type":"who_it_is_for"},{"content":null,"label":"GREAT TO KNOW","type":"great_to_know"},{"content":"Yenilikçi Liquid-Sphere Teknolojisi, suyu bağlama özelliğine sahip içerik maddelerini formülünde yer alan antioksidanlarla bir araya getirerek cildin yaşlı görünmesine neden olan kuruluk ve çevresel etkenlerle başa çıkmaya yardım eder. Anında emilir; cildin yatıştırılmış, rahat ve ferah bir hisse kavuşmasına yardımcı olur.<br><br><b>Nasıl Kullanılır?</b><br>Temiz cilde sabah akşam uygulayın.","label":"WHAT_IT_DOES","type":"what_it_does"},{"content":"Su bazlı jel formülü aşırı hafiftir ancak cildin nem rezervlerinin 72 saat boyunca yoğun biçimde desteklenmesine katkı sağlar.","label":"WHAT_IT_IS","type":"what_it_is"}],"objectID":"45042"},{"benefit":{"statement":null,"benefits":null},"brand":null,"collection":[{"key":"moisture-surge-collection","value":"moisture_surge_collection"}],"coverage":null,"cross_sell":null,"default_category":{"id":"1683","key":"göz-dudak-bakimi"},"description":"Nedir? Süper etkili su bazlı jel nemlendirici kurumuş cildi  nemlendirmeye yardımcı olur. Cildin saatler boyunca nemlendirilmesini sağlar.  Ne Yapar? Cildin erken yaşlanmasına neden olabilecek kuruluk ve çevresel etkenlerle başa çıkmaya yardım eder. Temel İçerik Maddeleri / Teknoloji: Liquid-Sphere™ Teknolojisi suyu bağlama özelliğine sahip içerik maddelerini formülünde yer alan antioksidanlarla bir araya getirir. Hyalüronik Asit ve Aktive Edilmiş Aloe Suyu, cildin nem ile dolgun bir hisse kavuşmasına yardımcı olur. 1, 6 fl. oz. / 48 ml","display_mode":null,"display_name":"Moisture Surge Hydrating Supercharged Concentrate Nemlendirici","display_status":7,"finish":null,"form":[{"key":"gel-form","value":"gel_form"},{"key":"watery-form","value":"watery_form"}],"formula_type":null,"fragrance_family":null,"indexable_keywords":null,"is_hazmat":false,"is_product_coming_soon":null,"is_product_displayable":true,"is_product_searchable":true,"is_product_shoppable":true,"is_product_sold_out":null,"is_product_temporarily_out_of_stock":null,"is_search_suppressed":null,"key_ingredient":null,"media":{"large":[{"alt":"Moisture Surge Hydrating Supercharged Concentrate Nemlendirici","height":1200,"position":0,"src":"/media/export/cms/products/1200x1500/cl_prod_45043_1200x1500_0.png","type":"image","width":1500},{"alt":"Moisture Surge Hydrating Supercharged Concentrate Nemlendirici","height":1200,"position":1,"src":"/media/export/cms/products/1200x1500/cl_prod_45043_1200x1500_1.png","type":"image","width":1500}],"medium":null,"poster":null,"small":[{"alt":"Moisture Surge Hydrating Supercharged Concentrate Nemlendirici","height":1200,"position":2,"src":"/media/export/cms/products/1200x1500/cl_prod_45043_1200x1500_0.png","type":"image","width":1500},{"alt":"Moisture Surge Hydrating Supercharged Concentrate Nemlendirici","height":1200,"position":3,"src":"/media/export/cms/products/1200x1500/cl_prod_45043_1200x1500_1.png","type":"image","width":1500}],"videos":[{"position":null,"poster":{"height":null,"src":null,"width":null},"provider":null,"src":null},{"position":null,"poster":{"height":null,"src":null,"width":null},"provider":null,"src":null},{"position":null,"poster":{"height":null,"src":null,"width":null},"provider":null,"src":null}],"xl":null},"meta":{"description":null,"keywords":null},"parent_category":[{"id":"1683","value":"GÖZ & DUDAK BAKIMI"},{"id":"1667","value":"CİLT BAKIMI"}],"product_badge":null,"product_id":"45043","product_title_tag":null,"product_type":"Other","product_url":"/product/1683/45043/cilt-bakimi/goz-dudak-bakimi/moisture-surge-hydrating-supercharged-concentrate-nemlendirici","reviews":{"average_rating":2.4,"number_of_questions":null,"number_of_reviews":5},"shade_groups":null,"short_description":"Süper etkili su bazlı jel nemlendirici kurumuş cildi nemlendirmeye yardımcı olur. Cildin saatler boyunca nemlendirilmesini sağlar.","skin":{"concern":[{"key":"dry-concern","value":"dry_concern"}]},"skin_goal":null,"skus":{"total":1,"items":[{"color_family":null,"coverage_options":null,"cross_sell":null,"display_status":7,"finish":null,"finish_options":null,"fragrances":[{"family":null,"key":null,"value":null}],"iln_listing":null,"iln_version_number":null,"inventory_status":"Active","is_active":true,"is_coming_soon":null,"is_default_sku":true,"is_discountable":true,"is_displayable":null,"is_engravable":null,"is_fragrance":null,"is_giftable":null,"is_giftwrap":false,"is_inactive":null,"is_multi_shaded":null,"is_out_of_stock":null,"is_preorder":false,"is_preorderable":null,"is_promotional":null,"is_replenishable":false,"is_search_suppressed":null,"is_searchable":true,"is_shaded":null,"is_sized":null,"is_sold_out":null,"is_under_weight_hazmat":false,"is_vto_enabled":null,"life_of_product":"Basic Reorder","material_code":"ZY0R010000","media":{"large":[{"alt":"Moisture Surge Hydrating Supercharged Concentrate Nemlendirici","height":1200,"position":0,"src":"/media/export/cms/products/1200x1500/cl_sku_ZY0R01_1200x1500_0.png","type":"image","width":1500}],"medium":[{"alt":"Moisture Surge Hydrating Supercharged Concentrate Nemlendirici","height":600,"position":1,"src":"/media/export/cms/products/600x750/cl_sku_ZY0R01_600x750_0.png","type":"image","width":750},{"alt":"Moisture Surge Hydrating Supercharged Concentrate Nemlendirici","height":600,"position":2,"src":"/media/export/cms/products/600x750/cl_sku_ZY0R01_600x750_1.png","type":"image","width":750}],"model":null,"poster":null,"small":[{"alt":"Moisture Surge Hydrating Supercharged Concentrate Nemlendirici","height":1200,"position":3,"src":"/media/export/cms/products/1200x1500/cl_sku_ZY0R01_1200x1500_0.png","type":"image","width":1500}],"smoosh":null,"xl":null},"out_of_stock_threshold":null,"perlgem":{"SKU_BASE_ID":75865},"preorder_date":null,"prices":[{"currency":"TRY","exclude_tax":{"original_price":319,"original_price_formatted":"319.00 TL","price":319,"price_formatted":"319.00 TL","price_per_unit":null,"price_per_unit_formatted":""},"include_tax":{"original_price":319,"original_price_formatted":"319.00 TL","price":319,"price_formatted":"319.00 TL","price_per_unit":null,"price_per_unit_formatted":""},"is_discounted":false}],"purchase_limit":null,"replenishment":{"message":null},"reviews":{"average_rating":null,"number_of_questions":null,"number_of_reviews":null},"set_components":null,"shade_groups":null,"shades":null,"sizes":[{"key":1,"value":null}],"skin":{"tone":null,"type":[{"key":"very-dry-skintype","value":"very_dry_skintype"},{"key":"dry-skintype","value":"dry_skintype"},{"key":"combination-skintype","value":"combination_skintype"},{"key":"oily-skintype","value":"oily_skintype"}],"type_description":null},"sku_badge":null,"sku_badge_image":null,"sku_display_order":1,"sku_id":"ZY0R01","sku_promo_messaging":null,"sku_type":"SE","sku_url":null,"tags":{"total":19,"items":[{"id":"27168","key":"day1flashsale","value":"Day1FlashSale"},{"id":"8388","key":"nem","value":"nem"},{"id":"16422","key":"gifts","value":"Gifts"},{"id":"17859","key":"çok-satanlar","value":"ÇOK SATANLAR"},{"id":"1667","key":"ci̇lt-bakimi","value":"CİLT BAKIMI"},{"id":"1585","key":"hediye-merkezi","value":"Hediye Merkezi"},{"id":"13563","key":"yeni̇-yil-ci̇lt-bakimi","value":"YENİ YIL CİLT BAKIMI"},{"id":"27172","key":"day5flashsale","value":"Day5FlashSale"},{"id":"8194","key":"en-çok-satan-10","value":"En Çok Satan 10 "},{"id":"4034","key":"yüz-serumlari","value":"YÜZ SERUMLARI"},{"id":"1687","key":"yüz-nemlendi̇ri̇ci̇","value":"YÜZ NEMLENDİRİCİ"},{"id":"1628","key":"-evde-bakim","value":"# EVDE BAKIM"},{"id":"27174","key":"day7flashsale","value":"Day7FlashSale"},{"id":"13770","key":"recommended-clinique-favourites","value":"Recommended Clinique Favourites"},{"id":"1575","key":"en-çok-satanlar","value":"En Çok Satanlar"},{"id":"4323","key":"yeni̇-ürünler","value":"YENİ ÜRÜNLER"},{"id":"9426","key":"top-rated-skin-care","value":"top rated skin care"},{"id":"1683","key":"göz-dudak-bakimi","value":"GÖZ & DUDAK BAKIMI"},{"id":"9420","key":"hotlists","value":"hotlists"}]},"texture":null,"undertone":null,"unit_of_measure":null,"unit_size":null,"unit_size_formatted":null,"upc":"020714851125","vto":{"is_color_experience":null,"is_foundation_experience":null}}]},"sub_display_name":null,"sub_header":null,"tags":{"total":19,"items":[{"id":"27168","key":"day1flashsale","parent_tag_id":"1590","product_display_order":0,"value":"Day1FlashSale"},{"id":"8388","key":"nem","parent_tag_id":"1667","product_display_order":0,"value":"nem"},{"id":"16422","key":"gifts","parent_tag_id":"1585","product_display_order":7,"value":"Gifts"},{"id":"17859","key":"çok-satanlar","parent_tag_id":null,"product_display_order":11,"value":"ÇOK SATANLAR"},{"id":"1667","key":"ci̇lt-bakimi","parent_tag_id":null,"product_display_order":20,"value":"CİLT BAKIMI"},{"id":"1585","key":"hediye-merkezi","parent_tag_id":null,"product_display_order":0,"value":"Hediye Merkezi"},{"id":"13563","key":"yeni̇-yil-ci̇lt-bakimi","parent_tag_id":"13561","product_display_order":24,"value":"YENİ YIL CİLT BAKIMI"},{"id":"27172","key":"day5flashsale","parent_tag_id":"1590","product_display_order":3,"value":"Day5FlashSale"},{"id":"8194","key":"en-çok-satan-10","parent_tag_id":null,"product_display_order":0,"value":"En Çok Satan 10 "},{"id":"4034","key":"yüz-serumlari","parent_tag_id":"1667","product_display_order":0,"value":"YÜZ SERUMLARI"},{"id":"1687","key":"yüz-nemlendi̇ri̇ci̇","parent_tag_id":"1667","product_display_order":72,"value":"YÜZ NEMLENDİRİCİ"},{"id":"1628","key":"-evde-bakim","parent_tag_id":null,"product_display_order":29,"value":"# EVDE BAKIM"},{"id":"27174","key":"day7flashsale","parent_tag_id":"1590","product_display_order":0,"value":"Day7FlashSale"},{"id":"13770","key":"recommended-clinique-favourites","parent_tag_id":null,"product_display_order":11,"value":"Recommended Clinique Favourites"},{"id":"1575","key":"en-çok-satanlar","parent_tag_id":null,"product_display_order":140,"value":"En Çok Satanlar"},{"id":"4323","key":"yeni̇-ürünler","parent_tag_id":null,"product_display_order":215,"value":"YENİ ÜRÜNLER"},{"id":"9426","key":"top-rated-skin-care","parent_tag_id":"9420","product_display_order":0,"value":"top rated skin care"},{"id":"1683","key":"göz-dudak-bakimi","parent_tag_id":"1667","product_display_order":1,"value":"GÖZ & DUDAK BAKIMI"},{"id":"9420","key":"hotlists","parent_tag_id":null,"product_display_order":0,"value":"hotlists"}]},"usage":[{"content":null,"label":"PRODUCT USAGE","type":"product_usage"},{"content":null,"label":"HOW DOES IT WORK","type":"how_does_it_work"},{"content":"Tüm Cilt Tipleri (1,2,3,4)","label":"WHO IT IS FOR","type":"who_it_is_for"},{"content":null,"label":"GREAT TO KNOW","type":"great_to_know"},{"content":"Nedir? Süper etkili su bazlı jel nemlendirici kurumuş cildi nemlendirmeye yardımcı olur. Cildin saatler boyunca nemlendirilmesini sağlar. Ne Yapar? Cildin erken yaşlanmasına neden olabilecek kuruluk ve çevresel etkenlerle başa çıkmaya yardım eder.<br><br><b> Temel İçerik Maddeleri</b><br> Teknoloji: Liquid-Sphere™ Teknolojisi suyu bağlama özelliğine sahip içerik maddelerini formülünde yer alan antioksidanlarla bir araya getirir. Hyalüronik Asit ve Aktive Edilmiş Aloe Suyu, cildin nem ile dolgun bir hisse kavuşmasına yardımcı olur.<br><br><b>Nasıl Kullanılır?</b><br>Sabah ve akşam temiz cilte uygulayın.","label":"WHAT_IT_DOES","type":"what_it_does"},{"content":"Süper etkili su bazlı jel nemlendirici kurumuş cildi nemlendirmeye yardımcı olur. Cildin saatler boyunca nemlendirilmesini sağlar. Cildi 72 saat boyunca nemli tutar.","label":"WHAT_IT_IS","type":"what_it_is"}],"objectID":"45043"},{"benefit":{"statement":null,"benefits":null},"brand":null,"collection":null,"coverage":null,"cross_sell":null,"default_category":{"id":"1602","key":"hedi̇yeler-setler"},"description":null,"display_mode":null,"display_name":"Clean Skin, Great Skin Skin Type I/II Set","display_status":1,"finish":null,"form":null,"formula_type":null,"fragrance_family":null,"indexable_keywords":null,"is_hazmat":false,"is_product_coming_soon":null,"is_product_displayable":true,"is_product_searchable":true,"is_product_shoppable":false,"is_product_sold_out":null,"is_product_temporarily_out_of_stock":null,"is_search_suppressed":null,"key_ingredient":null,"media":{"large":null,"medium":null,"poster":null,"small":null,"videos":[{"position":null,"poster":{"height":null,"src":null,"width":null},"provider":null,"src":null},{"position":null,"poster":{"height":null,"src":null,"width":null},"provider":null,"src":null},{"position":null,"poster":{"height":null,"src":null,"width":null},"provider":null,"src":null}],"xl":null},"meta":{"description":null,"keywords":null},"parent_category":[{"id":"1602","value":"HEDİYELER & SETLER"},{"id":"1600","value":"HEDİYELER"},{"id":"1592","value":"MAKYAJ"}],"product_badge":null,"product_id":"45791","product_title_tag":null,"product_type":"Other","product_url":"/product/1602/45791/makyaj/hediyeler/hediyeler-setler/clean-skin-great-skin-skin-type-iii-set","reviews":{"average_rating":null,"number_of_questions":null,"number_of_reviews":null},"shade_groups":null,"short_description":null,"skin":null,"skin_goal":null,"skus":{"total":1,"items":[{"color_family":null,"coverage_options":null,"cross_sell":null,"display_status":1,"finish":null,"finish_options":null,"fragrances":[{"family":null,"key":null,"value":null}],"iln_listing":null,"iln_version_number":null,"inventory_status":"Sold Out","is_active":null,"is_coming_soon":null,"is_default_sku":false,"is_discountable":false,"is_displayable":null,"is_engravable":null,"is_fragrance":null,"is_giftable":null,"is_giftwrap":false,"is_inactive":null,"is_multi_shaded":null,"is_out_of_stock":null,"is_preorder":false,"is_preorderable":null,"is_promotional":null,"is_replenishable":false,"is_search_suppressed":null,"is_searchable":true,"is_shaded":null,"is_sized":null,"is_sold_out":true,"is_under_weight_hazmat":false,"is_vto_enabled":null,"life_of_product":"Limited life","material_code":"K0HT010000","media":{"large":[{"alt":"Clean Skin, Great Skin Skin Type I/II Set","height":1200,"position":0,"src":"/media/export/cms/products/1200x1500/cl_sku_K0HT01_1200x1500_0.png","type":"image","width":1500}],"medium":[{"alt":"Clean Skin, Great Skin Skin Type I/II Set","height":600,"position":1,"src":"/media/export/cms/products/600x750/cl_sku_K0HT01_600x750_0.png","type":"image","width":750}],"model":null,"poster":null,"small":[{"alt":"Clean Skin, Great Skin Skin Type I/II Set","height":1200,"position":2,"src":"/media/export/cms/products/1200x1500/cl_sku_K0HT01_1200x1500_0.png","type":"image","width":1500}],"smoosh":null,"xl":null},"out_of_stock_threshold":null,"perlgem":{"SKU_BASE_ID":76826},"preorder_date":null,"prices":[{"currency":"TRY","exclude_tax":{"original_price":89.5,"original_price_formatted":"89.50 TL","price":89.5,"price_formatted":"89.50 TL","price_per_unit":null,"price_per_unit_formatted":""},"include_tax":{"original_price":89.5,"original_price_formatted":"89.50 TL","price":89.5,"price_formatted":"89.50 TL","price_per_unit":null,"price_per_unit_formatted":""},"is_discounted":false}],"purchase_limit":null,"replenishment":{"message":null},"reviews":{"average_rating":null,"number_of_questions":null,"number_of_reviews":null},"set_components":null,"shade_groups":null,"shades":null,"sizes":[{"key":1,"value":null}],"skin":{"tone":null,"type":null,"type_description":null},"sku_badge":null,"sku_badge_image":null,"sku_display_order":0,"sku_id":"K0HT01","sku_promo_messaging":null,"sku_type":"SE","sku_url":null,"tags":{"total":7,"items":[{"id":"1685","key":"hedi̇yeler-setler","value":"HEDİYELER & SETLER"},{"id":"16422","key":"gifts","value":"Gifts"},{"id":"4323","key":"yeni̇-ürünler","value":"YENİ ÜRÜNLER"},{"id":"1602","key":"hedi̇yeler-setler","value":"HEDİYELER & SETLER"},{"id":"8194","key":"en-çok-satan-10","value":"En Çok Satan 10 "},{"id":"14715","key":"mothers-day-gift-sets","value":"Mother's Day Gift Sets"},{"id":"19288","key":"sale","value":"sale"}]},"texture":null,"undertone":null,"unit_of_measure":null,"unit_size":null,"unit_size_formatted":null,"upc":"020714862015","vto":{"is_color_experience":null,"is_foundation_experience":null}}]},"sub_display_name":null,"sub_header":null,"tags":{"total":7,"items":[{"id":"1685","key":"hedi̇yeler-setler","parent_tag_id":"1684","product_display_order":0,"value":"HEDİYELER & SETLER"},{"id":"16422","key":"gifts","parent_tag_id":"1585","product_display_order":0,"value":"Gifts"},{"id":"4323","key":"yeni̇-ürünler","parent_tag_id":null,"product_display_order":207,"value":"YENİ ÜRÜNLER"},{"id":"1602","key":"hedi̇yeler-setler","parent_tag_id":"1600","product_display_order":0,"value":"HEDİYELER & SETLER"},{"id":"8194","key":"en-çok-satan-10","parent_tag_id":null,"product_display_order":0,"value":"En Çok Satan 10 "},{"id":"14715","key":"mothers-day-gift-sets","parent_tag_id":"4323","product_display_order":0,"value":"Mother's Day Gift Sets"},{"id":"19288","key":"sale","parent_tag_id":"1590","product_display_order":0,"value":"sale"}]},"usage":[{"content":null,"label":"PRODUCT USAGE","type":"product_usage"},{"content":null,"label":"HOW DOES IT WORK","type":"how_does_it_work"},{"content":null,"label":"WHO IT IS FOR","type":"who_it_is_for"},{"content":null,"label":"GREAT TO KNOW","type":"great_to_know"},{"content":null,"label":"WHAT_IT_DOES","type":"what_it_does"},{"content":null,"label":"WHAT_IT_IS","type":"what_it_is"}],"objectID":"45791"},{"benefit":{"statement":null,"benefits":null},"brand":null,"collection":null,"coverage":null,"cross_sell":[{"sku_id":"71JL01","sort_key":1},{"sku_id":"6F3701","sort_key":2},{"sku_id":"6LKH01","sort_key":3},{"sku_id":null,"sort_key":4},{"sku_id":"68LE01","sort_key":5},{"sku_id":"76WY01","sort_key":6}],"default_category":{"id":"1683","key":"göz-dudak-bakimi"},"description":"<P>Hafif formüllü göz bakım kremi, gözaltı morluk ve şişlik görünümlerini ortadan kaldırmaya ve daha aydınlık&nbsp; bir görünüm sağlamaya katkıda bulunur.</P><P>Göz makyajının kalıcılığını arttırarak, ince çizgi görünümü kazanmayı destekler. Oftalmoloji testinden geçmiştir.</P><P>&nbsp;Üzüm ve dut kökü ekstresi gibi bitkiler kafeinle beraber, şişkinliği azaltmaya yardımcı olur ve göz çevresindeki elastikiyeti artırmayı destekler.<BR>- Cildin yapısını güçlendirmeye yardımcı bitkisel içeriği vardır..</P>","display_mode":null,"display_name":"All About Eyes Göz Çevresi Bakım Kremi","display_status":7,"finish":null,"form":null,"formula_type":null,"fragrance_family":null,"indexable_keywords":[{"value":"koyu halkalar"},{"value":" gözaltı torbaları"},{"value":" ferah"},{"value":" krem"},{"value":" günlük göz çevresi bakımı"},{"value":" yaşlanma karşıtı"}],"is_hazmat":true,"is_product_coming_soon":null,"is_product_displayable":true,"is_product_searchable":true,"is_product_shoppable":true,"is_product_sold_out":null,"is_product_temporarily_out_of_stock":null,"is_search_suppressed":null,"key_ingredient":null,"media":{"large":[{"alt":"All About Eyes Göz Çevresi Bakım Kremi","height":1200,"position":0,"src":"/media/export/cms/products/1200x1500/cl_prod_4769_1200x1500_0.png","type":"image","width":1500},{"alt":"All About Eyes Göz Çevresi Bakım Kremi","height":1200,"position":1,"src":"/media/export/cms/products/1200x1500/cl_prod_4769_1200x1500_1.png","type":"image","width":1500}],"medium":null,"poster":null,"small":[{"alt":"All About Eyes Göz Çevresi Bakım Kremi","height":1200,"position":2,"src":"/media/export/cms/products/1200x1500/cl_prod_4769_1200x1500_0.png","type":"image","width":1500},{"alt":"All About Eyes Göz Çevresi Bakım Kremi","height":1200,"position":3,"src":"/media/export/cms/products/1200x1500/cl_prod_4769_1200x1500_1.png","type":"image","width":1500}],"videos":[{"position":null,"poster":{"height":null,"src":null,"width":null},"provider":null,"src":null},{"position":null,"poster":{"height":null,"src":null,"width":null},"provider":null,"src":null},{"position":null,"poster":{"height":null,"src":null,"width":null},"provider":null,"src":null}],"xl":null},"meta":{"description":null,"keywords":"eye cream, eye, Dark circles, undereye, refresh, cream, daily eye benefits"},"parent_category":[{"id":"1683","value":"GÖZ & DUDAK BAKIMI"},{"id":"1667","value":"CİLT BAKIMI"}],"product_badge":null,"product_id":"4769","product_title_tag":null,"product_type":"Sized","product_url":"/product/1683/4769/cilt-bakimi/goz-dudak-bakimi/all-about-eyes-goz-cevresi-bakm-kremi","reviews":{"average_rating":3.6,"number_of_questions":null,"number_of_reviews":14},"shade_groups":null,"short_description":"Hafif formüllü göz bakım kremi, gözaltı morluk ve şişlik görünümlerini ortadan kaldırmaya ve daha aydınlık bir görünüm sağlamaya katkıda bulunur.","skin":{"concern":[{"key":"puffiness-concern","value":"puffiness_concern"}]},"skin_goal":null,"skus":{"total":2,"items":[{"color_family":null,"coverage_options":null,"cross_sell":null,"display_status":7,"finish":null,"finish_options":null,"fragrances":[{"family":null,"key":null,"value":null}],"iln_listing":null,"iln_version_number":null,"inventory_status":"Active","is_active":true,"is_coming_soon":null,"is_default_sku":true,"is_discountable":true,"is_displayable":null,"is_engravable":null,"is_fragrance":null,"is_giftable":null,"is_giftwrap":false,"is_inactive":null,"is_multi_shaded":null,"is_out_of_stock":null,"is_preorder":false,"is_preorderable":null,"is_promotional":null,"is_replenishable":false,"is_search_suppressed":null,"is_searchable":true,"is_shaded":null,"is_sized":null,"is_sold_out":null,"is_under_weight_hazmat":null,"is_vto_enabled":null,"life_of_product":"Basic Reorder","material_code":"61EP010001","media":{"large":[{"alt":"All About Eyes Göz Çevresi Bakım Kremi","height":1200,"position":0,"src":"/media/export/cms/products/1200x1500/cl_sku_61EP01_1200x1500_0.png","type":"image","width":1500}],"medium":[{"alt":"All About Eyes Göz Çevresi Bakım Kremi","height":600,"position":1,"src":"/media/export/cms/products/600x750/cl_sku_61EP01_600x750_0.png","type":"image","width":750},{"alt":"All About Eyes Göz Çevresi Bakım Kremi","height":600,"position":2,"src":"/media/export/cms/products/600x750/cl_sku_61EP01_600x750_1.png","type":"image","width":750}],"model":null,"poster":null,"small":[{"alt":"All About Eyes Göz Çevresi Bakım Kremi","height":1200,"position":3,"src":"/media/export/cms/products/1200x1500/cl_sku_61EP01_1200x1500_0.png","type":"image","width":1500}],"smoosh":null,"xl":null},"out_of_stock_threshold":null,"perlgem":{"SKU_BASE_ID":11627},"preorder_date":null,"prices":[{"currency":"TRY","exclude_tax":{"original_price":299,"original_price_formatted":"299.00 TL","price":299,"price_formatted":"299.00 TL","price_per_unit":null,"price_per_unit_formatted":""},"include_tax":{"original_price":299,"original_price_formatted":"299.00 TL","price":299,"price_formatted":"299.00 TL","price_per_unit":null,"price_per_unit_formatted":""},"is_discounted":false}],"purchase_limit":null,"replenishment":{"message":"Recommended Auto-Ship cycle: 6 weeks  Learn more >"},"reviews":{"average_rating":null,"number_of_questions":null,"number_of_reviews":null},"set_components":null,"shade_groups":null,"shades":null,"sizes":[{"key":1,"value":"15 ml"}],"skin":{"tone":null,"type":null,"type_description":null},"sku_badge":null,"sku_badge_image":null,"sku_display_order":0,"sku_id":"61EP01","sku_promo_messaging":null,"sku_type":"SE","sku_url":null,"tags":{"total":20,"items":[{"id":"13770","key":"recommended-clinique-favourites","value":"Recommended Clinique Favourites"},{"id":"2752","key":"çok-satan-ci̇lt-bakim-ürünleri̇","value":"ÇOK SATAN CİLT BAKIM ÜRÜNLERİ"},{"id":"1683","key":"göz-dudak-bakimi","value":"GÖZ & DUDAK BAKIMI"},{"id":"27172","key":"day5flashsale","value":"Day5FlashSale"},{"id":"9428","key":"top10","value":"top10"},{"id":"10589","key":"offers-lp","value":"Offers LP"},{"id":"9426","key":"top-rated-skin-care","value":"top rated skin care"},{"id":"13563","key":"yeni̇-yil-ci̇lt-bakimi","value":"YENİ YIL CİLT BAKIMI"},{"id":"25016","key":"top-sellers","value":"Top Sellers"},{"id":"8194","key":"en-çok-satan-10","value":"En Çok Satan 10 "},{"id":"1667","key":"ci̇lt-bakimi","value":"CİLT BAKIMI"},{"id":"12517","key":"yağsiz-ci̇lt-bakim-ürünleri̇","value":"YAĞSIZ CİLT BAKIM ÜRÜNLERİ"},{"id":"13051","key":"skin-care-best-sellers","value":"Skin Care Best Sellers"},{"id":"17859","key":"çok-satanlar","value":"ÇOK SATANLAR"},{"id":"27169","key":"day2flashsale","value":"Day2FlashSale"},{"id":"27174","key":"day7flashsale","value":"Day7FlashSale"},{"id":"1687","key":"yüz-nemlendi̇ri̇ci̇","value":"YÜZ NEMLENDİRİCİ"},{"id":"1575","key":"en-çok-satanlar","value":"En Çok Satanlar"},{"id":"1685","key":"hedi̇yeler-setler","value":"HEDİYELER & SETLER"},{"id":"1628","key":"-evde-bakim","value":"# EVDE BAKIM"}]},"texture":null,"undertone":null,"unit_of_measure":null,"unit_size":null,"unit_size_formatted":null,"upc":"020714157760","vto":{"is_color_experience":null,"is_foundation_experience":null}},{"color_family":null,"coverage_options":null,"cross_sell":null,"display_status":7,"finish":null,"finish_options":null,"fragrances":[{"family":null,"key":null,"value":null}],"iln_listing":null,"iln_version_number":null,"inventory_status":"Sold Out","is_active":null,"is_coming_soon":null,"is_default_sku":false,"is_discountable":true,"is_displayable":null,"is_engravable":null,"is_fragrance":null,"is_giftable":null,"is_giftwrap":false,"is_inactive":null,"is_multi_shaded":null,"is_out_of_stock":null,"is_preorder":false,"is_preorderable":null,"is_promotional":null,"is_replenishable":false,"is_search_suppressed":null,"is_searchable":true,"is_shaded":null,"is_sized":null,"is_sold_out":true,"is_under_weight_hazmat":null,"is_vto_enabled":null,"life_of_product":"Discontinued","material_code":"6A02010001","media":{"large":[{"alt":"All About Eyes Göz Çevresi Bakım Kremi","height":1200,"position":0,"src":"/media/export/cms/products/1200x1500/cl_sku_6A0201_1200x1500_0.png","type":"image","width":1500}],"medium":[{"alt":"All About Eyes Göz Çevresi Bakım Kremi","height":600,"position":1,"src":"/media/export/cms/products/600x750/cl_sku_6A0201_600x750_0.png","type":"image","width":750}],"model":null,"poster":null,"small":[{"alt":"All About Eyes Göz Çevresi Bakım Kremi","height":1200,"position":2,"src":"/media/export/cms/products/1200x1500/cl_sku_6A0201_1200x1500_0.png","type":"image","width":1500}],"smoosh":null,"xl":null},"out_of_stock_threshold":null,"perlgem":{"SKU_BASE_ID":12763},"preorder_date":null,"prices":[{"currency":"TRY","exclude_tax":{"original_price":410,"original_price_formatted":"410.00 TL","price":410,"price_formatted":"410.00 TL","price_per_unit":null,"price_per_unit_formatted":""},"include_tax":{"original_price":410,"original_price_formatted":"410.00 TL","price":410,"price_formatted":"410.00 TL","price_per_unit":null,"price_per_unit_formatted":""},"is_discounted":false}],"purchase_limit":null,"replenishment":{"message":null},"reviews":{"average_rating":null,"number_of_questions":null,"number_of_reviews":null},"set_components":null,"shade_groups":null,"shades":null,"sizes":[{"key":1,"value":"30 ml"}],"skin":{"tone":null,"type":null,"type_description":null},"sku_badge":null,"sku_badge_image":null,"sku_display_order":1,"sku_id":"6A0201","sku_promo_messaging":null,"sku_type":"SE","sku_url":null,"tags":{"total":1,"items":[{"id":"1683","key":"göz-dudak-bakimi","value":"GÖZ & DUDAK BAKIMI"}]},"texture":null,"undertone":null,"unit_of_measure":null,"unit_size":null,"unit_size_formatted":null,"upc":"020714202835","vto":{"is_color_experience":null,"is_foundation_experience":null}}]},"sub_display_name":null,"sub_header":null,"tags":{"total":20,"items":[{"id":"13770","key":"recommended-clinique-favourites","parent_tag_id":null,"product_display_order":28,"value":"Recommended Clinique Favourites"},{"id":"2752","key":"çok-satan-ci̇lt-bakim-ürünleri̇","parent_tag_id":"1667","product_display_order":0,"value":"ÇOK SATAN CİLT BAKIM ÜRÜNLERİ"},{"id":"1683","key":"göz-dudak-bakimi","parent_tag_id":"1667","product_display_order":0,"value":"GÖZ & DUDAK BAKIMI"},{"id":"27172","key":"day5flashsale","parent_tag_id":"1590","product_display_order":98,"value":"Day5FlashSale"},{"id":"9428","key":"top10","parent_tag_id":"9420","product_display_order":1,"value":"top10"},{"id":"10589","key":"offers-lp","parent_tag_id":null,"product_display_order":1,"value":"Offers LP"},{"id":"9426","key":"top-rated-skin-care","parent_tag_id":"9420","product_display_order":1,"value":"top rated skin care"},{"id":"13563","key":"yeni̇-yil-ci̇lt-bakimi","parent_tag_id":"13561","product_display_order":62,"value":"YENİ YIL CİLT BAKIMI"},{"id":"25016","key":"top-sellers","parent_tag_id":"4323","product_display_order":0,"value":"Top Sellers"},{"id":"8194","key":"en-çok-satan-10","parent_tag_id":null,"product_display_order":1,"value":"En Çok Satan 10 "},{"id":"1667","key":"ci̇lt-bakimi","parent_tag_id":null,"product_display_order":206,"value":"CİLT BAKIMI"},{"id":"12517","key":"yağsiz-ci̇lt-bakim-ürünleri̇","parent_tag_id":"1667","product_display_order":28,"value":"YAĞSIZ CİLT BAKIM ÜRÜNLERİ"},{"id":"13051","key":"skin-care-best-sellers","parent_tag_id":"1667","product_display_order":16,"value":"Skin Care Best Sellers"},{"id":"17859","key":"çok-satanlar","parent_tag_id":null,"product_display_order":14,"value":"ÇOK SATANLAR"},{"id":"27169","key":"day2flashsale","parent_tag_id":"1590","product_display_order":0,"value":"Day2FlashSale"},{"id":"27174","key":"day7flashsale","parent_tag_id":"1590","product_display_order":0,"value":"Day7FlashSale"},{"id":"1687","key":"yüz-nemlendi̇ri̇ci̇","parent_tag_id":"1667","product_display_order":156,"value":"YÜZ NEMLENDİRİCİ"},{"id":"1575","key":"en-çok-satanlar","parent_tag_id":null,"product_display_order":128,"value":"En Çok Satanlar"},{"id":"1685","key":"hedi̇yeler-setler","parent_tag_id":"1684","product_display_order":19,"value":"HEDİYELER & SETLER"},{"id":"1628","key":"-evde-bakim","parent_tag_id":null,"product_display_order":425,"value":"# EVDE BAKIM"}]},"usage":[{"content":"<ul><li>Sabah ve akşam olmak üzere günde 2 kere uygulayın.</li><li>Cildinizi gözle görülür bir sonuca hazırlamak için<a href=\"/3-step-collection\">3 Adımlı Cilt Bakım Sistemi ritüelini uygulayın.</a>.</li><li>Yüzük parmağınız ile göz çevrenizin tamamına nazik hareketlerle düzenli olarak uygulayın.</li></ul>","label":"PRODUCT USAGE","type":"product_usage"},{"content":null,"label":"HOW DOES IT WORK","type":"how_does_it_work"},{"content":"Tüm Cilt Tipleri (1,2,3,4)","label":"WHO IT IS FOR","type":"who_it_is_for"},{"content":null,"label":"GREAT TO KNOW","type":"great_to_know"},{"content":"Hafif formüllü göz bakım kremi, gözaltı morluk ve şişlik görünümlerini ortadan kaldırmaya ve daha aydınlık bir görünüm sağlamaya katkıda bulunur.Göz makyajının kalıcılığını arttırarak, ince çizgi görünümü kazanmayı destekler. Oftalmoloji testinden geçmiştir. Üzüm ve dut kökü ekstresi gibi bitkiler kafeinle beraber, şişkinliği azaltmaya yardımcı olur ve göz çevresindeki elastikiyeti artırmayı destekler.<br><br><b>Nasıl Kullanılır?</b><br><ul><li>Günde iki kez, sabah ve akşam kullanabilirsiniz. </li><li>Yüzük parmağınız yardımıyla göz çevresine masaj yaparak uygulayın.</li></ul>","label":"WHAT_IT_DOES","type":"what_it_does"},{"content":"Hafif formüllü göz bakım kremi, gözaltı morluk ve şişlik görünümlerini ortadan kaldırmaya ve daha aydınlık bir görünüm sağlamaya katkıda bulunur.","label":"WHAT_IT_IS","type":"what_it_is"}],"objectID":"4769"},{"benefit":{"statement":null,"benefits":null},"brand":null,"collection":null,"coverage":null,"cross_sell":[{"sku_id":"68A001","sort_key":1},{"sku_id":"6F0K01","sort_key":2},{"sku_id":"6MNY01","sort_key":3},{"sku_id":"645J01","sort_key":4},{"sku_id":null,"sort_key":5},{"sku_id":"61EM01","sort_key":6}],"default_category":{"id":"1597","key":"eyeliner"},"description":"<P>İncecik göz kalemi çekip çarpıcı bakışlara sahip olmak için artık usta olmanıza gerek yok. Likit eyeliner etkisini tek bir dokunuşta yaratabilirsiniz.Yumuşak ipeksi formülü göz kapağında kayarcasına kolay bir kullanım sağlar. Tüm gün kalıcıdır. Ucunu kalemtıraş ile açmanıza gerek yoktur. Kalemin diğer ucundaki sünger başlığı ile dumanlı gözler yaratabilirsiniz.</P>","display_mode":null,"display_name":"Quickliner For Eyes Göz Kalemi","display_status":7,"finish":null,"form":null,"formula_type":null,"fragrance_family":null,"indexable_keywords":[{"value":"quick"},{"value":" liner"},{"value":" kalem"},{"value":" eyeliner"},{"value":" quickeyes"},{"value":" quickeye"}],"is_hazmat":false,"is_product_coming_soon":null,"is_product_displayable":true,"is_product_searchable":true,"is_product_shoppable":true,"is_product_sold_out":null,"is_product_temporarily_out_of_stock":null,"is_search_suppressed":null,"key_ingredient":null,"media":{"large":[{"alt":"Quickliner For Eyes Göz Kalemi","height":1200,"position":0,"src":"/media/export/cms/products/1200x1500/cl_prod_4770_1200x1500_0.png","type":"image","width":1500},{"alt":"Quickliner For Eyes Göz Kalemi","height":1200,"position":1,"src":"/media/export/cms/products/1200x1500/cl_prod_4770_1200x1500_1.png","type":"image","width":1500}],"medium":null,"poster":null,"small":[{"alt":"Quickliner For Eyes Göz Kalemi","height":1200,"position":2,"src":"/media/export/cms/products/1200x1500/cl_prod_4770_1200x1500_0.png","type":"image","width":1500},{"alt":"Quickliner For Eyes Göz Kalemi","height":1200,"position":3,"src":"/media/export/cms/products/1200x1500/cl_prod_4770_1200x1500_1.png","type":"image","width":1500}],"videos":[{"position":null,"poster":{"height":null,"src":null,"width":null},"provider":null,"src":null},{"position":null,"poster":{"height":null,"src":null,"width":null},"provider":null,"src":null},{"position":null,"poster":{"height":null,"src":null,"width":null},"provider":null,"src":null}],"xl":null},"meta":{"description":null,"keywords":"Quick, Liner, Pencil, Eyeliner, quickeyes, quickeye, pencil eyeliner, eye-liner"},"parent_category":[{"id":"1597","value":"EYELINER "},{"id":"1592","value":"MAKYAJ"}],"product_badge":null,"product_id":"4770","product_title_tag":null,"product_type":"Shaded","product_url":"/product/1597/4770/makyaj/eyeliner/quickliner-for-eyes-goz-kalemi","reviews":{"average_rating":3.5,"number_of_questions":null,"number_of_reviews":2},"shade_groups":null,"short_description":"Çevirilerek açılır. İpeksi formülü ile kalıcı renk verir. Oftalmoloji testinden geçmiştir.","skin":null,"skin_goal":null,"skus":{"total":2,"items":[{"color_family":null,"coverage_options":null,"cross_sell":null,"display_status":7,"finish":null,"finish_options":null,"fragrances":[{"family":null,"key":null,"value":null}],"iln_listing":null,"iln_version_number":null,"inventory_status":"Active","is_active":true,"is_coming_soon":null,"is_default_sku":false,"is_discountable":true,"is_displayable":null,"is_engravable":null,"is_fragrance":null,"is_giftable":null,"is_giftwrap":false,"is_inactive":null,"is_multi_shaded":null,"is_out_of_stock":null,"is_preorder":false,"is_preorderable":null,"is_promotional":null,"is_replenishable":true,"is_search_suppressed":null,"is_searchable":true,"is_shaded":null,"is_sized":null,"is_sold_out":null,"is_under_weight_hazmat":false,"is_vto_enabled":null,"life_of_product":"Basic Reorder","material_code":"62A4070001","media":{"large":[{"alt":"Quickliner For Eyes Göz Kalemi","height":1200,"position":1,"src":"/media/export/cms/products/1200x1500/cl_sku_62A407_1200x1500_0.png","type":"image","width":1500}],"medium":[{"alt":"Quickliner For Eyes Göz Kalemi","height":600,"position":2,"src":"/media/export/cms/products/600x750/cl_sku_62A407_600x750_0.png","type":"image","width":750}],"model":null,"poster":null,"small":[{"alt":"Quickliner For Eyes Göz Kalemi","height":1200,"position":3,"src":"/media/export/cms/products/1200x1500/cl_sku_62A407_1200x1500_0.png","type":"image","width":1500}],"smoosh":[{"alt":"Quickliner For Eyes Göz Kalemi","height":1200,"position":0,"src":"/media/export/cms/products/1200x1500/swatches_v3/53_ns_ng.png","type":"image","width":1500}],"xl":null},"out_of_stock_threshold":null,"perlgem":{"SKU_BASE_ID":11749},"preorder_date":null,"prices":[{"currency":"TRY","exclude_tax":{"original_price":199,"original_price_formatted":"199.00 TL","price":199,"price_formatted":"199.00 TL","price_per_unit":null,"price_per_unit_formatted":""},"include_tax":{"original_price":199,"original_price_formatted":"199.00 TL","price":199,"price_formatted":"199.00 TL","price_per_unit":null,"price_per_unit_formatted":""},"is_discounted":false}],"purchase_limit":null,"replenishment":{"message":"Never run low on your favourites. Sign up for Auto-Ship. Learn more >"},"reviews":{"average_rating":null,"number_of_questions":null,"number_of_reviews":null},"set_components":null,"shade_groups":null,"shades":[{"description":"siyah","hex_val":"#0f0b09","image":{"height":null,"src":"","width":null},"name":"Really Black","smoosh_design":{"group_id":null,"name":"53::none::none"}}],"sizes":[{"key":1,"value":"0.3g"}],"skin":{"tone":null,"type":null,"type_description":null},"sku_badge":null,"sku_badge_image":null,"sku_display_order":5,"sku_id":"62A407","sku_promo_messaging":null,"sku_type":"SE","sku_url":null,"tags":{"total":7,"items":[{"id":"1597","key":"eyeliner","value":"EYELINER "},{"id":"1598","key":"göz-fari","value":"GÖZ FARI"},{"id":"12537","key":"çok-satan-makyaj-ürünleri̇","value":"ÇOK SATAN MAKYAJ ÜRÜNLERİ"},{"id":"27174","key":"day7flashsale","value":"Day7FlashSale"},{"id":"27171","key":"day4flashsale","value":"Day4FlashSale"},{"id":"1592","key":"makyaj","value":"MAKYAJ"},{"id":"27172","key":"day5flashsale","value":"Day5FlashSale"}]},"texture":null,"undertone":null,"unit_of_measure":null,"unit_size":null,"unit_size_formatted":null,"upc":"020714009519","vto":{"is_color_experience":null,"is_foundation_experience":null}},{"color_family":null,"coverage_options":null,"cross_sell":null,"display_status":7,"finish":null,"finish_options":null,"fragrances":[{"family":null,"key":null,"value":null}],"iln_listing":null,"iln_version_number":null,"inventory_status":"Active","is_active":true,"is_coming_soon":null,"is_default_sku":false,"is_discountable":true,"is_displayable":null,"is_engravable":null,"is_fragrance":null,"is_giftable":null,"is_giftwrap":false,"is_inactive":null,"is_multi_shaded":null,"is_out_of_stock":null,"is_preorder":false,"is_preorderable":null,"is_promotional":null,"is_replenishable":true,"is_search_suppressed":null,"is_searchable":true,"is_shaded":null,"is_sized":null,"is_sold_out":null,"is_under_weight_hazmat":false,"is_vto_enabled":null,"life_of_product":"Basic Reorder","material_code":"62A4120001","media":{"large":[{"alt":"Quickliner For Eyes Göz Kalemi","height":1200,"position":1,"src":"/media/export/cms/products/1200x1500/cl_sku_62A412_1200x1500_0.png","type":"image","width":1500}],"medium":[{"alt":"Quickliner For Eyes Göz Kalemi","height":600,"position":2,"src":"/media/export/cms/products/600x750/cl_sku_62A412_600x750_0.png","type":"image","width":750}],"model":null,"poster":null,"small":[{"alt":"Quickliner For Eyes Göz Kalemi","height":1200,"position":3,"src":"/media/export/cms/products/1200x1500/cl_sku_62A412_1200x1500_0.png","type":"image","width":1500}],"smoosh":[{"alt":"Quickliner For Eyes Göz Kalemi","height":1200,"position":0,"src":"/media/export/cms/products/1200x1500/swatches_v3/53_ns_ng.png","type":"image","width":1500}],"xl":null},"out_of_stock_threshold":null,"perlgem":{"SKU_BASE_ID":11753},"preorder_date":null,"prices":[{"currency":"TRY","exclude_tax":{"original_price":199,"original_price_formatted":"199.00 TL","price":199,"price_formatted":"199.00 TL","price_per_unit":null,"price_per_unit_formatted":""},"include_tax":{"original_price":199,"original_price_formatted":"199.00 TL","price":199,"price_formatted":"199.00 TL","price_per_unit":null,"price_per_unit_formatted":""},"is_discounted":false}],"purchase_limit":null,"replenishment":{"message":"Never run low on your favourites. Sign up for Auto-Ship. Learn more >"},"reviews":{"average_rating":null,"number_of_questions":null,"number_of_reviews":null},"set_components":null,"shade_groups":null,"shades":[{"description":"koyu yeşil","hex_val":"#46514B","image":{"height":null,"src":"","width":null},"name":"Moss","smoosh_design":{"group_id":null,"name":"53::none::none"}}],"sizes":[{"key":1,"value":"0.3g"}],"skin":{"tone":null,"type":null,"type_description":null},"sku_badge":null,"sku_badge_image":null,"sku_display_order":10,"sku_id":"62A412","sku_promo_messaging":null,"sku_type":"SE","sku_url":null,"tags":{"total":4,"items":[{"id":"1597","key":"eyeliner","value":"EYELINER "},{"id":"1598","key":"göz-fari","value":"GÖZ FARI"},{"id":"12537","key":"çok-satan-makyaj-ürünleri̇","value":"ÇOK SATAN MAKYAJ ÜRÜNLERİ"},{"id":"1592","key":"makyaj","value":"MAKYAJ"}]},"texture":null,"undertone":null,"unit_of_measure":null,"unit_size":null,"unit_size_formatted":null,"upc":"020714125363","vto":{"is_color_experience":null,"is_foundation_experience":null}}]},"sub_display_name":null,"sub_header":null,"tags":{"total":7,"items":[{"id":"1597","key":"eyeliner","parent_tag_id":"1592","product_display_order":1,"value":"EYELINER "},{"id":"1598","key":"göz-fari","parent_tag_id":"1592","product_display_order":0,"value":"GÖZ FARI"},{"id":"12537","key":"çok-satan-makyaj-ürünleri̇","parent_tag_id":"1592","product_display_order":0,"value":"ÇOK SATAN MAKYAJ ÜRÜNLERİ"},{"id":"27174","key":"day7flashsale","parent_tag_id":"1590","product_display_order":0,"value":"Day7FlashSale"},{"id":"27171","key":"day4flashsale","parent_tag_id":"1590","product_display_order":9,"value":"Day4FlashSale"},{"id":"1592","key":"makyaj","parent_tag_id":null,"product_display_order":38,"value":"MAKYAJ"},{"id":"27172","key":"day5flashsale","parent_tag_id":"1590","product_display_order":0,"value":"Day5FlashSale"}]},"usage":[{"content":"<UL><LI>Ucunu hafifçe çıkartıp, göz kapağınıza ve tercihinize göre göz kapaklarınıza istediğiniz kalınlıkta çizgi çekiniz.&nbsp;</LI></UL><P>&nbsp;</P>","label":"PRODUCT USAGE","type":"product_usage"},{"content":null,"label":"HOW DOES IT WORK","type":"how_does_it_work"},{"content":"Tüm Cilt Tipleri (1,2,3,4)","label":"WHO IT IS FOR","type":"who_it_is_for"},{"content":null,"label":"GREAT TO KNOW","type":"great_to_know"},{"content":"<ul><li>Kadife yumuşak dokulu eyeliner kalemi kolayca uygulanır.</li><li>Uzun süre boyunca kalıcı renk sağlar: suya, bulaşmaya dayanıklıdır.</li><li>Arka taraftaki apartı ile yaratıcı ve farklı görünümler yaratabilirsiniz.</li><li>Formülü karıştırmanız ve dağıtmanız için size 60 saniye boyunca zaman verir ve daha sonra sabitlenir</li></ul><br><br><b>Nasıl Kullanılır?</b><br><ul><li>Sadece 1/8 mm yukarı doğru çekin(formülü havaya maruz kalıp kurumaması için geriye doğru çekilmemesini önerir)</li><li>Çarpıcı Bakışlar.</li><li>Karşı uçtaki süngerini kullanarak rengini dağıtıp istediğiniz efekti verebilirsiniz</li><li>Renginin sabitlenmesi için 60 saniye beklemeniz gerekir.</li><li>Yumuşak ipeksi formülü göz kapağında kayarcasına kolay bir kullanım sağlar. </li><li>Tek başına veya göz farıyla kullanılabilir.</li><li>Favori Clinique Makyaj temizleyiciniz ile temizleyiniz.</li></ul>","label":"WHAT_IT_DOES","type":"what_it_does"},{"content":"Uzun süre kalıcı eyeliner bakışlarınıza derinlik katar.","label":"WHAT_IT_IS","type":"what_it_is"}],"objectID":"4770"},{"benefit":{"statement":null,"benefits":null},"brand":null,"collection":null,"coverage":null,"cross_sell":[{"sku_id":"67F901","sort_key":1},{"sku_id":null,"sort_key":2},{"sku_id":null,"sort_key":3},{"sku_id":"60C801","sort_key":4},{"sku_id":"62A401","sort_key":5},{"sku_id":"6FMA01","sort_key":6}],"default_category":{"id":"1623","key":"tiraş"},"description":"<P>Ekstra zengin içeriği ile sakalların yumuşatılmasını sağlamaya ve tıraş bıçağının ciltte oluşturabileceği tahrişi engellemeye yardımcı olur. Tıraş boyunca gerekli nemi hapsetmeye, temiz ve harika bir tıraş deneyimi sağlamaya katkıda bulunur. Tıraş öncesi ve sonrası cilde nem sağlayarak yumuşatır ve oluşabilecek tahrişi engellemayi destekler.</P><P></P>","display_mode":null,"display_name":"Clinique For Men Tıraş Kremi","display_status":7,"finish":null,"form":null,"formula_type":null,"fragrance_family":null,"indexable_keywords":[{"value":"ssfm"},{"value":" erkek"}],"is_hazmat":false,"is_product_coming_soon":null,"is_product_displayable":true,"is_product_searchable":true,"is_product_shoppable":true,"is_product_sold_out":null,"is_product_temporarily_out_of_stock":null,"is_search_suppressed":null,"key_ingredient":null,"media":{"large":null,"medium":null,"poster":null,"small":null,"videos":[{"position":null,"poster":{"height":null,"src":null,"width":null},"provider":null,"src":null},{"position":null,"poster":{"height":null,"src":null,"width":null},"provider":null,"src":null},{"position":null,"poster":{"height":null,"src":null,"width":null},"provider":null,"src":null}],"xl":null},"meta":{"description":null,"keywords":"ssfm, men"},"parent_category":[{"id":"1623","value":"TIRAŞ"},{"id":"1609","value":"ERKEK CİLT BAKIMI & TRAŞ"}],"product_badge":null,"product_id":"4802","product_title_tag":null,"product_type":"Sized","product_url":"/product/1623/4802/erkek-cilt-bakimi-tras/tiras/clinique-for-men-tras-kremi","reviews":{"average_rating":null,"number_of_questions":null,"number_of_reviews":null},"shade_groups":null,"short_description":"En hassas tıraş keyfi. Zengin içerikli tıraş kremi ile jilet pürüzsüzce cildinizde kayar tahrişe sebep olmaz.","skin":null,"skin_goal":null,"skus":{"total":1,"items":[{"color_family":null,"coverage_options":null,"cross_sell":null,"display_status":7,"finish":null,"finish_options":null,"fragrances":[{"family":null,"key":null,"value":null}],"iln_listing":null,"iln_version_number":null,"inventory_status":"Active","is_active":true,"is_coming_soon":null,"is_default_sku":false,"is_discountable":true,"is_displayable":null,"is_engravable":null,"is_fragrance":null,"is_giftable":null,"is_giftwrap":false,"is_inactive":null,"is_multi_shaded":null,"is_out_of_stock":null,"is_preorder":false,"is_preorderable":null,"is_promotional":null,"is_replenishable":true,"is_search_suppressed":null,"is_searchable":true,"is_shaded":null,"is_sized":null,"is_sold_out":null,"is_under_weight_hazmat":false,"is_vto_enabled":null,"life_of_product":"Basic Reorder","material_code":"67FE010001","media":{"large":[{"alt":"Clinique For Men Tıraş Kremi","height":1200,"position":0,"src":"/media/export/cms/products/1200x1500/cl_sku_67FE01_1200x1500_0.png","type":"image","width":1500}],"medium":[{"alt":"Clinique For Men Tıraş Kremi","height":600,"position":1,"src":"/media/export/cms/products/600x750/cl_sku_67FE01_600x750_0.png","type":"image","width":750}],"model":null,"poster":null,"small":[{"alt":"Clinique For Men Tıraş Kremi","height":1200,"position":2,"src":"/media/export/cms/products/1200x1500/cl_sku_67FE01_1200x1500_0.png","type":"image","width":1500}],"smoosh":null,"xl":null},"out_of_stock_threshold":null,"perlgem":{"SKU_BASE_ID":12504},"preorder_date":null,"prices":[{"currency":"TRY","exclude_tax":{"original_price":180,"original_price_formatted":"180.00 TL","price":180,"price_formatted":"180.00 TL","price_per_unit":null,"price_per_unit_formatted":""},"include_tax":{"original_price":180,"original_price_formatted":"180.00 TL","price":180,"price_formatted":"180.00 TL","price_per_unit":null,"price_per_unit_formatted":""},"is_discounted":false}],"purchase_limit":null,"replenishment":{"message":"Recommended Auto-Ship cycle: 6 weeks  Learn more >"},"reviews":{"average_rating":null,"number_of_questions":null,"number_of_reviews":null},"set_components":null,"shade_groups":null,"shades":null,"sizes":[{"key":1,"value":"125 ml"}],"skin":{"tone":null,"type":null,"type_description":null},"sku_badge":null,"sku_badge_image":null,"sku_display_order":0,"sku_id":"67FE01","sku_promo_messaging":null,"sku_type":"SE","sku_url":null,"tags":{"total":12,"items":[{"id":"1609","key":"erkek-ci̇lt-bakimi-traş","value":"ERKEK CİLT BAKIMI & TRAŞ"},{"id":"25016","key":"top-sellers","value":"Top Sellers"},{"id":"1625","key":"cilt-bakım","value":"Cilt Bakım"},{"id":"13565","key":"yeni̇-yil-erkek-bakimi","value":"YENİ YIL ERKEK BAKIMI"},{"id":"13561","key":"yeni̇-yil-buti̇ği̇","value":"YENİ YIL BUTİĞİ"},{"id":"4323","key":"yeni̇-ürünler","value":"YENİ ÜRÜNLER"},{"id":"1623","key":"tiraş","value":"TIRAŞ"},{"id":"12950","key":"çok-satan-erkek-bakim-tiraş-ürünleri̇","value":"ÇOK SATAN ERKEK BAKIM & TIRAŞ ÜRÜNLERİ"},{"id":"1575","key":"en-çok-satanlar","value":"En Çok Satanlar"},{"id":"1667","key":"ci̇lt-bakimi","value":"CİLT BAKIMI"},{"id":"1619","key":"hedi̇yeler-setler","value":"HEDİYELER & SETLER"},{"id":"1624","key":"tiraş-temi̇zleme","value":"TIRAŞ & TEMİZLEME"}]},"texture":null,"undertone":null,"unit_of_measure":null,"unit_size":null,"unit_size_formatted":null,"upc":"020714125622","vto":{"is_color_experience":null,"is_foundation_experience":null}}]},"sub_display_name":null,"sub_header":null,"tags":{"total":12,"items":[{"id":"1609","key":"erkek-ci̇lt-bakimi-traş","parent_tag_id":null,"product_display_order":29,"value":"ERKEK CİLT BAKIMI & TRAŞ"},{"id":"25016","key":"top-sellers","parent_tag_id":"4323","product_display_order":0,"value":"Top Sellers"},{"id":"1625","key":"cilt-bakım","parent_tag_id":"1609","product_display_order":1,"value":"Cilt Bakım"},{"id":"13565","key":"yeni̇-yil-erkek-bakimi","parent_tag_id":"13561","product_display_order":0,"value":"YENİ YIL ERKEK BAKIMI"},{"id":"13561","key":"yeni̇-yil-buti̇ği̇","parent_tag_id":null,"product_display_order":0,"value":"YENİ YIL BUTİĞİ"},{"id":"4323","key":"yeni̇-ürünler","parent_tag_id":null,"product_display_order":308,"value":"YENİ ÜRÜNLER"},{"id":"1623","key":"tiraş","parent_tag_id":"1609","product_display_order":0,"value":"TIRAŞ"},{"id":"12950","key":"çok-satan-erkek-bakim-tiraş-ürünleri̇","parent_tag_id":"1609","product_display_order":0,"value":"ÇOK SATAN ERKEK BAKIM & TIRAŞ ÜRÜNLERİ"},{"id":"1575","key":"en-çok-satanlar","parent_tag_id":null,"product_display_order":23,"value":"En Çok Satanlar"},{"id":"1667","key":"ci̇lt-bakimi","parent_tag_id":null,"product_display_order":42,"value":"CİLT BAKIMI"},{"id":"1619","key":"hedi̇yeler-setler","parent_tag_id":"1618","product_display_order":0,"value":"HEDİYELER & SETLER"},{"id":"1624","key":"tiraş-temi̇zleme","parent_tag_id":"1623","product_display_order":0,"value":"TIRAŞ & TEMİZLEME"}]},"usage":[{"content":"<ul><li> Her gün cildinizi temizledikten sonra kullanın. </li><li> Sakallı olan bölgeyi nemlendirin. </li><li> Elinize fındık büyüklüğü miktarında dökün ve parmaklarınızla masaj yaparak tıraş olacak bölgeye, kılların ters yönünde uygulayın. .</li><li> Tıraşı kıl köklerinin uzadığı yöne doğru yapın. </li><li> Tıraş yaparken jileti sık sık sıcak su ile temizleyin, böylece tıraş esnasında oluşabilecek batık ve kesikler engellenmiş olur. </li><li>Tıraş sonrası tüm yüzü yıkayıp, kurulayın. </li></ul>","label":"PRODUCT USAGE","type":"product_usage"},{"content":null,"label":"HOW DOES IT WORK","type":"how_does_it_work"},{"content":null,"label":"WHO IT IS FOR","type":"who_it_is_for"},{"content":null,"label":"GREAT TO KNOW","type":"great_to_know"},{"content":null,"label":"WHAT_IT_DOES","type":"what_it_does"},{"content":"<P>Ekstra zengin içeriği ile sakalların yumuşatılmasını sağlamaya ve tıraş bıçağının ciltte oluşturabileceği tahrişi engellemeye yardımcı olur. Tıraş boyunca gerekli nemi hapsetmeye, temiz ve harika bir tıraş deneyimi sağlamaya katkıda bulunur. Tıraş öncesi ve sonrası cilde nem sağlayarak yumuşatır ve oluşabilecek tahrişi engellemayi destekler.</P><P></P>","label":"WHAT_IT_IS","type":"what_it_is"}],"objectID":"4802"},{"benefit":{"statement":null,"benefits":null},"brand":null,"collection":null,"coverage":null,"cross_sell":[{"sku_id":"6GEN01","sort_key":1},{"sku_id":"ZPYK01","sort_key":2},{"sku_id":"6NH401","sort_key":3},{"sku_id":"6NHF01","sort_key":4},{"sku_id":"ZJYR01","sort_key":5}],"default_category":{"id":"1661","key":"güneş-koruyucu-ürünler"},"description":"<P class=MsoNormal style=\"MARGIN: 0cm 0cm 0pt\"><FONT size=3 face=Calibri>UVA/UVB filtreler ve&nbsp; SolarSmart+ teknolojisi ile&nbsp; cildi güneşin zararlı etkilerine karşı korurken çizgi ve kırışıklık görünümü ile mücadele eder. Kadifemsi dokusu kolaylıkla sürülür, hızlı emilerek koruyucu bir katman oluştururç Diğer bakım ürünleri ve makyaj ürünleri ile beraber kullanılabilir.</FONT><?xml:namespace prefix = \"o\" ns = \"urn:schemas-microsoft-com:office:office\" /><o:p></o:p></P>","display_mode":null,"display_name":"Geniş Spectrumlu SPF 30 Yağsız Yüz Güneş Kremi","display_status":7,"finish":null,"form":null,"formula_type":null,"fragrance_family":null,"indexable_keywords":null,"is_hazmat":false,"is_product_coming_soon":null,"is_product_displayable":true,"is_product_searchable":true,"is_product_shoppable":true,"is_product_sold_out":null,"is_product_temporarily_out_of_stock":null,"is_search_suppressed":null,"key_ingredient":null,"media":{"large":null,"medium":null,"poster":null,"small":null,"videos":[{"position":null,"poster":{"height":null,"src":null,"width":null},"provider":null,"src":null},{"position":null,"poster":{"height":null,"src":null,"width":null},"provider":null,"src":null},{"position":null,"poster":{"height":null,"src":null,"width":null},"provider":null,"src":null}],"xl":null},"meta":{"description":null,"keywords":null},"parent_category":[{"id":"1661","value":"GÜNEŞ KORUYUCU ÜRÜNLER"},{"id":"1659","value":"GÜNEŞ"}],"product_badge":null,"product_id":"48282","product_title_tag":null,"product_type":"Other","product_url":"/product/1661/48282/gunes/gunes-koruyucu-urunler/genis-spectrumlu-spf-30-yagsz-yuz-gunes-kremi","reviews":{"average_rating":3,"number_of_questions":null,"number_of_reviews":3},"shade_groups":null,"short_description":"Luxurious, oil-free sunscreen for face.","skin":null,"skin_goal":null,"skus":{"total":1,"items":[{"color_family":null,"coverage_options":null,"cross_sell":null,"display_status":7,"finish":null,"finish_options":null,"fragrances":[{"family":null,"key":null,"value":null}],"iln_listing":null,"iln_version_number":null,"inventory_status":"Active","is_active":true,"is_coming_soon":null,"is_default_sku":false,"is_discountable":true,"is_displayable":null,"is_engravable":null,"is_fragrance":null,"is_giftable":null,"is_giftwrap":false,"is_inactive":null,"is_multi_shaded":null,"is_out_of_stock":null,"is_preorder":false,"is_preorderable":null,"is_promotional":null,"is_replenishable":false,"is_search_suppressed":null,"is_searchable":true,"is_shaded":null,"is_sized":null,"is_sold_out":null,"is_under_weight_hazmat":false,"is_vto_enabled":null,"life_of_product":"Basic Reorder","material_code":"ZPYH01A000","media":{"large":[{"alt":"Geniş Spectrumlu SPF 30 Yağsız Yüz Güneş Kremi","height":1200,"position":0,"src":"/media/export/cms/products/1200x1500/cl_sku_ZPYH01_1200x1500_0.png","type":"image","width":1500}],"medium":[{"alt":"Geniş Spectrumlu SPF 30 Yağsız Yüz Güneş Kremi","height":600,"position":1,"src":"/media/export/cms/products/600x750/cl_sku_ZPYH01_600x750_0.png","type":"image","width":750}],"model":null,"poster":null,"small":[{"alt":"Geniş Spectrumlu SPF 30 Yağsız Yüz Güneş Kremi","height":1200,"position":2,"src":"/media/export/cms/products/1200x1500/cl_sku_ZPYH01_1200x1500_0.png","type":"image","width":1500}],"smoosh":null,"xl":null},"out_of_stock_threshold":null,"perlgem":{"SKU_BASE_ID":80013},"preorder_date":null,"prices":[{"currency":"TRY","exclude_tax":{"original_price":170,"original_price_formatted":"170.00 TL","price":170,"price_formatted":"170.00 TL","price_per_unit":null,"price_per_unit_formatted":""},"include_tax":{"original_price":170,"original_price_formatted":"170.00 TL","price":170,"price_formatted":"170.00 TL","price_per_unit":null,"price_per_unit_formatted":""},"is_discounted":false}],"purchase_limit":null,"replenishment":{"message":null},"reviews":{"average_rating":null,"number_of_questions":null,"number_of_reviews":null},"set_components":null,"shade_groups":null,"shades":null,"sizes":[{"key":1,"value":"50ml"}],"skin":{"tone":null,"type":null,"type_description":null},"sku_badge":null,"sku_badge_image":null,"sku_display_order":0,"sku_id":"ZPYH01","sku_promo_messaging":null,"sku_type":"SE","sku_url":null,"tags":{"total":14,"items":[{"id":"1661","key":"güneş-koruyucu-ürünler","value":"GÜNEŞ KORUYUCU ÜRÜNLER"},{"id":"1575","key":"en-çok-satanlar","value":"En Çok Satanlar"},{"id":"8194","key":"en-çok-satan-10","value":"En Çok Satan 10 "},{"id":"1667","key":"ci̇lt-bakimi","value":"CİLT BAKIMI"},{"id":"4323","key":"yeni̇-ürünler","value":"YENİ ÜRÜNLER"},{"id":"27174","key":"day7flashsale","value":"Day7FlashSale"},{"id":"27168","key":"day1flashsale","value":"Day1FlashSale"},{"id":"2644","key":"alışverişi-tamamla","value":"Alışverişi Tamamla"},{"id":"1660","key":"bronzlaştirici","value":"BRONZLAŞTIRICI"},{"id":"17859","key":"çok-satanlar","value":"ÇOK SATANLAR"},{"id":"1659","key":"güneş","value":"GÜNEŞ"},{"id":"2752","key":"çok-satan-ci̇lt-bakim-ürünleri̇","value":"ÇOK SATAN CİLT BAKIM ÜRÜNLERİ"},{"id":"27172","key":"day5flashsale","value":"Day5FlashSale"},{"id":"13563","key":"yeni̇-yil-ci̇lt-bakimi","value":"YENİ YIL CİLT BAKIMI"}]},"texture":null,"undertone":null,"unit_of_measure":null,"unit_size":null,"unit_size_formatted":null,"upc":"020714817343","vto":{"is_color_experience":null,"is_foundation_experience":null}}]},"sub_display_name":null,"sub_header":null,"tags":{"total":14,"items":[{"id":"1661","key":"güneş-koruyucu-ürünler","parent_tag_id":"1659","product_display_order":0,"value":"GÜNEŞ KORUYUCU ÜRÜNLER"},{"id":"1575","key":"en-çok-satanlar","parent_tag_id":null,"product_display_order":48,"value":"En Çok Satanlar"},{"id":"8194","key":"en-çok-satan-10","parent_tag_id":null,"product_display_order":0,"value":"En Çok Satan 10 "},{"id":"1667","key":"ci̇lt-bakimi","parent_tag_id":null,"product_display_order":53,"value":"CİLT BAKIMI"},{"id":"4323","key":"yeni̇-ürünler","parent_tag_id":null,"product_display_order":209,"value":"YENİ ÜRÜNLER"},{"id":"27174","key":"day7flashsale","parent_tag_id":"1590","product_display_order":0,"value":"Day7FlashSale"},{"id":"27168","key":"day1flashsale","parent_tag_id":"1590","product_display_order":0,"value":"Day1FlashSale"},{"id":"2644","key":"alışverişi-tamamla","parent_tag_id":null,"product_display_order":0,"value":"Alışverişi Tamamla"},{"id":"1660","key":"bronzlaştirici","parent_tag_id":"1659","product_display_order":0,"value":"BRONZLAŞTIRICI"},{"id":"17859","key":"çok-satanlar","parent_tag_id":null,"product_display_order":117,"value":"ÇOK SATANLAR"},{"id":"1659","key":"güneş","parent_tag_id":null,"product_display_order":0,"value":"GÜNEŞ"},{"id":"2752","key":"çok-satan-ci̇lt-bakim-ürünleri̇","parent_tag_id":"1667","product_display_order":0,"value":"ÇOK SATAN CİLT BAKIM ÜRÜNLERİ"},{"id":"27172","key":"day5flashsale","parent_tag_id":"1590","product_display_order":48,"value":"Day5FlashSale"},{"id":"13563","key":"yeni̇-yil-ci̇lt-bakimi","parent_tag_id":"13561","product_display_order":0,"value":"YENİ YIL CİLT BAKIMI"}]},"usage":[{"content":"Apply liberally before sun exposure and as needed.","label":"PRODUCT USAGE","type":"product_usage"},{"content":null,"label":"HOW DOES IT WORK","type":"how_does_it_work"},{"content":null,"label":"WHO IT IS FOR","type":"who_it_is_for"},{"content":null,"label":"GREAT TO KNOW","type":"great_to_know"},{"content":null,"label":"WHAT_IT_DOES","type":"what_it_does"},{"content":"<P class=MsoNormal style=\"MARGIN: 0cm 0cm 0pt\"><FONT size=3 face=Calibri>UVA/UVB filtreler ve&nbsp; SolarSmart+ teknolojisi ile&nbsp; cildi güneşin zararlı etkilerine karşı korurken çizgi ve kırışıklık görünümü ile mücadele eder. Kadifemsi dokusu kolaylıkla sürülür, hızlı emilerek koruyucu bir katman oluştururç Diğer bakım ürünleri ve makyaj ürünleri ile beraber kullanılabilir.</FONT><?xml:namespace prefix = \"o\" ns = \"urn:schemas-microsoft-com:office:office\" /><o:p></o:p></P>","label":"WHAT_IT_IS","type":"what_it_is"}],"objectID":"48282"},{"benefit":{"statement":null,"benefits":null},"brand":null,"collection":null,"coverage":null,"cross_sell":null,"default_category":{"id":"17860","key":"makyaj-ci̇lt-bakim-parfüm-setleri̇"},"description":"<P>&nbsp;</P><P>ONLINE EXCLUSIVE<BR>Anneler Gününe Özel Blockbuster Set <BR>1012 TL değerindeki set <BR>sadece 199 TL<BR>* özel fırsat sepetinize yansıyacaktır</P><P>Set İçeriği<BR>o Kol çantası<BR>o 7 day scrub arındırıcı peeling<BR>o Quickliner For Eyes<BR>o Aromatics in Black 30 ml<BR>o Moisture Surge Overnight 15 ml<BR>o Pop Matte Lip Colour<BR>o Hi On Lashes Set<BR>o SPF 30 Anti Wrinkle Face Cream – 30 ml&nbsp;&nbsp;&nbsp;&nbsp;&nbsp;&nbsp;&nbsp;&nbsp;&nbsp;&nbsp;&nbsp;&nbsp;&nbsp;&nbsp; <BR>o Çantalı Cilt Bakım ve Makyaj Seti</P><P>&nbsp;</P>","display_mode":null,"display_name":"Online Özel Anneler Günü Seti 1012 TL Değerindeki Set Sadece 199 TL","display_status":3,"finish":null,"form":null,"formula_type":null,"fragrance_family":null,"indexable_keywords":null,"is_hazmat":false,"is_product_coming_soon":null,"is_product_displayable":true,"is_product_searchable":true,"is_product_shoppable":false,"is_product_sold_out":null,"is_product_temporarily_out_of_stock":null,"is_search_suppressed":null,"key_ingredient":null,"media":{"large":null,"medium":null,"poster":null,"small":null,"videos":[{"position":null,"poster":{"height":null,"src":null,"width":null},"provider":null,"src":null},{"position":null,"poster":{"height":null,"src":null,"width":null},"provider":null,"src":null},{"position":null,"poster":{"height":null,"src":null,"width":null},"provider":null,"src":null}],"xl":null},"meta":{"description":null,"keywords":null},"parent_category":[{"id":"17860","value":"MAKYAJ & CİLT BAKIM & PARFÜM SETLERİ"}],"product_badge":null,"product_id":"49738","product_title_tag":null,"product_type":"Shaded","product_url":"/product/17860/49738/makyaj-cilt-bakim-parfum-setleri/online-ozel-anneler-gunu-seti-1012-tl-degerindeki-set-sadece-199-tl/1012-tl-degerindeki-set-sadece-199-tl","reviews":{"average_rating":null,"number_of_questions":null,"number_of_reviews":null},"shade_groups":null,"short_description":null,"skin":null,"skin_goal":null,"skus":{"total":1,"items":[{"color_family":null,"coverage_options":null,"cross_sell":null,"display_status":3,"finish":null,"finish_options":null,"fragrances":[{"family":null,"key":null,"value":null}],"iln_listing":null,"iln_version_number":null,"inventory_status":"Sold Out","is_active":null,"is_coming_soon":null,"is_default_sku":false,"is_discountable":false,"is_displayable":null,"is_engravable":null,"is_fragrance":null,"is_giftable":null,"is_giftwrap":false,"is_inactive":null,"is_multi_shaded":null,"is_out_of_stock":null,"is_preorder":false,"is_preorderable":null,"is_promotional":null,"is_replenishable":false,"is_search_suppressed":null,"is_searchable":true,"is_shaded":null,"is_sized":null,"is_sold_out":true,"is_under_weight_hazmat":false,"is_vto_enabled":null,"life_of_product":"Discontinued","material_code":"CLTR090001","media":{"large":[{"alt":"Online Özel Anneler Günü Seti 1012 TL Değerindeki Set Sadece 199 TL","height":1200,"position":0,"src":"/media/export/cms/products/1200x1500/cl_sku_CLTR09_1200x1500_0.png","type":"image","width":1500}],"medium":[{"alt":"Online Özel Anneler Günü Seti 1012 TL Değerindeki Set Sadece 199 TL","height":600,"position":1,"src":"/media/export/cms/products/600x750/cl_sku_CLTR09_600x750_0.png","type":"image","width":750}],"model":null,"poster":null,"small":[{"alt":"Online Özel Anneler Günü Seti 1012 TL Değerindeki Set Sadece 199 TL","height":1200,"position":2,"src":"/media/export/cms/products/1200x1500/cl_sku_CLTR09_1200x1500_0.png","type":"image","width":1500}],"smoosh":null,"xl":null},"out_of_stock_threshold":null,"perlgem":{"SKU_BASE_ID":81959},"preorder_date":null,"prices":[{"currency":"TRY","exclude_tax":{"original_price":1780,"original_price_formatted":"1780.00 TL","price":1780,"price_formatted":"1780.00 TL","price_per_unit":null,"price_per_unit_formatted":null},"include_tax":{"original_price":1780,"original_price_formatted":"1780.00 TL","price":1780,"price_formatted":"1780.00 TL","price_per_unit":null,"price_per_unit_formatted":null},"is_discounted":false}],"purchase_limit":null,"replenishment":{"message":null},"reviews":{"average_rating":null,"number_of_questions":null,"number_of_reviews":null},"set_components":[{"product":{"display_name":"MYO Tote Spring 2017 - "},"quantity":1,"sku":{"shades":null,"sizes":[{"key":0,"value":null}],"sku_id":"K0K790"}},{"product":{"display_name":"7 Day Scrub Arındırıcı Peeling - Seyahat Boy - 30 ml"},"quantity":1,"sku":{"shades":null,"sizes":[{"key":0,"value":"30 ml"}],"sku_id":"667H44"}},{"product":{"display_name":"Quickliner For Eyes Intense - Intense Ebony - "},"quantity":1,"sku":{"shades":null,"sizes":[{"key":0,"value":null}],"sku_id":"ZX2Y09"}},{"product":{"display_name":"Aromatics in Black Kadın Parfüm EDP -  30ml"},"quantity":1,"sku":{"shades":null,"sizes":[{"key":0,"value":" 30ml"}],"sku_id":"ZNF601"}},{"product":{"display_name":"Moisture Surge Overnight Maske Mini - 15 ml"},"quantity":1,"sku":{"shades":null,"sizes":[{"key":0,"value":"15 ml"}],"sku_id":"Z87E01"}},{"product":{"display_name":"Pop Matte Lip Colour + Primer Mat Ruj - Mod Pop"},"quantity":1,"sku":{"shades":[{"description":"","hex_val":"#de387d","name":"Mod Pop"}],"sizes":[{"key":0,"value":null}],"sku_id":"ZTPH04"}},{"product":{"display_name":"High Impact Maskara Set - "},"quantity":1,"sku":{"shades":null,"sizes":[{"key":0,"value":null}],"sku_id":"ZTCPY6"}},{"product":{"display_name":"Yaşlanma Karşıtı Güneş Kremi - Anti Wrinkle Face Cream Spf 30 - 30ml"},"quantity":1,"sku":{"shades":null,"sizes":[{"key":0,"value":"30ml"}],"sku_id":"ZXHH01"}},{"product":{"display_name":"Özel Cilt Bakım ve Makyaj Hediye Seti - "},"quantity":1,"sku":{"shades":null,"sizes":[{"key":0,"value":null}],"sku_id":"ZX5790"}},{"product":{"display_name":"Clinique Yaza Merhaba Seti 618 TL değerindeki set 199 TL  - "},"quantity":1,"sku":{"shades":null,"sizes":[{"key":0,"value":null}],"sku_id":"CLTR10"}}],"shade_groups":null,"shades":null,"sizes":[{"key":1,"value":null}],"skin":{"tone":null,"type":null,"type_description":null},"sku_badge":null,"sku_badge_image":null,"sku_display_order":0,"sku_id":"CLTR09","sku_promo_messaging":null,"sku_type":"SE","sku_url":null,"tags":{"total":3,"items":[{"id":"16370","key":"online-özel","value":"Online Özel"},{"id":"17860","key":"makyaj-ci̇lt-bakim-parfüm-setleri̇","value":"MAKYAJ & CİLT BAKIM & PARFÜM SETLERİ"},{"id":"1687","key":"yüz-nemlendi̇ri̇ci̇","value":"YÜZ NEMLENDİRİCİ"}]},"texture":null,"undertone":null,"unit_of_measure":null,"unit_size":null,"unit_size_formatted":null,"upc":"023000000009","vto":{"is_color_experience":null,"is_foundation_experience":null}}]},"sub_display_name":null,"sub_header":null,"tags":{"total":3,"items":[{"id":"16370","key":"online-özel","parent_tag_id":null,"product_display_order":0,"value":"Online Özel"},{"id":"17860","key":"makyaj-ci̇lt-bakim-parfüm-setleri̇","parent_tag_id":null,"product_display_order":29,"value":"MAKYAJ & CİLT BAKIM & PARFÜM SETLERİ"},{"id":"1687","key":"yüz-nemlendi̇ri̇ci̇","parent_tag_id":"1667","product_display_order":71,"value":"YÜZ NEMLENDİRİCİ"}]},"usage":[{"content":null,"label":"PRODUCT USAGE","type":"product_usage"},{"content":null,"label":"HOW DOES IT WORK","type":"how_does_it_work"},{"content":null,"label":"WHO IT IS FOR","type":"who_it_is_for"},{"content":null,"label":"GREAT TO KNOW","type":"great_to_know"},{"content":null,"label":"WHAT_IT_DOES","type":"what_it_does"},{"content":"<P>&nbsp;</P><P>ONLINE EXCLUSIVE<BR>Anneler Gününe Özel Blockbuster Set <BR>1012 TL değerindeki set <BR>sadece 199 TL<BR>* özel fırsat sepetinize yansıyacaktır</P><P>Set İçeriği<BR>o Kol çantası<BR>o 7 day scrub arındırıcı peeling<BR>o Quickliner For Eyes<BR>o Aromatics in Black 30 ml<BR>o Moisture Surge Overnight 15 ml<BR>o Pop Matte Lip Colour<BR>o Hi On Lashes Set<BR>o SPF 30 Anti Wrinkle Face Cream – 30 ml&nbsp;&nbsp;&nbsp;&nbsp;&nbsp;&nbsp;&nbsp;&nbsp;&nbsp;&nbsp;&nbsp;&nbsp;&nbsp;&nbsp; <BR>o Çantalı Cilt Bakım ve Makyaj Seti</P><P>&nbsp;</P>","label":"WHAT_IT_IS","type":"what_it_is"}],"objectID":"49738"},{"benefit":{"statement":null,"benefits":null},"brand":null,"collection":[{"key":"acne-solutions-collection","value":"acne_solutions_collection"}],"coverage":null,"cross_sell":[{"sku_id":"6K0G01","sort_key":1},{"sku_id":"6KN901","sort_key":2},{"sku_id":"6LMC01","sort_key":3},{"sku_id":"6KWG01","sort_key":4},{"sku_id":"6WPR01","sort_key":5},{"sku_id":"6KNW01","sort_key":6}],"default_category":{"id":"1687","key":"yüz-nemlendi̇ri̇ci̇"},"description":"<br><br><b>Kimler için uygundur?</b><br>Sivilceye yatkın ciltler için formüle edilmiştir.<br><br><b>Nedir?</b><br>Hafif yapılı ve etkili formülü Sivilce Karşıtı Çözüm sistemimizin 3. Adımıdır. 3 günde aktif sivilcelerde  %37 azalma görmek için 3 adımı birlikte kullanın. <br><br><b>Ne işe yarar? </b><br>Mevcut sivilcelerin tedavisine yardım ederken yeni sivilce oluşumunu engeller. Sivilceye neden olan etmenlere karşı bariyer oluşturur. Ciltteki fazla yağı kontrol etmeye yardımcı olur. Cilt kuruluğunu ve soyulmayı en aza indirmek için hafifçe nemlendirir. Cildi sakinleştirir, yatıştırır ve kızarıklığı gözle görülür şekilde azaltır.<P>Temiz bir cilt sistemini kullanın<P>3 gün içinde aktif sivilce lekelerinde %37 azalma görebilirsiniz<P>Sivilce ve ciltteki pürüzleri kontrol altına almanın en iyi yolu düzenli, tahriş etmeyen bir bakım rutini uygulamaktır. Clinique Sivilce Karşıtı Çözüm Sisteminin her adımının bir amacı vardır: <P>temizle<P>,<P>cildi ölü hücrelerden arındır<P>, tedavi et. 3 Adım 3 gün içinde etkili sonuçlar elde etmek için birlikte çalışır. Düzenli olarak günde iki kere  kullanım ile, daha iyi sonuçlar elde etmeye devam edersiniz. <P>Aktif sivilce ve lekelerinde iyileşme;<P>1 hafta<P>0.48<P>4 hafta<P>0.55<P>6 hafta<P>0.73<P>12 hafta<P>0.81<br><br><b>Temel İçerikler / Teknoloji</b><br>Sivilce ile savaşan arındırıcı içerikler; Salisilik Asit ve Asetil Glukozamin, tıkanmış gözeneklere yol açan ölü deri hücrelerinin temizlenmesine yardımcı olur. Benzoil Peroksit ve diğer sivilce karşıtı içerikler ile sivilceye neden olan  etmenleri kontrol altına almaya yardımcı olur.","display_mode":null,"display_name":"Anti-Blemish Sivilce Karşıtı Yağsız Temizleyici Nemlendirici","display_status":7,"finish":null,"form":[{"key":"lotion-form","value":"lotion_form"}],"formula_type":null,"fragrance_family":null,"indexable_keywords":[{"value":"sivilce"},{"value":" retinol"},{"value":" temiz cilt"}],"is_hazmat":false,"is_product_coming_soon":null,"is_product_displayable":true,"is_product_searchable":true,"is_product_shoppable":true,"is_product_sold_out":null,"is_product_temporarily_out_of_stock":null,"is_search_suppressed":null,"key_ingredient":null,"media":{"large":null,"medium":null,"poster":null,"small":null,"videos":[{"position":null,"poster":{"height":null,"src":null,"width":null},"provider":"YouTube","src":null},{"position":null,"poster":{"height":null,"src":null,"width":null},"provider":"YouTube","src":null},{"position":null,"poster":{"height":null,"src":null,"width":null},"provider":"YouTube","src":null}],"xl":null},"meta":{"description":null,"keywords":"blemish, retinol, clear skin"},"parent_category":[{"id":"1687","value":"YÜZ NEMLENDİRİCİ"},{"id":"1667","value":"CİLT BAKIMI"}],"product_badge":null,"product_id":"4977","product_title_tag":null,"product_type":"Other","product_url":"/product/1687/4977/cilt-bakimi/yuz-nemlendirici/anti-blemish-sivilce-karst-yagsz-temizleyici-nemlendirici","reviews":{"average_rating":4,"number_of_questions":null,"number_of_reviews":8},"shade_groups":null,"short_description":"Hafif, medikal formülü sayesinde sivilceleri temizleyerek yenilerinin oluşumunu engeller. Kızarıklığı yatıştırarak, azaltır.","skin":{"concern":[{"key":"acne-concern","value":"acne_concern"}]},"skin_goal":null,"skus":{"total":1,"items":[{"color_family":null,"coverage_options":null,"cross_sell":null,"display_status":7,"finish":null,"finish_options":null,"fragrances":[{"family":null,"key":null,"value":null}],"iln_listing":null,"iln_version_number":null,"inventory_status":"Active","is_active":true,"is_coming_soon":null,"is_default_sku":false,"is_discountable":true,"is_displayable":null,"is_engravable":null,"is_fragrance":null,"is_giftable":null,"is_giftwrap":false,"is_inactive":null,"is_multi_shaded":null,"is_out_of_stock":null,"is_preorder":false,"is_preorderable":null,"is_promotional":null,"is_replenishable":false,"is_search_suppressed":null,"is_searchable":true,"is_shaded":null,"is_sized":null,"is_sold_out":null,"is_under_weight_hazmat":false,"is_vto_enabled":null,"life_of_product":"Basic Reorder","material_code":"6KNA010001","media":{"large":[{"alt":"Anti-Blemish Sivilce Karşıtı Yağsız Temizleyici Nemlendirici","height":1200,"position":0,"src":"/media/export/cms/products/1200x1500/cl_sku_6KNA01_1200x1500_0.png","type":"image","width":1500}],"medium":[{"alt":"Anti-Blemish Sivilce Karşıtı Yağsız Temizleyici Nemlendirici","height":600,"position":1,"src":"/media/export/cms/products/600x750/cl_sku_6KNA01_600x750_0.png","type":"image","width":750}],"model":null,"poster":null,"small":[{"alt":"Anti-Blemish Sivilce Karşıtı Yağsız Temizleyici Nemlendirici","height":1200,"position":2,"src":"/media/export/cms/products/1200x1500/cl_sku_6KNA01_1200x1500_0.png","type":"image","width":1500}],"smoosh":null,"xl":null},"out_of_stock_threshold":null,"perlgem":{"SKU_BASE_ID":13869},"preorder_date":null,"prices":[{"currency":"TRY","exclude_tax":{"original_price":255,"original_price_formatted":"255.00 TL","price":255,"price_formatted":"255.00 TL","price_per_unit":null,"price_per_unit_formatted":""},"include_tax":{"original_price":255,"original_price_formatted":"255.00 TL","price":255,"price_formatted":"255.00 TL","price_per_unit":null,"price_per_unit_formatted":""},"is_discounted":false}],"purchase_limit":null,"replenishment":{"message":"Recommended Auto-Ship cycle: 4 weeks  Learn more >"},"reviews":{"average_rating":null,"number_of_questions":null,"number_of_reviews":null},"set_components":null,"shade_groups":null,"shades":null,"sizes":[{"key":1,"value":"50 ml"}],"skin":{"tone":null,"type":[{"key":"very-dry-skintype","value":"very_dry_skintype"},{"key":"combination-skintype","value":"combination_skintype"},{"key":"dry-skintype","value":"dry_skintype"},{"key":"oily-skintype","value":"oily_skintype"}],"type_description":null},"sku_badge":null,"sku_badge_image":null,"sku_display_order":0,"sku_id":"6KNA01","sku_promo_messaging":null,"sku_type":"SE","sku_url":null,"tags":{"total":20,"items":[{"id":"13770","key":"recommended-clinique-favourites","value":"Recommended Clinique Favourites"},{"id":"17859","key":"çok-satanlar","value":"ÇOK SATANLAR"},{"id":"1667","key":"ci̇lt-bakimi","value":"CİLT BAKIMI"},{"id":"13051","key":"skin-care-best-sellers","value":"Skin Care Best Sellers"},{"id":"13563","key":"yeni̇-yil-ci̇lt-bakimi","value":"YENİ YIL CİLT BAKIMI"},{"id":"16741","key":"siyah-nokta-karşıtı","value":"Siyah Nokta Karşıtı"},{"id":"1687","key":"yüz-nemlendi̇ri̇ci̇","value":"YÜZ NEMLENDİRİCİ"},{"id":"12517","key":"yağsiz-ci̇lt-bakim-ürünleri̇","value":"YAĞSIZ CİLT BAKIM ÜRÜNLERİ"},{"id":"1670","key":"harika-cilt-sistemi","value":"Harika Cilt Sistemi"},{"id":"24180","key":"tamamlayici-ürünler","value":"TAMAMLAYICI ÜRÜNLER"},{"id":"15513","key":"recommended-for-students","value":"Recommended for Students"},{"id":"1979","key":"sivilce","value":"Sivilce"},{"id":"1672","key":"cilt-bakım-uzmanları","value":"Cilt Bakım Uzmanları"},{"id":"1575","key":"en-çok-satanlar","value":"En Çok Satanlar"},{"id":"10589","key":"offers-lp","value":"Offers LP"},{"id":"4034","key":"yüz-serumlari","value":"YÜZ SERUMLARI"},{"id":"1668","key":"sivilce","value":"Sivilce"},{"id":"12537","key":"çok-satan-makyaj-ürünleri̇","value":"ÇOK SATAN MAKYAJ ÜRÜNLERİ"},{"id":"1628","key":"-evde-bakim","value":"# EVDE BAKIM"},{"id":"1621","key":"erkek-özel-cilt-bakımı","value":"Erkek Özel Cilt Bakımı"}]},"texture":null,"undertone":null,"unit_of_measure":null,"unit_size":null,"unit_size_formatted":null,"upc":"020714291839","vto":{"is_color_experience":null,"is_foundation_experience":null}}]},"sub_display_name":null,"sub_header":null,"tags":{"total":20,"items":[{"id":"13770","key":"recommended-clinique-favourites","parent_tag_id":null,"product_display_order":12,"value":"Recommended Clinique Favourites"},{"id":"17859","key":"çok-satanlar","parent_tag_id":null,"product_display_order":80,"value":"ÇOK SATANLAR"},{"id":"1667","key":"ci̇lt-bakimi","parent_tag_id":null,"product_display_order":66,"value":"CİLT BAKIMI"},{"id":"13051","key":"skin-care-best-sellers","parent_tag_id":"1667","product_display_order":0,"value":"Skin Care Best Sellers"},{"id":"13563","key":"yeni̇-yil-ci̇lt-bakimi","parent_tag_id":"13561","product_display_order":0,"value":"YENİ YIL CİLT BAKIMI"},{"id":"16741","key":"siyah-nokta-karşıtı","parent_tag_id":"1667","product_display_order":0,"value":"Siyah Nokta Karşıtı"},{"id":"1687","key":"yüz-nemlendi̇ri̇ci̇","parent_tag_id":"1667","product_display_order":150,"value":"YÜZ NEMLENDİRİCİ"},{"id":"12517","key":"yağsiz-ci̇lt-bakim-ürünleri̇","parent_tag_id":"1667","product_display_order":31,"value":"YAĞSIZ CİLT BAKIM ÜRÜNLERİ"},{"id":"1670","key":"harika-cilt-sistemi","parent_tag_id":"1668","product_display_order":4,"value":"Harika Cilt Sistemi"},{"id":"24180","key":"tamamlayici-ürünler","parent_tag_id":"1667","product_display_order":0,"value":"TAMAMLAYICI ÜRÜNLER"},{"id":"15513","key":"recommended-for-students","parent_tag_id":"4323","product_display_order":0,"value":"Recommended for Students"},{"id":"1979","key":"sivilce","parent_tag_id":"1668","product_display_order":0,"value":"Sivilce"},{"id":"1672","key":"cilt-bakım-uzmanları","parent_tag_id":"1668","product_display_order":0,"value":"Cilt Bakım Uzmanları"},{"id":"1575","key":"en-çok-satanlar","parent_tag_id":null,"product_display_order":96,"value":"En Çok Satanlar"},{"id":"10589","key":"offers-lp","parent_tag_id":null,"product_display_order":1,"value":"Offers LP"},{"id":"4034","key":"yüz-serumlari","parent_tag_id":"1667","product_display_order":0,"value":"YÜZ SERUMLARI"},{"id":"1668","key":"sivilce","parent_tag_id":"1667","product_display_order":0,"value":"Sivilce"},{"id":"12537","key":"çok-satan-makyaj-ürünleri̇","parent_tag_id":"1592","product_display_order":0,"value":"ÇOK SATAN MAKYAJ ÜRÜNLERİ"},{"id":"1628","key":"-evde-bakim","parent_tag_id":null,"product_display_order":534,"value":"# EVDE BAKIM"},{"id":"1621","key":"erkek-özel-cilt-bakımı","parent_tag_id":"1620","product_display_order":0,"value":"Erkek Özel Cilt Bakımı"}]},"usage":[{"content":"<ul>/<li>Sabah ve akşam yüzünüze ince bir tabaka olarak uygulayın.</li><li>Pullanma ve ekstra kuruluk gözlemlenirse kullanımı azaltınız.</li><li>En iyi sonuçlar için, Anti-Blemish serisinden Temizleyici Köpük ve Arındırıcı Losyondan sonra uygulayın.</li><li>Sivilce problemi ortadan kalktıktan sonra, yeni oluşumları engellemek için kullanmaya devam edin.</li><ul>","label":"PRODUCT USAGE","type":"product_usage"},{"content":null,"label":"HOW DOES IT WORK","type":"how_does_it_work"},{"content":null,"label":"WHO IT IS FOR","type":"who_it_is_for"},{"content":null,"label":"GREAT TO KNOW","type":"great_to_know"},{"content":null,"label":"WHAT_IT_DOES","type":"what_it_does"},{"content":"<br><br><b>Kimler için uygundur?</b><br>Sivilceye yatkın ciltler için formüle edilmiştir.<br><br><b>Nedir?</b><br>Hafif yapılı ve etkili formülü Sivilce Karşıtı Çözüm sistemimizin 3. Adımıdır. 3 günde aktif sivilcelerde  %37 azalma görmek için 3 adımı birlikte kullanın. <br><br><b>Ne işe yarar? </b><br>Mevcut sivilcelerin tedavisine yardım ederken yeni sivilce oluşumunu engeller. Sivilceye neden olan etmenlere karşı bariyer oluşturur. Ciltteki fazla yağı kontrol etmeye yardımcı olur. Cilt kuruluğunu ve soyulmayı en aza indirmek için hafifçe nemlendirir. Cildi sakinleştirir, yatıştırır ve kızarıklığı gözle görülür şekilde azaltır.<P>Temiz bir cilt sistemini kullanın<P>3 gün içinde aktif sivilce lekelerinde %37 azalma görebilirsiniz<P>Sivilce ve ciltteki pürüzleri kontrol altına almanın en iyi yolu düzenli, tahriş etmeyen bir bakım rutini uygulamaktır. Clinique Sivilce Karşıtı Çözüm Sisteminin her adımının bir amacı vardır: <P>temizle<P>,<P>cildi ölü hücrelerden arındır<P>, tedavi et. 3 Adım 3 gün içinde etkili sonuçlar elde etmek için birlikte çalışır. Düzenli olarak günde iki kere  kullanım ile, daha iyi sonuçlar elde etmeye devam edersiniz. <P>Aktif sivilce ve lekelerinde iyileşme;<P>1 hafta<P>0.48<P>4 hafta<P>0.55<P>6 hafta<P>0.73<P>12 hafta<P>0.81<br><br><b>Temel İçerikler / Teknoloji</b><br>Sivilce ile savaşan arındırıcı içerikler; Salisilik Asit ve Asetil Glukozamin, tıkanmış gözeneklere yol açan ölü deri hücrelerinin temizlenmesine yardımcı olur. Benzoil Peroksit ve diğer sivilce karşıtı içerikler ile sivilceye neden olan  etmenleri kontrol altına almaya yardımcı olur.","label":"WHAT_IT_IS","type":"what_it_is"}],"objectID":"4977"},{"benefit":{"statement":null,"benefits":null},"brand":null,"collection":null,"coverage":null,"cross_sell":null,"default_category":{"id":"1605","key":"ruj"},"description":"<P>Clinique Pop™ için Jonathan Adler tarafından hazıranmış özel koleksiyon. Favori destinasyonlarından aldığı ilham ile hazırladığı koleksiyon&nbsp;3 tonu&nbsp;sınırlı sayıda üretilen rujları içeriyor : Palm Beach Pop, Capri Pop&nbsp;ve Santorini Pop.&nbsp;Mücevher görünümlü lipsticklerinizin&nbsp;belirgin ve doygun renkleri&nbsp;dudaklarınızda çok güzel duracak. &nbsp;</P>","display_mode":null,"display_name":"Pop Lip Colour + Primer Ruj","display_status":7,"finish":null,"form":null,"formula_type":null,"fragrance_family":null,"indexable_keywords":null,"is_hazmat":false,"is_product_coming_soon":null,"is_product_displayable":true,"is_product_searchable":true,"is_product_shoppable":true,"is_product_sold_out":null,"is_product_temporarily_out_of_stock":null,"is_search_suppressed":null,"key_ingredient":null,"media":{"large":null,"medium":null,"poster":null,"small":null,"videos":[{"position":null,"poster":{"height":null,"src":null,"width":null},"provider":null,"src":null},{"position":null,"poster":{"height":null,"src":null,"width":null},"provider":null,"src":null},{"position":null,"poster":{"height":null,"src":null,"width":null},"provider":null,"src":null}],"xl":null},"meta":{"description":null,"keywords":null},"parent_category":[{"id":"1605","value":"RUJ"},{"id":"1592","value":"MAKYAJ"}],"product_badge":null,"product_id":"49842","product_title_tag":null,"product_type":"Shaded","product_url":"/product/1605/49842/makyaj/ruj/pop-lip-colour-primer-ruj","reviews":{"average_rating":null,"number_of_questions":null,"number_of_reviews":null},"shade_groups":null,"short_description":"Clinique Pop™ için Jonathan Adler tarafından hazıranmış özel koleksiyon.","skin":null,"skin_goal":null,"skus":{"total":4,"items":[{"color_family":null,"coverage_options":null,"cross_sell":null,"display_status":7,"finish":null,"finish_options":null,"fragrances":[{"family":null,"key":null,"value":null}],"iln_listing":null,"iln_version_number":null,"inventory_status":"Sold Out","is_active":null,"is_coming_soon":null,"is_default_sku":false,"is_discountable":true,"is_displayable":null,"is_engravable":null,"is_fragrance":null,"is_giftable":null,"is_giftwrap":false,"is_inactive":null,"is_multi_shaded":null,"is_out_of_stock":null,"is_preorder":false,"is_preorderable":null,"is_promotional":null,"is_replenishable":false,"is_search_suppressed":null,"is_searchable":true,"is_shaded":null,"is_sized":null,"is_sold_out":true,"is_under_weight_hazmat":false,"is_vto_enabled":null,"life_of_product":"Limited life","material_code":"K220080001","media":{"large":[{"alt":"Pop Lip Colour + Primer Ruj","height":1200,"position":1,"src":"/media/export/cms/products/1200x1500/cl_sku_K22008_1200x1500_0.png","type":"image","width":1500}],"medium":[{"alt":"Pop Lip Colour + Primer Ruj","height":600,"position":2,"src":"/media/export/cms/products/600x750/cl_sku_K22008_600x750_0.png","type":"image","width":750}],"model":null,"poster":null,"small":[{"alt":"Pop Lip Colour + Primer Ruj","height":1200,"position":3,"src":"/media/export/cms/products/1200x1500/cl_sku_K22008_1200x1500_0.png","type":"image","width":1500}],"smoosh":[{"alt":"Pop Lip Colour + Primer Ruj","height":1200,"position":0,"src":"/media/export/cms/products/1200x1500/swatches_v3/38_ns_ng.png","type":"image","width":1500}],"xl":null},"out_of_stock_threshold":null,"perlgem":{"SKU_BASE_ID":82084},"preorder_date":null,"prices":[{"currency":"TRY","exclude_tax":{"original_price":69,"original_price_formatted":"69.00 TL","price":69,"price_formatted":"69.00 TL","price_per_unit":null,"price_per_unit_formatted":""},"include_tax":{"original_price":69,"original_price_formatted":"69.00 TL","price":69,"price_formatted":"69.00 TL","price_per_unit":null,"price_per_unit_formatted":""},"is_discounted":false}],"purchase_limit":null,"replenishment":{"message":null},"reviews":{"average_rating":null,"number_of_questions":null,"number_of_reviews":null},"set_components":null,"shade_groups":null,"shades":[{"description":"","hex_val":"#cd1859","image":{"height":null,"src":"","width":null},"name":"Cherry Pop","smoosh_design":{"group_id":null,"name":"38::none::none"}}],"sizes":[{"key":1,"value":"3.9g"}],"skin":{"tone":null,"type":null,"type_description":null},"sku_badge":null,"sku_badge_image":null,"sku_display_order":0,"sku_id":"K22008","sku_promo_messaging":null,"sku_type":"SE","sku_url":null,"tags":{"total":9,"items":[{"id":"9423","key":"seasonal1","value":"seasonal1"},{"id":"9420","key":"hotlists","value":"hotlists"},{"id":"1605","key":"ruj","value":"RUJ"},{"id":"1590","key":"i̇ndi̇ri̇mli̇-ürünler","value":"İNDİRİMLİ ÜRÜNLER"},{"id":"4323","key":"yeni̇-ürünler","value":"YENİ ÜRÜNLER"},{"id":"19288","key":"sale","value":"sale"},{"id":"8194","key":"en-çok-satan-10","value":"En Çok Satan 10 "},{"id":"2644","key":"alışverişi-tamamla","value":"Alışverişi Tamamla"},{"id":"1592","key":"makyaj","value":"MAKYAJ"}]},"texture":null,"undertone":null,"unit_of_measure":null,"unit_size":null,"unit_size_formatted":null,"upc":"020714875169","vto":{"is_color_experience":null,"is_foundation_experience":null}},{"color_family":null,"coverage_options":null,"cross_sell":null,"display_status":7,"finish":null,"finish_options":null,"fragrances":[{"family":null,"key":null,"value":null}],"iln_listing":null,"iln_version_number":null,"inventory_status":"Active","is_active":true,"is_coming_soon":null,"is_default_sku":false,"is_discountable":true,"is_displayable":null,"is_engravable":null,"is_fragrance":null,"is_giftable":null,"is_giftwrap":false,"is_inactive":null,"is_multi_shaded":null,"is_out_of_stock":null,"is_preorder":false,"is_preorderable":null,"is_promotional":null,"is_replenishable":false,"is_search_suppressed":null,"is_searchable":true,"is_shaded":null,"is_sized":null,"is_sold_out":null,"is_under_weight_hazmat":false,"is_vto_enabled":null,"life_of_product":"Basic Reorder","material_code":"K220270001","media":{"large":[{"alt":"Pop Lip Colour + Primer Ruj","height":1200,"position":1,"src":"/media/export/cms/products/1200x1500/cl_sku_K22027_1200x1500_0.png","type":"image","width":1500}],"medium":[{"alt":"Pop Lip Colour + Primer Ruj","height":600,"position":2,"src":"/media/export/cms/products/600x750/cl_sku_K22027_600x750_0.png","type":"image","width":750}],"model":null,"poster":null,"small":[{"alt":"Pop Lip Colour + Primer Ruj","height":1200,"position":3,"src":"/media/export/cms/products/1200x1500/cl_sku_K22027_1200x1500_0.png","type":"image","width":1500}],"smoosh":[{"alt":"Pop Lip Colour + Primer Ruj","height":1200,"position":0,"src":"/media/export/cms/products/1200x1500/swatches_v3/38_ns_ng.png","type":"image","width":1500}],"xl":null},"out_of_stock_threshold":null,"perlgem":{"SKU_BASE_ID":82097},"preorder_date":null,"prices":[{"currency":"TRY","exclude_tax":{"original_price":69,"original_price_formatted":"69.00 TL","price":69,"price_formatted":"69.00 TL","price_per_unit":null,"price_per_unit_formatted":""},"include_tax":{"original_price":69,"original_price_formatted":"69.00 TL","price":69,"price_formatted":"69.00 TL","price_per_unit":null,"price_per_unit_formatted":""},"is_discounted":false}],"purchase_limit":null,"replenishment":{"message":null},"reviews":{"average_rating":null,"number_of_questions":null,"number_of_reviews":null},"set_components":null,"shade_groups":null,"shades":[{"description":"","hex_val":"#AE266B","image":{"height":null,"src":"","width":null},"name":"Santorini Pop","smoosh_design":{"group_id":null,"name":"38::none::none"}}],"sizes":[{"key":1,"value":"3.9g"}],"skin":{"tone":null,"type":null,"type_description":null},"sku_badge":null,"sku_badge_image":null,"sku_display_order":0,"sku_id":"K22027","sku_promo_messaging":null,"sku_type":"SE","sku_url":null,"tags":{"total":10,"items":[{"id":"9423","key":"seasonal1","value":"seasonal1"},{"id":"9420","key":"hotlists","value":"hotlists"},{"id":"22734","key":"30-aninda-i̇ndi̇ri̇m","value":"%30 ANINDA İNDİRİM"},{"id":"1605","key":"ruj","value":"RUJ"},{"id":"1590","key":"i̇ndi̇ri̇mli̇-ürünler","value":"İNDİRİMLİ ÜRÜNLER"},{"id":"4323","key":"yeni̇-ürünler","value":"YENİ ÜRÜNLER"},{"id":"19288","key":"sale","value":"sale"},{"id":"8194","key":"en-çok-satan-10","value":"En Çok Satan 10 "},{"id":"2644","key":"alışverişi-tamamla","value":"Alışverişi Tamamla"},{"id":"1592","key":"makyaj","value":"MAKYAJ"}]},"texture":null,"undertone":null,"unit_of_measure":null,"unit_size":null,"unit_size_formatted":null,"upc":"020714875350","vto":{"is_color_experience":null,"is_foundation_experience":null}},{"color_family":null,"coverage_options":null,"cross_sell":null,"display_status":7,"finish":null,"finish_options":null,"fragrances":[{"family":null,"key":null,"value":null}],"iln_listing":null,"iln_version_number":null,"inventory_status":"Sold Out","is_active":null,"is_coming_soon":null,"is_default_sku":false,"is_discountable":true,"is_displayable":null,"is_engravable":null,"is_fragrance":null,"is_giftable":null,"is_giftwrap":false,"is_inactive":null,"is_multi_shaded":null,"is_out_of_stock":null,"is_preorder":false,"is_preorderable":null,"is_promotional":null,"is_replenishable":false,"is_search_suppressed":null,"is_searchable":true,"is_shaded":null,"is_sized":null,"is_sold_out":true,"is_under_weight_hazmat":false,"is_vto_enabled":null,"life_of_product":"Limited life","material_code":"K220120001","media":{"large":[{"alt":"Pop Lip Colour + Primer Ruj","height":1200,"position":1,"src":"/media/export/cms/products/1200x1500/cl_sku_K22012_1200x1500_0.png","type":"image","width":1500}],"medium":[{"alt":"Pop Lip Colour + Primer Ruj","height":600,"position":2,"src":"/media/export/cms/products/600x750/cl_sku_K22012_600x750_0.png","type":"image","width":750}],"model":null,"poster":null,"small":[{"alt":"Pop Lip Colour + Primer Ruj","height":1200,"position":3,"src":"/media/export/cms/products/1200x1500/cl_sku_K22012_1200x1500_0.png","type":"image","width":1500}],"smoosh":[{"alt":"Pop Lip Colour + Primer Ruj","height":1200,"position":0,"src":"/media/export/cms/products/1200x1500/swatches_v3/38_ns_ng.png","type":"image","width":1500}],"xl":null},"out_of_stock_threshold":null,"perlgem":{"SKU_BASE_ID":82085},"preorder_date":null,"prices":[{"currency":"TRY","exclude_tax":{"original_price":69,"original_price_formatted":"69.00 TL","price":69,"price_formatted":"69.00 TL","price_per_unit":null,"price_per_unit_formatted":""},"include_tax":{"original_price":69,"original_price_formatted":"69.00 TL","price":69,"price_formatted":"69.00 TL","price_per_unit":null,"price_per_unit_formatted":""},"is_discounted":false}],"purchase_limit":null,"replenishment":{"message":null},"reviews":{"average_rating":null,"number_of_questions":null,"number_of_reviews":null},"set_components":null,"shade_groups":null,"shades":[{"description":"","hex_val":"#FB8187","image":{"height":null,"src":"","width":null},"name":"Fab Pop","smoosh_design":{"group_id":null,"name":"38::none::none"}}],"sizes":[{"key":1,"value":"3.9g"}],"skin":{"tone":null,"type":null,"type_description":null},"sku_badge":null,"sku_badge_image":null,"sku_display_order":0,"sku_id":"K22012","sku_promo_messaging":null,"sku_type":"SE","sku_url":null,"tags":{"total":9,"items":[{"id":"9423","key":"seasonal1","value":"seasonal1"},{"id":"9420","key":"hotlists","value":"hotlists"},{"id":"13562","key":"yeni̇-yil-makyaj","value":"YENİ YIL MAKYAJ"},{"id":"1605","key":"ruj","value":"RUJ"},{"id":"1590","key":"i̇ndi̇ri̇mli̇-ürünler","value":"İNDİRİMLİ ÜRÜNLER"},{"id":"4323","key":"yeni̇-ürünler","value":"YENİ ÜRÜNLER"},{"id":"19288","key":"sale","value":"sale"},{"id":"8194","key":"en-çok-satan-10","value":"En Çok Satan 10 "},{"id":"2644","key":"alışverişi-tamamla","value":"Alışverişi Tamamla"}]},"texture":null,"undertone":null,"unit_of_measure":null,"unit_size":null,"unit_size_formatted":null,"upc":"020714875206","vto":{"is_color_experience":null,"is_foundation_experience":null}},{"color_family":null,"coverage_options":null,"cross_sell":null,"display_status":7,"finish":null,"finish_options":null,"fragrances":[{"family":null,"key":null,"value":null}],"iln_listing":null,"iln_version_number":null,"inventory_status":"Sold Out","is_active":null,"is_coming_soon":null,"is_default_sku":false,"is_discountable":true,"is_displayable":null,"is_engravable":null,"is_fragrance":null,"is_giftable":null,"is_giftwrap":false,"is_inactive":null,"is_multi_shaded":null,"is_out_of_stock":null,"is_preorder":false,"is_preorderable":null,"is_promotional":null,"is_replenishable":false,"is_search_suppressed":null,"is_searchable":true,"is_shaded":null,"is_sized":null,"is_sold_out":true,"is_under_weight_hazmat":false,"is_vto_enabled":null,"life_of_product":"Limited life","material_code":"K220260000","media":{"large":[{"alt":"Pop Lip Colour + Primer Ruj","height":1200,"position":1,"src":"/media/export/cms/products/1200x1500/cl_sku_K22026_1200x1500_0.png","type":"image","width":1500}],"medium":[{"alt":"Pop Lip Colour + Primer Ruj","height":600,"position":2,"src":"/media/export/cms/products/600x750/cl_sku_K22026_600x750_0.png","type":"image","width":750}],"model":null,"poster":null,"small":[{"alt":"Pop Lip Colour + Primer Ruj","height":1200,"position":3,"src":"/media/export/cms/products/1200x1500/cl_sku_K22026_1200x1500_0.png","type":"image","width":1500}],"smoosh":[{"alt":"Pop Lip Colour + Primer Ruj","height":1200,"position":0,"src":"/media/export/cms/products/1200x1500/swatches_v3/38_ns_ng.png","type":"image","width":1500}],"xl":null},"out_of_stock_threshold":null,"perlgem":{"SKU_BASE_ID":79344},"preorder_date":null,"prices":[{"currency":"TRY","exclude_tax":{"original_price":69,"original_price_formatted":"69.00 TL","price":69,"price_formatted":"69.00 TL","price_per_unit":null,"price_per_unit_formatted":""},"include_tax":{"original_price":69,"original_price_formatted":"69.00 TL","price":69,"price_formatted":"69.00 TL","price_per_unit":null,"price_per_unit_formatted":""},"is_discounted":false}],"purchase_limit":null,"replenishment":{"message":null},"reviews":{"average_rating":null,"number_of_questions":null,"number_of_reviews":null},"set_components":null,"shade_groups":null,"shades":[{"description":"","hex_val":"#EA2C51","image":{"height":null,"src":"","width":null},"name":"Palm Beach Pop","smoosh_design":{"group_id":null,"name":"38::none::none"}}],"sizes":[{"key":1,"value":"3.9g"}],"skin":{"tone":null,"type":null,"type_description":null},"sku_badge":null,"sku_badge_image":null,"sku_display_order":0,"sku_id":"K22026","sku_promo_messaging":null,"sku_type":"SE","sku_url":null,"tags":{"total":10,"items":[{"id":"9423","key":"seasonal1","value":"seasonal1"},{"id":"9420","key":"hotlists","value":"hotlists"},{"id":"22734","key":"30-aninda-i̇ndi̇ri̇m","value":"%30 ANINDA İNDİRİM"},{"id":"1605","key":"ruj","value":"RUJ"},{"id":"1590","key":"i̇ndi̇ri̇mli̇-ürünler","value":"İNDİRİMLİ ÜRÜNLER"},{"id":"4323","key":"yeni̇-ürünler","value":"YENİ ÜRÜNLER"},{"id":"19288","key":"sale","value":"sale"},{"id":"8194","key":"en-çok-satan-10","value":"En Çok Satan 10 "},{"id":"2644","key":"alışverişi-tamamla","value":"Alışverişi Tamamla"},{"id":"1592","key":"makyaj","value":"MAKYAJ"}]},"texture":null,"undertone":null,"unit_of_measure":null,"unit_size":10,"unit_size_formatted":null,"upc":"020714875343","vto":{"is_color_experience":null,"is_foundation_experience":null}}]},"sub_display_name":null,"sub_header":null,"tags":{"total":12,"items":[{"id":"9423","key":"seasonal1","parent_tag_id":"9420","product_display_order":0,"value":"seasonal1"},{"id":"9420","key":"hotlists","parent_tag_id":null,"product_display_order":0,"value":"hotlists"},{"id":"22734","key":"30-aninda-i̇ndi̇ri̇m","parent_tag_id":"1590","product_display_order":0,"value":"%30 ANINDA İNDİRİM"},{"id":"13562","key":"yeni̇-yil-makyaj","parent_tag_id":"13561","product_display_order":0,"value":"YENİ YIL MAKYAJ"},{"id":"1605","key":"ruj","parent_tag_id":"1592","product_display_order":0,"value":"RUJ"},{"id":"1590","key":"i̇ndi̇ri̇mli̇-ürünler","parent_tag_id":null,"product_display_order":11,"value":"İNDİRİMLİ ÜRÜNLER"},{"id":"12537","key":"çok-satan-makyaj-ürünleri̇","parent_tag_id":"1592","product_display_order":0,"value":"ÇOK SATAN MAKYAJ ÜRÜNLERİ"},{"id":"4323","key":"yeni̇-ürünler","parent_tag_id":null,"product_display_order":217,"value":"YENİ ÜRÜNLER"},{"id":"19288","key":"sale","parent_tag_id":"1590","product_display_order":0,"value":"sale"},{"id":"8194","key":"en-çok-satan-10","parent_tag_id":null,"product_display_order":0,"value":"En Çok Satan 10 "},{"id":"2644","key":"alışverişi-tamamla","parent_tag_id":null,"product_display_order":0,"value":"Alışverişi Tamamla"},{"id":"1592","key":"makyaj","parent_tag_id":null,"product_display_order":8,"value":"MAKYAJ"}]},"usage":[{"content":null,"label":"PRODUCT USAGE","type":"product_usage"},{"content":null,"label":"HOW DOES IT WORK","type":"how_does_it_work"},{"content":null,"label":"WHO IT IS FOR","type":"who_it_is_for"},{"content":null,"label":"GREAT TO KNOW","type":"great_to_know"},{"content":null,"label":"WHAT_IT_DOES","type":"what_it_does"},{"content":"<P>Clinique Pop™ için Jonathan Adler tarafından hazıranmış özel koleksiyon. Favori destinasyonlarından aldığı ilham ile hazırladığı koleksiyon&nbsp;3 tonu&nbsp;sınırlı sayıda üretilen rujları içeriyor : Palm Beach Pop, Capri Pop&nbsp;ve Santorini Pop.&nbsp;Mücevher görünümlü lipsticklerinizin&nbsp;belirgin ve doygun renkleri&nbsp;dudaklarınızda çok güzel duracak. &nbsp;</P>","label":"WHAT_IT_IS","type":"what_it_is"}],"objectID":"49842"},{"benefit":{"statement":null,"benefits":null},"brand":null,"collection":null,"coverage":[{"key":"medium-coverage","value":"medium_coverage"}],"cross_sell":[{"sku_id":"645J01","sort_key":1},{"sku_id":"62A401","sort_key":2},{"sku_id":null,"sort_key":3},{"sku_id":"68A001","sort_key":4},{"sku_id":"68LE01","sort_key":5},{"sku_id":null,"sort_key":6}],"default_category":{"id":"1599","key":"fondöten"},"description":"<P>Akıllı fondöten! Kolay kullanımlı yağsız likit fondöten, nemsiz bölgeleri nemlendirmeye, fazla yağ olan bölgelerdeki yağ dengesini sağlamaya yardımcı olur.</P><P class=MsoNormal style=\"MARGIN: 0cm 0cm 0pt\"><?xml:namespace prefix = \"o\" ns = \"urn:schemas-microsoft-com:office:office\" /><o:p></o:p></P><P>&nbsp;</P><BR><BR>","display_mode":null,"display_name":"Superbalanced Fondöten","display_status":7,"finish":[{"key":"natural-finish","value":"natural_finish"}],"form":[{"key":"liquid-form","value":"liquid_form"}],"formula_type":null,"fragrance_family":null,"indexable_keywords":[{"value":"fondöten"},{"value":" super"},{"value":" balanced"}],"is_hazmat":false,"is_product_coming_soon":null,"is_product_displayable":true,"is_product_searchable":true,"is_product_shoppable":true,"is_product_sold_out":null,"is_product_temporarily_out_of_stock":null,"is_search_suppressed":null,"key_ingredient":null,"media":{"large":[{"alt":"Superbalanced Fondöten","height":1200,"position":0,"src":"/media/export/cms/products/1200x1500/cl_prod_4989_1200x1500_0.png","type":"image","width":1500},{"alt":"Superbalanced Fondöten","height":1200,"position":1,"src":"/media/export/cms/products/1200x1500/cl_prod_4989_1200x1500_1.png","type":"image","width":1500}],"medium":null,"poster":null,"small":[{"alt":"Superbalanced Fondöten","height":1200,"position":2,"src":"/media/export/cms/products/1200x1500/cl_prod_4989_1200x1500_0.png","type":"image","width":1500},{"alt":"Superbalanced Fondöten","height":1200,"position":3,"src":"/media/export/cms/products/1200x1500/cl_prod_4989_1200x1500_1.png","type":"image","width":1500}],"videos":[{"position":null,"poster":{"height":null,"src":null,"width":null},"provider":null,"src":null},{"position":null,"poster":{"height":null,"src":null,"width":null},"provider":null,"src":null},{"position":null,"poster":{"height":null,"src":null,"width":null},"provider":null,"src":null}],"xl":null},"meta":{"description":null,"keywords":"foundation, Super, Balanced, fund"},"parent_category":[{"id":"1599","value":"FONDÖTEN"},{"id":"1592","value":"MAKYAJ"}],"product_badge":null,"product_id":"4989","product_title_tag":null,"product_type":"Shaded","product_url":"/product/1599/4989/makyaj/fondoten/superbalanced-fondoten","reviews":{"average_rating":4.8,"number_of_questions":null,"number_of_reviews":8},"shade_groups":null,"short_description":"En çok satan. Akıllı fondöten cildi nemlendirirken fazla yağı ciltten temizler. Yağ içermez.","skin":null,"skin_goal":null,"skus":{"total":10,"items":[{"color_family":null,"coverage_options":null,"cross_sell":null,"display_status":1,"finish":null,"finish_options":null,"fragrances":[{"family":null,"key":null,"value":null}],"iln_listing":null,"iln_version_number":null,"inventory_status":"Active","is_active":true,"is_coming_soon":null,"is_default_sku":false,"is_discountable":false,"is_displayable":null,"is_engravable":null,"is_fragrance":null,"is_giftable":null,"is_giftwrap":false,"is_inactive":null,"is_multi_shaded":null,"is_out_of_stock":null,"is_preorder":false,"is_preorderable":null,"is_promotional":null,"is_replenishable":false,"is_search_suppressed":null,"is_searchable":true,"is_shaded":null,"is_sized":null,"is_sold_out":null,"is_under_weight_hazmat":false,"is_vto_enabled":null,"life_of_product":"Basic Reorder","material_code":"KXJA280000","media":{"large":[{"alt":"Superbalanced Fondöten","height":1200,"position":0,"src":"/media/export/cms/products/1200x1500/cl_sku_KXJA28_1200x1500_0.png","type":"image","width":1500}],"medium":[{"alt":"Superbalanced Fondöten","height":600,"position":1,"src":"/media/export/cms/products/600x750/cl_sku_KXJA28_600x750_0.png","type":"image","width":750}],"model":null,"poster":null,"small":[{"alt":"Superbalanced Fondöten","height":1200,"position":2,"src":"/media/export/cms/products/1200x1500/cl_sku_KXJA28_1200x1500_0.png","type":"image","width":1500}],"smoosh":null,"xl":null},"out_of_stock_threshold":null,"perlgem":{"SKU_BASE_ID":126743},"preorder_date":null,"prices":[{"currency":"TRY","exclude_tax":{"original_price":265,"original_price_formatted":"265.00 TL","price":265,"price_formatted":"265.00 TL","price_per_unit":null,"price_per_unit_formatted":""},"include_tax":{"original_price":265,"original_price_formatted":"265.00 TL","price":265,"price_formatted":"265.00 TL","price_per_unit":null,"price_per_unit_formatted":""},"is_discounted":false}],"purchase_limit":null,"replenishment":{"message":null},"reviews":{"average_rating":null,"number_of_questions":null,"number_of_reviews":null},"set_components":null,"shade_groups":null,"shades":[{"description":"","hex_val":"","image":{"height":null,"src":"","width":null},"name":"CN 34 Light","smoosh_design":{"group_id":null,"name":""}}],"sizes":[{"key":1,"value":"1.0 oz./30 ml"}],"skin":{"tone":null,"type":null,"type_description":null},"sku_badge":null,"sku_badge_image":null,"sku_display_order":0,"sku_id":"KXJA28","sku_promo_messaging":null,"sku_type":"SE","sku_url":null,"tags":{"total":1,"items":[{"id":"1599","key":"fondöten","value":"FONDÖTEN"}]},"texture":null,"undertone":null,"unit_of_measure":null,"unit_size":null,"unit_size_formatted":null,"upc":"192333074732","vto":{"is_color_experience":null,"is_foundation_experience":null}},{"color_family":null,"coverage_options":null,"cross_sell":null,"display_status":1,"finish":null,"finish_options":null,"fragrances":[{"family":null,"key":null,"value":null}],"iln_listing":null,"iln_version_number":null,"inventory_status":"Active","is_active":true,"is_coming_soon":null,"is_default_sku":false,"is_discountable":false,"is_displayable":null,"is_engravable":null,"is_fragrance":null,"is_giftable":null,"is_giftwrap":false,"is_inactive":null,"is_multi_shaded":null,"is_out_of_stock":null,"is_preorder":false,"is_preorderable":null,"is_promotional":null,"is_replenishable":false,"is_search_suppressed":null,"is_searchable":true,"is_shaded":null,"is_sized":null,"is_sold_out":null,"is_under_weight_hazmat":false,"is_vto_enabled":null,"life_of_product":"Basic Reorder","material_code":"KXJA340000","media":{"large":[{"alt":"Superbalanced Fondöten","height":1200,"position":0,"src":"/media/export/cms/products/1200x1500/cl_sku_KXJA34_1200x1500_0.png","type":"image","width":1500}],"medium":[{"alt":"Superbalanced Fondöten","height":600,"position":1,"src":"/media/export/cms/products/600x750/cl_sku_KXJA34_600x750_0.png","type":"image","width":750}],"model":null,"poster":null,"small":[{"alt":"Superbalanced Fondöten","height":1200,"position":2,"src":"/media/export/cms/products/1200x1500/cl_sku_KXJA34_1200x1500_0.png","type":"image","width":1500}],"smoosh":null,"xl":null},"out_of_stock_threshold":null,"perlgem":{"SKU_BASE_ID":126744},"preorder_date":null,"prices":[{"currency":"TRY","exclude_tax":{"original_price":225,"original_price_formatted":"225.00 TL","price":225,"price_formatted":"225.00 TL","price_per_unit":null,"price_per_unit_formatted":""},"include_tax":{"original_price":225,"original_price_formatted":"225.00 TL","price":225,"price_formatted":"225.00 TL","price_per_unit":null,"price_per_unit_formatted":""},"is_discounted":false}],"purchase_limit":null,"replenishment":{"message":null},"reviews":{"average_rating":null,"number_of_questions":null,"number_of_reviews":null},"set_components":null,"shade_groups":null,"shades":[{"description":"","hex_val":"","image":{"height":null,"src":"","width":null},"name":"CN 43 Nude Beige","smoosh_design":{"group_id":null,"name":""}}],"sizes":[{"key":1,"value":"1.0 oz./30 ml"}],"skin":{"tone":null,"type":null,"type_description":null},"sku_badge":null,"sku_badge_image":null,"sku_display_order":0,"sku_id":"KXJA34","sku_promo_messaging":null,"sku_type":"SE","sku_url":null,"tags":{"total":1,"items":[{"id":"1599","key":"fondöten","value":"FONDÖTEN"}]},"texture":null,"undertone":null,"unit_of_measure":null,"unit_size":null,"unit_size_formatted":null,"upc":"192333074763","vto":{"is_color_experience":null,"is_foundation_experience":null}},{"color_family":null,"coverage_options":null,"cross_sell":null,"display_status":1,"finish":null,"finish_options":null,"fragrances":[{"family":null,"key":null,"value":null}],"iln_listing":null,"iln_version_number":null,"inventory_status":"Active","is_active":true,"is_coming_soon":null,"is_default_sku":false,"is_discountable":false,"is_displayable":null,"is_engravable":null,"is_fragrance":null,"is_giftable":null,"is_giftwrap":false,"is_inactive":null,"is_multi_shaded":null,"is_out_of_stock":null,"is_preorder":false,"is_preorderable":null,"is_promotional":null,"is_replenishable":false,"is_search_suppressed":null,"is_searchable":true,"is_shaded":null,"is_sized":null,"is_sold_out":null,"is_under_weight_hazmat":false,"is_vto_enabled":null,"life_of_product":"Basic Reorder","material_code":"KXJA010000","media":{"large":[{"alt":"Superbalanced Fondöten","height":1200,"position":1,"src":"/media/export/cms/products/1200x1500/cl_sku_KXJA01_1200x1500_0.png","type":"image","width":1500}],"medium":[{"alt":"Superbalanced Fondöten","height":600,"position":2,"src":"/media/export/cms/products/600x750/cl_sku_KXJA01_600x750_0.png","type":"image","width":750}],"model":null,"poster":null,"small":[{"alt":"Superbalanced Fondöten","height":1200,"position":3,"src":"/media/export/cms/products/1200x1500/cl_sku_KXJA01_1200x1500_0.png","type":"image","width":1500}],"smoosh":[{"alt":"Superbalanced Fondöten","height":1200,"position":0,"src":"/media/export/cms/products/1200x1500/swatches_v3/55_ns_ng.png","type":"image","width":1500}],"xl":null},"out_of_stock_threshold":null,"perlgem":{"SKU_BASE_ID":126700},"preorder_date":null,"prices":[{"currency":"TRY","exclude_tax":{"original_price":265,"original_price_formatted":"265.00 TL","price":265,"price_formatted":"265.00 TL","price_per_unit":null,"price_per_unit_formatted":""},"include_tax":{"original_price":265,"original_price_formatted":"265.00 TL","price":265,"price_formatted":"265.00 TL","price_per_unit":null,"price_per_unit_formatted":""},"is_discounted":false}],"purchase_limit":null,"replenishment":{"message":null},"reviews":{"average_rating":null,"number_of_questions":null,"number_of_reviews":null},"set_components":null,"shade_groups":null,"shades":[{"description":"","hex_val":"#F5D4B7","image":{"height":null,"src":"","width":null},"name":"Petal","smoosh_design":{"group_id":null,"name":"55::none::none"}}],"sizes":[{"key":1,"value":"30ml"}],"skin":{"tone":null,"type":null,"type_description":null},"sku_badge":null,"sku_badge_image":null,"sku_display_order":0,"sku_id":"KXJA01","sku_promo_messaging":null,"sku_type":"SE","sku_url":null,"tags":{"total":1,"items":[{"id":"1599","key":"fondöten","value":"FONDÖTEN"}]},"texture":null,"undertone":null,"unit_of_measure":null,"unit_size":null,"unit_size_formatted":null,"upc":"192333074282","vto":{"is_color_experience":null,"is_foundation_experience":null}},{"color_family":null,"coverage_options":null,"cross_sell":null,"display_status":1,"finish":null,"finish_options":null,"fragrances":[{"family":null,"key":null,"value":null}],"iln_listing":null,"iln_version_number":null,"inventory_status":"Active","is_active":true,"is_coming_soon":null,"is_default_sku":false,"is_discountable":false,"is_displayable":null,"is_engravable":null,"is_fragrance":null,"is_giftable":null,"is_giftwrap":false,"is_inactive":null,"is_multi_shaded":null,"is_out_of_stock":null,"is_preorder":false,"is_preorderable":null,"is_promotional":null,"is_replenishable":false,"is_search_suppressed":null,"is_searchable":true,"is_shaded":null,"is_sized":null,"is_sold_out":null,"is_under_weight_hazmat":false,"is_vto_enabled":null,"life_of_product":"Basic Reorder","material_code":"KXJA330000","media":{"large":[{"alt":"Superbalanced Fondöten","height":1200,"position":0,"src":"/media/export/cms/products/1200x1500/cl_sku_KXJA33_1200x1500_0.png","type":"image","width":1500}],"medium":[{"alt":"Superbalanced Fondöten","height":600,"position":1,"src":"/media/export/cms/products/600x750/cl_sku_KXJA33_600x750_0.png","type":"image","width":750}],"model":null,"poster":null,"small":[{"alt":"Superbalanced Fondöten","height":1200,"position":2,"src":"/media/export/cms/products/1200x1500/cl_sku_KXJA33_1200x1500_0.png","type":"image","width":1500}],"smoosh":null,"xl":null},"out_of_stock_threshold":null,"perlgem":{"SKU_BASE_ID":126745},"preorder_date":null,"prices":[{"currency":"TRY","exclude_tax":{"original_price":225,"original_price_formatted":"225.00 TL","price":225,"price_formatted":"225.00 TL","price_per_unit":null,"price_per_unit_formatted":""},"include_tax":{"original_price":225,"original_price_formatted":"225.00 TL","price":225,"price_formatted":"225.00 TL","price_per_unit":null,"price_per_unit_formatted":""},"is_discounted":false}],"purchase_limit":null,"replenishment":{"message":null},"reviews":{"average_rating":null,"number_of_questions":null,"number_of_reviews":null},"set_components":null,"shade_groups":null,"shades":[{"description":"","hex_val":"","image":{"height":null,"src":"","width":null},"name":"WN 13 Cream","smoosh_design":{"group_id":null,"name":""}}],"sizes":[{"key":1,"value":"1.0 oz./30 ml"}],"skin":{"tone":null,"type":null,"type_description":null},"sku_badge":null,"sku_badge_image":null,"sku_display_order":0,"sku_id":"KXJA33","sku_promo_messaging":null,"sku_type":"SE","sku_url":null,"tags":{"total":1,"items":[{"id":"1599","key":"fondöten","value":"FONDÖTEN"}]},"texture":null,"undertone":null,"unit_of_measure":null,"unit_size":null,"unit_size_formatted":null,"upc":"192333074756","vto":{"is_color_experience":null,"is_foundation_experience":null}},{"color_family":null,"coverage_options":null,"cross_sell":null,"display_status":1,"finish":null,"finish_options":null,"fragrances":[{"family":null,"key":null,"value":null}],"iln_listing":null,"iln_version_number":null,"inventory_status":"Active","is_active":true,"is_coming_soon":null,"is_default_sku":false,"is_discountable":false,"is_displayable":null,"is_engravable":null,"is_fragrance":null,"is_giftable":null,"is_giftwrap":false,"is_inactive":null,"is_multi_shaded":null,"is_out_of_stock":null,"is_preorder":false,"is_preorderable":null,"is_promotional":null,"is_replenishable":false,"is_search_suppressed":null,"is_searchable":true,"is_shaded":null,"is_sized":null,"is_sold_out":null,"is_under_weight_hazmat":false,"is_vto_enabled":null,"life_of_product":"Basic Reorder","material_code":"KXJA270000","media":{"large":[{"alt":"Superbalanced Fondöten","height":1200,"position":0,"src":"/media/export/cms/products/1200x1500/cl_sku_KXJA27_1200x1500_0.png","type":"image","width":1500}],"medium":[{"alt":"Superbalanced Fondöten","height":600,"position":1,"src":"/media/export/cms/products/600x750/cl_sku_KXJA27_600x750_0.png","type":"image","width":750}],"model":null,"poster":null,"small":[{"alt":"Superbalanced Fondöten","height":1200,"position":2,"src":"/media/export/cms/products/1200x1500/cl_sku_KXJA27_1200x1500_0.png","type":"image","width":1500}],"smoosh":null,"xl":null},"out_of_stock_threshold":null,"perlgem":{"SKU_BASE_ID":126742},"preorder_date":null,"prices":[{"currency":"TRY","exclude_tax":{"original_price":265,"original_price_formatted":"265.00 TL","price":265,"price_formatted":"265.00 TL","price_per_unit":null,"price_per_unit_formatted":""},"include_tax":{"original_price":265,"original_price_formatted":"265.00 TL","price":265,"price_formatted":"265.00 TL","price_per_unit":null,"price_per_unit_formatted":""},"is_discounted":false}],"purchase_limit":null,"replenishment":{"message":null},"reviews":{"average_rating":null,"number_of_questions":null,"number_of_reviews":null},"set_components":null,"shade_groups":null,"shades":[{"description":"","hex_val":"","image":{"height":null,"src":"","width":null},"name":"CN 10 Alabaster","smoosh_design":{"group_id":null,"name":""}}],"sizes":[{"key":1,"value":"1.0 oz./30 ml"}],"skin":{"tone":null,"type":null,"type_description":null},"sku_badge":null,"sku_badge_image":null,"sku_display_order":0,"sku_id":"KXJA27","sku_promo_messaging":null,"sku_type":"SE","sku_url":null,"tags":{"total":1,"items":[{"id":"1599","key":"fondöten","value":"FONDÖTEN"}]},"texture":null,"undertone":null,"unit_of_measure":null,"unit_size":null,"unit_size_formatted":null,"upc":"192333074725","vto":{"is_color_experience":null,"is_foundation_experience":null}},{"color_family":null,"coverage_options":null,"cross_sell":null,"display_status":1,"finish":null,"finish_options":null,"fragrances":[{"family":null,"key":null,"value":null}],"iln_listing":null,"iln_version_number":null,"inventory_status":"Sold Out","is_active":null,"is_coming_soon":null,"is_default_sku":false,"is_discountable":false,"is_displayable":null,"is_engravable":null,"is_fragrance":null,"is_giftable":null,"is_giftwrap":false,"is_inactive":null,"is_multi_shaded":null,"is_out_of_stock":null,"is_preorder":false,"is_preorderable":null,"is_promotional":null,"is_replenishable":false,"is_search_suppressed":null,"is_searchable":true,"is_shaded":null,"is_sized":null,"is_sold_out":true,"is_under_weight_hazmat":false,"is_vto_enabled":null,"life_of_product":"Limited life","material_code":"KXJA020000","media":{"large":[{"alt":"Superbalanced Fondöten","height":1200,"position":0,"src":"/media/export/cms/products/1200x1500/cl_sku_KXJA02_1200x1500_0.png","type":"image","width":1500}],"medium":[{"alt":"Superbalanced Fondöten","height":600,"position":1,"src":"/media/export/cms/products/600x750/cl_sku_KXJA02_600x750_0.png","type":"image","width":750}],"model":null,"poster":null,"small":[{"alt":"Superbalanced Fondöten","height":1200,"position":2,"src":"/media/export/cms/products/1200x1500/cl_sku_KXJA02_1200x1500_0.png","type":"image","width":1500}],"smoosh":null,"xl":null},"out_of_stock_threshold":null,"perlgem":{"SKU_BASE_ID":126701},"preorder_date":null,"prices":[{"currency":"TRY","exclude_tax":{"original_price":245,"original_price_formatted":"245.00 TL","price":245,"price_formatted":"245.00 TL","price_per_unit":null,"price_per_unit_formatted":""},"include_tax":{"original_price":245,"original_price_formatted":"245.00 TL","price":245,"price_formatted":"245.00 TL","price_per_unit":null,"price_per_unit_formatted":""},"is_discounted":false}],"purchase_limit":null,"replenishment":{"message":null},"reviews":{"average_rating":null,"number_of_questions":null,"number_of_reviews":null},"set_components":null,"shade_groups":null,"shades":[{"description":"","hex_val":"","image":{"height":null,"src":"","width":null},"name":"Fair","smoosh_design":{"group_id":null,"name":""}}],"sizes":[{"key":1,"value":"30ml"}],"skin":{"tone":null,"type":null,"type_description":null},"sku_badge":null,"sku_badge_image":null,"sku_display_order":0,"sku_id":"KXJA02","sku_promo_messaging":null,"sku_type":"SE","sku_url":null,"tags":{"total":1,"items":[{"id":"1599","key":"fondöten","value":"FONDÖTEN"}]},"texture":null,"undertone":null,"unit_of_measure":null,"unit_size":null,"unit_size_formatted":null,"upc":"192333074565","vto":{"is_color_experience":null,"is_foundation_experience":null}},{"color_family":null,"coverage_options":null,"cross_sell":null,"display_status":1,"finish":null,"finish_options":null,"fragrances":[{"family":null,"key":null,"value":null}],"iln_listing":null,"iln_version_number":null,"inventory_status":"Sold Out","is_active":null,"is_coming_soon":null,"is_default_sku":false,"is_discountable":false,"is_displayable":null,"is_engravable":null,"is_fragrance":null,"is_giftable":null,"is_giftwrap":false,"is_inactive":null,"is_multi_shaded":null,"is_out_of_stock":null,"is_preorder":false,"is_preorderable":null,"is_promotional":null,"is_replenishable":false,"is_search_suppressed":null,"is_searchable":true,"is_shaded":null,"is_sized":null,"is_sold_out":true,"is_under_weight_hazmat":false,"is_vto_enabled":null,"life_of_product":"Limited life","material_code":"KXJA110000","media":{"large":[{"alt":"Superbalanced Fondöten","height":1200,"position":0,"src":"/media/export/cms/products/1200x1500/cl_sku_KXJA11_1200x1500_0.png","type":"image","width":1500}],"medium":[{"alt":"Superbalanced Fondöten","height":600,"position":1,"src":"/media/export/cms/products/600x750/cl_sku_KXJA11_600x750_0.png","type":"image","width":750}],"model":null,"poster":null,"small":[{"alt":"Superbalanced Fondöten","height":1200,"position":2,"src":"/media/export/cms/products/1200x1500/cl_sku_KXJA11_1200x1500_0.png","type":"image","width":1500}],"smoosh":null,"xl":null},"out_of_stock_threshold":null,"perlgem":{"SKU_BASE_ID":126705},"preorder_date":null,"prices":[{"currency":"TRY","exclude_tax":{"original_price":225,"original_price_formatted":"225.00 TL","price":225,"price_formatted":"225.00 TL","price_per_unit":null,"price_per_unit_formatted":""},"include_tax":{"original_price":225,"original_price_formatted":"225.00 TL","price":225,"price_formatted":"225.00 TL","price_per_unit":null,"price_per_unit_formatted":""},"is_discounted":false}],"purchase_limit":null,"replenishment":{"message":null},"reviews":{"average_rating":null,"number_of_questions":null,"number_of_reviews":null},"set_components":null,"shade_groups":null,"shades":[{"description":"","hex_val":"","image":{"height":null,"src":"","width":null},"name":"Sunny","smoosh_design":{"group_id":null,"name":""}}],"sizes":[{"key":1,"value":"30ml"}],"skin":{"tone":null,"type":null,"type_description":null},"sku_badge":null,"sku_badge_image":null,"sku_display_order":0,"sku_id":"KXJA11","sku_promo_messaging":null,"sku_type":"SE","sku_url":null,"tags":{"total":1,"items":[{"id":"1599","key":"fondöten","value":"FONDÖTEN"}]},"texture":null,"undertone":null,"unit_of_measure":null,"unit_size":null,"unit_size_formatted":null,"upc":"192333074664","vto":{"is_color_experience":null,"is_foundation_experience":null}},{"color_family":null,"coverage_options":null,"cross_sell":null,"display_status":1,"finish":null,"finish_options":null,"fragrances":[{"family":null,"key":null,"value":null}],"iln_listing":null,"iln_version_number":null,"inventory_status":"Sold Out","is_active":null,"is_coming_soon":null,"is_default_sku":false,"is_discountable":false,"is_displayable":null,"is_engravable":null,"is_fragrance":null,"is_giftable":null,"is_giftwrap":false,"is_inactive":null,"is_multi_shaded":null,"is_out_of_stock":null,"is_preorder":false,"is_preorderable":null,"is_promotional":null,"is_replenishable":false,"is_search_suppressed":null,"is_searchable":true,"is_shaded":null,"is_sized":null,"is_sold_out":true,"is_under_weight_hazmat":false,"is_vto_enabled":null,"life_of_product":"Limited life","material_code":"KXJA090000","media":{"large":[{"alt":"Superbalanced Fondöten","height":1200,"position":0,"src":"/media/export/cms/products/1200x1500/cl_sku_KXJA09_1200x1500_0.png","type":"image","width":1500}],"medium":[{"alt":"Superbalanced Fondöten","height":600,"position":1,"src":"/media/export/cms/products/600x750/cl_sku_KXJA09_600x750_0.png","type":"image","width":750}],"model":null,"poster":null,"small":[{"alt":"Superbalanced Fondöten","height":1200,"position":2,"src":"/media/export/cms/products/1200x1500/cl_sku_KXJA09_1200x1500_0.png","type":"image","width":1500}],"smoosh":null,"xl":null},"out_of_stock_threshold":null,"perlgem":{"SKU_BASE_ID":126704},"preorder_date":null,"prices":[{"currency":"TRY","exclude_tax":{"original_price":225,"original_price_formatted":"225.00 TL","price":225,"price_formatted":"225.00 TL","price_per_unit":null,"price_per_unit_formatted":""},"include_tax":{"original_price":225,"original_price_formatted":"225.00 TL","price":225,"price_formatted":"225.00 TL","price_per_unit":null,"price_per_unit_formatted":""},"is_discounted":false}],"purchase_limit":null,"replenishment":{"message":null},"reviews":{"average_rating":null,"number_of_questions":null,"number_of_reviews":null},"set_components":null,"shade_groups":null,"shades":[{"description":"","hex_val":"","image":{"height":null,"src":"","width":null},"name":"Sand","smoosh_design":{"group_id":null,"name":""}}],"sizes":[{"key":1,"value":"30ml"}],"skin":{"tone":null,"type":null,"type_description":null},"sku_badge":null,"sku_badge_image":null,"sku_display_order":0,"sku_id":"KXJA09","sku_promo_messaging":null,"sku_type":"SE","sku_url":null,"tags":{"total":1,"items":[{"id":"1599","key":"fondöten","value":"FONDÖTEN"}]},"texture":null,"undertone":null,"unit_of_measure":null,"unit_size":null,"unit_size_formatted":null,"upc":"192333074640","vto":{"is_color_experience":null,"is_foundation_experience":null}},{"color_family":null,"coverage_options":null,"cross_sell":null,"display_status":1,"finish":null,"finish_options":null,"fragrances":[{"family":null,"key":null,"value":null}],"iln_listing":null,"iln_version_number":null,"inventory_status":"Active","is_active":true,"is_coming_soon":null,"is_default_sku":false,"is_discountable":false,"is_displayable":null,"is_engravable":null,"is_fragrance":null,"is_giftable":null,"is_giftwrap":false,"is_inactive":null,"is_multi_shaded":null,"is_out_of_stock":null,"is_preorder":false,"is_preorderable":null,"is_promotional":null,"is_replenishable":false,"is_search_suppressed":null,"is_searchable":true,"is_shaded":null,"is_sized":null,"is_sold_out":null,"is_under_weight_hazmat":false,"is_vto_enabled":null,"life_of_product":"Limited life","material_code":"KXJA060000","media":{"large":[{"alt":"Superbalanced Fondöten","height":1200,"position":0,"src":"/media/export/cms/products/1200x1500/cl_sku_KXJA06_1200x1500_0.png","type":"image","width":1500}],"medium":[{"alt":"Superbalanced Fondöten","height":600,"position":1,"src":"/media/export/cms/products/600x750/cl_sku_KXJA06_600x750_0.png","type":"image","width":750}],"model":null,"poster":null,"small":[{"alt":"Superbalanced Fondöten","height":1200,"position":2,"src":"/media/export/cms/products/1200x1500/cl_sku_KXJA06_1200x1500_0.png","type":"image","width":1500}],"smoosh":null,"xl":null},"out_of_stock_threshold":null,"perlgem":{"SKU_BASE_ID":126702},"preorder_date":null,"prices":[{"currency":"TRY","exclude_tax":{"original_price":265,"original_price_formatted":"265.00 TL","price":265,"price_formatted":"265.00 TL","price_per_unit":null,"price_per_unit_formatted":""},"include_tax":{"original_price":265,"original_price_formatted":"265.00 TL","price":265,"price_formatted":"265.00 TL","price_per_unit":null,"price_per_unit_formatted":""},"is_discounted":false}],"purchase_limit":null,"replenishment":{"message":null},"reviews":{"average_rating":null,"number_of_questions":null,"number_of_reviews":null},"set_components":null,"shade_groups":null,"shades":[{"description":"","hex_val":"","image":{"height":null,"src":"","width":null},"name":"Linen","smoosh_design":{"group_id":null,"name":""}}],"sizes":[{"key":1,"value":"30ml"}],"skin":{"tone":null,"type":null,"type_description":null},"sku_badge":null,"sku_badge_image":null,"sku_display_order":0,"sku_id":"KXJA06","sku_promo_messaging":null,"sku_type":"SE","sku_url":null,"tags":{"total":1,"items":[{"id":"1599","key":"fondöten","value":"FONDÖTEN"}]},"texture":null,"undertone":null,"unit_of_measure":null,"unit_size":null,"unit_size_formatted":null,"upc":"192333074619","vto":{"is_color_experience":null,"is_foundation_experience":null}},{"color_family":[{"key":"dark-color","value":"dark_color"}],"coverage_options":null,"cross_sell":null,"display_status":7,"finish":[{"key":"natural-finish","value":"natural_finish"}],"finish_options":[{"key":"natural-finish","value":"natural_finish"}],"fragrances":[{"family":null,"key":null,"value":null}],"iln_listing":null,"iln_version_number":null,"inventory_status":"Active","is_active":true,"is_coming_soon":null,"is_default_sku":false,"is_discountable":true,"is_displayable":null,"is_engravable":null,"is_fragrance":null,"is_giftable":null,"is_giftwrap":false,"is_inactive":null,"is_multi_shaded":null,"is_out_of_stock":null,"is_preorder":false,"is_preorderable":null,"is_promotional":null,"is_replenishable":true,"is_search_suppressed":null,"is_searchable":true,"is_shaded":null,"is_sized":null,"is_sold_out":null,"is_under_weight_hazmat":false,"is_vto_enabled":null,"life_of_product":"Basic Reorder","material_code":"60QH170001","media":{"large":[{"alt":"Superbalanced Fondöten","height":1200,"position":1,"src":"/media/export/cms/products/1200x1500/cl_sku_60QH17_1200x1500_0.png","type":"image","width":1500}],"medium":[{"alt":"Superbalanced Fondöten","height":600,"position":3,"src":"/media/export/cms/products/600x750/cl_sku_60QH17_600x750_0.png","type":"image","width":750}],"model":[{"alt":"Superbalanced Fondöten","height":null,"position":2,"src":"/media/export/cms/model/D2.jpg","type":"image","width":null}],"poster":null,"small":[{"alt":"Superbalanced Fondöten","height":1200,"position":4,"src":"/media/export/cms/products/1200x1500/cl_sku_60QH17_1200x1500_0.png","type":"image","width":1500}],"smoosh":[{"alt":"Superbalanced Fondöten","height":1200,"position":0,"src":"/media/export/cms/products/1200x1500/swatches_v3/55_ns_ng.png","type":"image","width":1500}],"xl":null},"out_of_stock_threshold":null,"perlgem":{"SKU_BASE_ID":11465},"preorder_date":null,"prices":[{"currency":"TRY","exclude_tax":{"original_price":265,"original_price_formatted":"265.00 TL","price":265,"price_formatted":"265.00 TL","price_per_unit":null,"price_per_unit_formatted":""},"include_tax":{"original_price":265,"original_price_formatted":"265.00 TL","price":265,"price_formatted":"265.00 TL","price_per_unit":null,"price_per_unit_formatted":""},"is_discounted":false}],"purchase_limit":null,"replenishment":{"message":null},"reviews":{"average_rating":null,"number_of_questions":null,"number_of_reviews":null},"set_components":null,"shade_groups":null,"shades":[{"description":"","hex_val":"#A65E33","image":{"height":null,"src":"","width":null},"name":"WN 118 Amber","smoosh_design":{"group_id":null,"name":"55::none::none"}}],"sizes":[{"key":1,"value":"30ml"}],"skin":{"tone":null,"type":[{"key":"dry-skintype","value":"dry_skintype"}],"type_description":null},"sku_badge":null,"sku_badge_image":null,"sku_display_order":24,"sku_id":"60QH17","sku_promo_messaging":null,"sku_type":"SE","sku_url":null,"tags":{"total":3,"items":[{"id":"1592","key":"makyaj","value":"MAKYAJ"},{"id":"1596","key":"göz-alti-kapaticilari","value":"GÖZ ALTI KAPATICILARI"},{"id":"1599","key":"fondöten","value":"FONDÖTEN"}]},"texture":null,"undertone":[{"key":"warm-undertone","value":"warm_undertone"}],"unit_of_measure":null,"unit_size":0,"unit_size_formatted":null,"upc":"020714158231","vto":{"is_color_experience":null,"is_foundation_experience":null}}]},"sub_display_name":null,"sub_header":null,"tags":{"total":14,"items":[{"id":"1590","key":"i̇ndi̇ri̇mli̇-ürünler","parent_tag_id":null,"product_display_order":0,"value":"İNDİRİMLİ ÜRÜNLER"},{"id":"1592","key":"makyaj","parent_tag_id":null,"product_display_order":4,"value":"MAKYAJ"},{"id":"1596","key":"göz-alti-kapaticilari","parent_tag_id":"1592","product_display_order":0,"value":"GÖZ ALTI KAPATICILARI"},{"id":"1575","key":"en-çok-satanlar","parent_tag_id":null,"product_display_order":78,"value":"En Çok Satanlar"},{"id":"9422","key":"socialmediafavs","parent_tag_id":"9420","product_display_order":1,"value":"socialmediafavs"},{"id":"27172","key":"day5flashsale","parent_tag_id":"1590","product_display_order":58,"value":"Day5FlashSale"},{"id":"12537","key":"çok-satan-makyaj-ürünleri̇","parent_tag_id":"1592","product_display_order":1,"value":"ÇOK SATAN MAKYAJ ÜRÜNLERİ"},{"id":"1599","key":"fondöten","parent_tag_id":"1592","product_display_order":28,"value":"FONDÖTEN"},{"id":"13562","key":"yeni̇-yil-makyaj","parent_tag_id":"13561","product_display_order":0,"value":"YENİ YIL MAKYAJ"},{"id":"25016","key":"top-sellers","parent_tag_id":"4323","product_display_order":0,"value":"Top Sellers"},{"id":"10589","key":"offers-lp","parent_tag_id":null,"product_display_order":1,"value":"Offers LP"},{"id":"19400","key":"20-discounted-products","parent_tag_id":"1599","product_display_order":0,"value":"%20 discounted products"},{"id":"13770","key":"recommended-clinique-favourites","parent_tag_id":null,"product_display_order":0,"value":"Recommended Clinique Favourites"},{"id":"27171","key":"day4flashsale","parent_tag_id":"1590","product_display_order":0,"value":"Day4FlashSale"}]},"usage":[{"content":"<UL><LI><A href=\"/cms/product/franchise/3step_system_detail.tmpl\">3 Adımlı Cilt Bakım Sisteminden </A>sonra uygulayın.</LI><LI>&nbsp;Parmakla veya fondöten fırçasıyla, yüz ortasından başlayıp, kenarlara doğru uygulayın.</LI><LI>&nbsp;Doğal ve kusursuz bir görünüm için eşit olarak yayın, özellikle çene çizgisine yakın yerlerde renk tonu farkı oluşmamasına dikkat edin. </LI></UL>","label":"PRODUCT USAGE","type":"product_usage"},{"content":null,"label":"HOW DOES IT WORK","type":"how_does_it_work"},{"content":"Kuru karma ve karma yağlı ciltler","label":"WHO IT IS FOR","type":"who_it_is_for"},{"content":null,"label":"GREAT TO KNOW","type":"great_to_know"},{"content":"İster yanaklarda kuru, ister T bölgesinde yağlı olun, bu yenilikçi Süper Dengeli Makyaj, cildinizin doğal olarak mükemmel bir görünüm için tam olarak ihtiyaç duyduğu şeyi sunar. Uzun süre kalıcı sıvı fondöten uygulamadan sonra ipeksi bir yapıya sahiptir ve suya dayanıklı, orta derecede koruma sağlar.<br><br><b>Nasıl Kullanılır?</b><br><ul><li>Yüzün ortasından başlayın ve Fondöten Fırçası veya parmak uçlarınızla dışa doğru uygulayın. Pürüzsüz, doğal görünümlü bir kaplama için eşit olarak karıştırın.</li><li>Kesintisiz bir görünüm için parmak uçlarını nemlendirin ve kenarları, özellikle de çene çizgisi boyunca karıştırın.</li><li>En sevdiğiniz Clinique makyaj çıkarıcı ile çıkarın.</li></ul>","label":"WHAT_IT_DOES","type":"what_it_does"},{"content":"Yağ içermeyen nemlendirme sağlayan ve ciltteki fazla yağı en aza indiren sıvı fondöten.","label":"WHAT_IT_IS","type":"what_it_is"}],"objectID":"4989"},{"benefit":{"statement":null,"benefits":null},"brand":null,"collection":null,"coverage":null,"cross_sell":[{"sku_id":"62A401","sort_key":1},{"sku_id":"68LE01","sort_key":2},{"sku_id":"76WY01","sort_key":3},{"sku_id":"663E02","sort_key":4},{"sku_id":"6F3701","sort_key":5},{"sku_id":"6MNY01","sort_key":6}],"default_category":{"id":"1673","key":"makyaj-temi̇zli̇yi̇ci̇leri̇"},"description":"<P>&nbsp;Göz makyajını nazikçe ve derinlemesine temizlemeye yardımcı, kremsi – jel göz makyaj temizleyicisi. Oftalmolojik olarak test edilmiştir. Kontak lens kullananlar için uygundur. <BR>Alerji Testinden Geçirilmiştir. %100 Parfümsüzdür. Yağsızdır. Oftalmolojik Olarak Test Edilmiştir.</P><P>&nbsp;Gözyaşında bulunan Saline ve Sucrose gibi maddelere benzeyen, patentli&nbsp; \"doğal gözyaşı teknolojisi\" ile uzun süre kalıcı rimeller dahil göz makyajını nazikçe ve derinlemesine temizlemeye yardımcı olur. Susam yağı sayesinde yağlı makyajı da temizler.<BR>- Makyajı temizlerken cildi yatıştırmayı destekler.<BR>- Kremsi kıvamı yağsızdır. Cildin temiz ve rahat hissetmesini sağlamaya yardımcı olur; kalıntı bırakmaz.</P>","display_mode":null,"display_name":"Naturally Gentle Göz Makyaj Temizleyicisi","display_status":7,"finish":null,"form":null,"formula_type":null,"fragrance_family":null,"indexable_keywords":[{"value":"temizleyici"},{"value":" makyaj temizleyicisi"}],"is_hazmat":false,"is_product_coming_soon":null,"is_product_displayable":true,"is_product_searchable":true,"is_product_shoppable":true,"is_product_sold_out":null,"is_product_temporarily_out_of_stock":null,"is_search_suppressed":null,"key_ingredient":null,"media":{"large":null,"medium":null,"poster":null,"small":null,"videos":[{"position":null,"poster":{"height":null,"src":null,"width":null},"provider":null,"src":null},{"position":null,"poster":{"height":null,"src":null,"width":null},"provider":null,"src":null},{"position":null,"poster":{"height":null,"src":null,"width":null},"provider":null,"src":null}],"xl":null},"meta":{"description":null,"keywords":"cleanser,makeup remover"},"parent_category":[{"id":"1673","value":"MAKYAJ TEMİZLİYİCİLERİ"},{"id":"1667","value":"CİLT BAKIMI"}],"product_badge":null,"product_id":"4992","product_title_tag":null,"product_type":"Sized","product_url":"/product/1673/4992/cilt-bakimi/makyaj-temizliyicileri/naturally-gentle-goz-makyaj-temizleyicisi","reviews":{"average_rating":null,"number_of_questions":null,"number_of_reviews":null},"shade_groups":null,"short_description":"Clinique'in en hassas göz makyaj temizleyicisidir. Göz makyajını temizler. Tüm cilt tipleri için uygundur.","skin":null,"skin_goal":null,"skus":{"total":1,"items":[{"color_family":null,"coverage_options":null,"cross_sell":null,"display_status":7,"finish":null,"finish_options":null,"fragrances":[{"family":null,"key":null,"value":null}],"iln_listing":null,"iln_version_number":null,"inventory_status":"Active","is_active":true,"is_coming_soon":null,"is_default_sku":null,"is_discountable":true,"is_displayable":null,"is_engravable":null,"is_fragrance":null,"is_giftable":null,"is_giftwrap":false,"is_inactive":null,"is_multi_shaded":null,"is_out_of_stock":null,"is_preorder":false,"is_preorderable":null,"is_promotional":null,"is_replenishable":false,"is_search_suppressed":null,"is_searchable":true,"is_shaded":null,"is_sized":null,"is_sold_out":null,"is_under_weight_hazmat":false,"is_vto_enabled":null,"life_of_product":"Basic Reorder","material_code":"68F3010001","media":{"large":[{"alt":"Naturally Gentle Göz Makyaj Temizleyicisi","height":1200,"position":0,"src":"/media/export/cms/products/1200x1500/cl_sku_68F301_1200x1500_0.png","type":"image","width":1500}],"medium":[{"alt":"Naturally Gentle Göz Makyaj Temizleyicisi","height":600,"position":1,"src":"/media/export/cms/products/600x750/cl_sku_68F301_600x750_0.png","type":"image","width":750}],"model":null,"poster":null,"small":[{"alt":"Naturally Gentle Göz Makyaj Temizleyicisi","height":1200,"position":2,"src":"/media/export/cms/products/1200x1500/cl_sku_68F301_1200x1500_0.png","type":"image","width":1500}],"smoosh":null,"xl":null},"out_of_stock_threshold":null,"perlgem":{"SKU_BASE_ID":12590},"preorder_date":null,"prices":[{"currency":"TRY","exclude_tax":{"original_price":195,"original_price_formatted":"195.00 TL","price":195,"price_formatted":"195.00 TL","price_per_unit":null,"price_per_unit_formatted":""},"include_tax":{"original_price":195,"original_price_formatted":"195.00 TL","price":195,"price_formatted":"195.00 TL","price_per_unit":null,"price_per_unit_formatted":""},"is_discounted":false}],"purchase_limit":null,"replenishment":{"message":"Recommended Auto-Ship cycle: 12 weeks  Learn more >"},"reviews":{"average_rating":null,"number_of_questions":null,"number_of_reviews":null},"set_components":null,"shade_groups":null,"shades":null,"sizes":[{"key":1,"value":"75 ml"}],"skin":{"tone":null,"type":null,"type_description":null},"sku_badge":null,"sku_badge_image":null,"sku_display_order":0,"sku_id":"68F301","sku_promo_messaging":null,"sku_type":"SE","sku_url":null,"tags":{"total":10,"items":[{"id":"13659","key":"travel-minis","value":"Travel Minis"},{"id":"13562","key":"yeni̇-yil-makyaj","value":"YENİ YIL MAKYAJ"},{"id":"1628","key":"-evde-bakim","value":"# EVDE BAKIM"},{"id":"1683","key":"göz-dudak-bakimi","value":"GÖZ & DUDAK BAKIMI"},{"id":"13563","key":"yeni̇-yil-ci̇lt-bakimi","value":"YENİ YIL CİLT BAKIMI"},{"id":"1673","key":"makyaj-temi̇zli̇yi̇ci̇leri̇","value":"MAKYAJ TEMİZLİYİCİLERİ"},{"id":"20011","key":"makeup-removers","value":"Makeup Removers"},{"id":"2752","key":"çok-satan-ci̇lt-bakim-ürünleri̇","value":"ÇOK SATAN CİLT BAKIM ÜRÜNLERİ"},{"id":"9422","key":"socialmediafavs","value":"socialmediafavs"},{"id":"10589","key":"offers-lp","value":"Offers LP"}]},"texture":null,"undertone":null,"unit_of_measure":null,"unit_size":null,"unit_size_formatted":null,"upc":"020714132873","vto":{"is_color_experience":null,"is_foundation_experience":null}}]},"sub_display_name":null,"sub_header":null,"tags":{"total":10,"items":[{"id":"13659","key":"travel-minis","parent_tag_id":"1667","product_display_order":0,"value":"Travel Minis"},{"id":"13562","key":"yeni̇-yil-makyaj","parent_tag_id":"13561","product_display_order":0,"value":"YENİ YIL MAKYAJ"},{"id":"1628","key":"-evde-bakim","parent_tag_id":null,"product_display_order":535,"value":"# EVDE BAKIM"},{"id":"1683","key":"göz-dudak-bakimi","parent_tag_id":"1667","product_display_order":9,"value":"GÖZ & DUDAK BAKIMI"},{"id":"13563","key":"yeni̇-yil-ci̇lt-bakimi","parent_tag_id":"13561","product_display_order":0,"value":"YENİ YIL CİLT BAKIMI"},{"id":"1673","key":"makyaj-temi̇zli̇yi̇ci̇leri̇","parent_tag_id":"1667","product_display_order":8,"value":"MAKYAJ TEMİZLİYİCİLERİ"},{"id":"20011","key":"makeup-removers","parent_tag_id":"1667","product_display_order":5,"value":"Makeup Removers"},{"id":"2752","key":"çok-satan-ci̇lt-bakim-ürünleri̇","parent_tag_id":"1667","product_display_order":1,"value":"ÇOK SATAN CİLT BAKIM ÜRÜNLERİ"},{"id":"9422","key":"socialmediafavs","parent_tag_id":"9420","product_display_order":1,"value":"socialmediafavs"},{"id":"10589","key":"offers-lp","parent_tag_id":null,"product_display_order":1,"value":"Offers LP"}]},"usage":[{"content":"<UL><LI>Tek seferde, bir gözün etrafını temizleyin.</LI><LI>&nbsp;Pamuğa bir çok az ürün sürün. </LI><LI>Gözleri kapatarak, göz kapağı ve kirpiklere nazikçe masaj yapın. </LI><LI>Önce yukarı ve aşağı doğru silin, daha sonra gözleri açarak altını silin.</LI><LI>&nbsp;Artanı bir mendil yardımıyla alın yada su ile durulayın.</LI></UL>","label":"PRODUCT USAGE","type":"product_usage"},{"content":null,"label":"HOW DOES IT WORK","type":"how_does_it_work"},{"content":null,"label":"WHO IT IS FOR","type":"who_it_is_for"},{"content":null,"label":"GREAT TO KNOW","type":"great_to_know"},{"content":null,"label":"WHAT_IT_DOES","type":"what_it_does"},{"content":"<P>&nbsp;Göz makyajını nazikçe ve derinlemesine temizlemeye yardımcı, kremsi – jel göz makyaj temizleyicisi. Oftalmolojik olarak test edilmiştir. Kontak lens kullananlar için uygundur. <BR>Alerji Testinden Geçirilmiştir. %100 Parfümsüzdür. Yağsızdır. Oftalmolojik Olarak Test Edilmiştir.</P><P>&nbsp;Gözyaşında bulunan Saline ve Sucrose gibi maddelere benzeyen, patentli&nbsp; \"doğal gözyaşı teknolojisi\" ile uzun süre kalıcı rimeller dahil göz makyajını nazikçe ve derinlemesine temizlemeye yardımcı olur. Susam yağı sayesinde yağlı makyajı da temizler.<BR>- Makyajı temizlerken cildi yatıştırmayı destekler.<BR>- Kremsi kıvamı yağsızdır. Cildin temiz ve rahat hissetmesini sağlamaya yardımcı olur; kalıntı bırakmaz.</P>","label":"WHAT_IT_IS","type":"what_it_is"}],"objectID":"4992"},{"benefit":{"statement":null,"benefits":null},"brand":null,"collection":null,"coverage":null,"cross_sell":[{"sku_id":"6F3701","sort_key":1},{"sku_id":"68LE01","sort_key":2},{"sku_id":"76WY01","sort_key":3},{"sku_id":"62A401","sort_key":4},{"sku_id":"663E02","sort_key":5},{"sku_id":null,"sort_key":6}],"default_category":{"id":"1682","key":"peeling-ürünleri̇"},"description":"<P>Pürüzlü, donuk yapı görünümünü ve cilt yüzeyinden arınmasına yardımcı olur. İnce çizgi görünümünü azalmasını destekler. Nemlendirici için cildi en temiz duruma getirmeye katkıda bulunur.</P><P>&nbsp;Her cilt tipinde, cilt görünümünü pürüzsüzleştirmeye yardımcı olur.&nbsp;İnce çizgilerin görünümünü yumuşatmaya ve cildin daha yumuşak ve pürüzsüz hissedilmesine yardımcı olur. Yuvarlak granüllü kremsi formülü ile cildi nazikçe arındırmaya katkıda bulunur.<BR>- Daha etkili bir nemlendirme sağlar. Makyajın daha rahat uygulanmasını ve daha kalıcı olmasını sağlamaya yardımcı olur.<BR>- Su bazlı formülü ile kolayca temizlenir, durulanır. </P>","display_mode":null,"display_name":"7 Day Scrub Arındırıcı Krem Peeling","display_status":7,"finish":null,"form":null,"formula_type":null,"fragrance_family":null,"indexable_keywords":[{"value":"arındırıcı"}],"is_hazmat":false,"is_product_coming_soon":null,"is_product_displayable":true,"is_product_searchable":true,"is_product_shoppable":true,"is_product_sold_out":null,"is_product_temporarily_out_of_stock":null,"is_search_suppressed":null,"key_ingredient":null,"media":{"large":[{"alt":"7 Day Scrub Arındırıcı Krem Peeling","height":1200,"position":0,"src":"/media/export/cms/products/1200x1500/cl_prod_5003_1200x1500_0.png","type":"image","width":1500}],"medium":null,"poster":null,"small":[{"alt":"7 Day Scrub Arındırıcı Krem Peeling","height":1200,"position":1,"src":"/media/export/cms/products/1200x1500/cl_prod_5003_1200x1500_0.png","type":"image","width":1500}],"videos":[{"position":null,"poster":{"height":null,"src":null,"width":null},"provider":null,"src":null},{"position":null,"poster":{"height":null,"src":null,"width":null},"provider":null,"src":null},{"position":null,"poster":{"height":null,"src":null,"width":null},"provider":null,"src":null}],"xl":null},"meta":{"description":null,"keywords":"exfoliating"},"parent_category":[{"id":"1682","value":"PEELING ÜRÜNLERİ"},{"id":"1667","value":"CİLT BAKIMI"}],"product_badge":null,"product_id":"5003","product_title_tag":null,"product_type":"Other","product_url":"/product/1682/5003/cilt-bakimi/peeling-urunleri/7-day-scrub-arndrc-krem-peeling","reviews":{"average_rating":4.5,"number_of_questions":null,"number_of_reviews":20},"shade_groups":null,"short_description":"Arındırır. İnce çizgilerin görünümünün azalmasına yardımcı olur.","skin":null,"skin_goal":null,"skus":{"total":1,"items":[{"color_family":null,"coverage_options":null,"cross_sell":null,"display_status":7,"finish":null,"finish_options":null,"fragrances":[{"family":null,"key":null,"value":null}],"iln_listing":null,"iln_version_number":null,"inventory_status":"Active","is_active":true,"is_coming_soon":null,"is_default_sku":true,"is_discountable":true,"is_displayable":null,"is_engravable":null,"is_fragrance":null,"is_giftable":null,"is_giftwrap":false,"is_inactive":null,"is_multi_shaded":null,"is_out_of_stock":null,"is_preorder":false,"is_preorderable":null,"is_promotional":null,"is_replenishable":true,"is_search_suppressed":null,"is_searchable":true,"is_shaded":null,"is_sized":null,"is_sold_out":null,"is_under_weight_hazmat":false,"is_vto_enabled":null,"life_of_product":"Basic Reorder","material_code":"667H010001","media":{"large":[{"alt":"7 Day Scrub Arındırıcı Krem Peeling","height":1200,"position":0,"src":"/media/export/cms/products/1200x1500/cl_sku_667H01_1200x1500_0.png","type":"image","width":1500}],"medium":[{"alt":"7 Day Scrub Arındırıcı Krem Peeling","height":600,"position":1,"src":"/media/export/cms/products/600x750/cl_sku_667H01_600x750_0.png","type":"image","width":750},{"alt":"7 Day Scrub Arındırıcı Krem Peeling","height":600,"position":2,"src":"/media/export/cms/products/600x750/cl_sku_667H01_600x750_1.png","type":"image","width":750}],"model":null,"poster":null,"small":[{"alt":"7 Day Scrub Arındırıcı Krem Peeling","height":1200,"position":3,"src":"/media/export/cms/products/1200x1500/cl_sku_667H01_1200x1500_0.png","type":"image","width":1500}],"smoosh":null,"xl":null},"out_of_stock_threshold":null,"perlgem":{"SKU_BASE_ID":12414},"preorder_date":null,"prices":[{"currency":"TRY","exclude_tax":{"original_price":279,"original_price_formatted":"279.00 TL","price":279,"price_formatted":"279.00 TL","price_per_unit":null,"price_per_unit_formatted":""},"include_tax":{"original_price":279,"original_price_formatted":"279.00 TL","price":279,"price_formatted":"279.00 TL","price_per_unit":null,"price_per_unit_formatted":""},"is_discounted":false}],"purchase_limit":null,"replenishment":{"message":"Recommended Auto-Ship cycle: 12 weeks  Learn more >"},"reviews":{"average_rating":null,"number_of_questions":null,"number_of_reviews":null},"set_components":null,"shade_groups":null,"shades":null,"sizes":[{"key":1,"value":"100 ml"}],"skin":{"tone":null,"type":null,"type_description":null},"sku_badge":null,"sku_badge_image":null,"sku_display_order":0,"sku_id":"667H01","sku_promo_messaging":null,"sku_type":"SE","sku_url":null,"tags":{"total":20,"items":[{"id":"2752","key":"çok-satan-ci̇lt-bakim-ürünleri̇","value":"ÇOK SATAN CİLT BAKIM ÜRÜNLERİ"},{"id":"13563","key":"yeni̇-yil-ci̇lt-bakimi","value":"YENİ YIL CİLT BAKIMI"},{"id":"1575","key":"en-çok-satanlar","value":"En Çok Satanlar"},{"id":"9426","key":"top-rated-skin-care","value":"top rated skin care"},{"id":"1667","key":"ci̇lt-bakimi","value":"CİLT BAKIMI"},{"id":"10589","key":"offers-lp","value":"Offers LP"},{"id":"13051","key":"skin-care-best-sellers","value":"Skin Care Best Sellers"},{"id":"1682","key":"peeling-ürünleri̇","value":"PEELING ÜRÜNLERİ"},{"id":"27173","key":"day6flashsale","value":"Day6FlashSale"},{"id":"13565","key":"yeni̇-yil-erkek-bakimi","value":"YENİ YIL ERKEK BAKIMI"},{"id":"1673","key":"makyaj-temi̇zli̇yi̇ci̇leri̇","value":"MAKYAJ TEMİZLİYİCİLERİ"},{"id":"25016","key":"top-sellers","value":"Top Sellers"},{"id":"25565","key":"justarrivednew","value":"justarrivednew"},{"id":"27174","key":"day7flashsale","value":"Day7FlashSale"},{"id":"27172","key":"day5flashsale","value":"Day5FlashSale"},{"id":"17859","key":"çok-satanlar","value":"ÇOK SATANLAR"},{"id":"1628","key":"-evde-bakim","value":"# EVDE BAKIM"},{"id":"13770","key":"recommended-clinique-favourites","value":"Recommended Clinique Favourites"},{"id":"1685","key":"hedi̇yeler-setler","value":"HEDİYELER & SETLER"},{"id":"8194","key":"en-çok-satan-10","value":"En Çok Satan 10 "}]},"texture":null,"undertone":null,"unit_of_measure":null,"unit_size":null,"unit_size_formatted":null,"upc":"020714045159","vto":{"is_color_experience":null,"is_foundation_experience":null}}]},"sub_display_name":null,"sub_header":null,"tags":{"total":20,"items":[{"id":"2752","key":"çok-satan-ci̇lt-bakim-ürünleri̇","parent_tag_id":"1667","product_display_order":0,"value":"ÇOK SATAN CİLT BAKIM ÜRÜNLERİ"},{"id":"13563","key":"yeni̇-yil-ci̇lt-bakimi","parent_tag_id":"13561","product_display_order":1,"value":"YENİ YIL CİLT BAKIMI"},{"id":"1575","key":"en-çok-satanlar","parent_tag_id":null,"product_display_order":123,"value":"En Çok Satanlar"},{"id":"9426","key":"top-rated-skin-care","parent_tag_id":"9420","product_display_order":0,"value":"top rated skin care"},{"id":"1667","key":"ci̇lt-bakimi","parent_tag_id":null,"product_display_order":43,"value":"CİLT BAKIMI"},{"id":"10589","key":"offers-lp","parent_tag_id":null,"product_display_order":1,"value":"Offers LP"},{"id":"13051","key":"skin-care-best-sellers","parent_tag_id":"1667","product_display_order":14,"value":"Skin Care Best Sellers"},{"id":"1682","key":"peeling-ürünleri̇","parent_tag_id":"1667","product_display_order":1,"value":"PEELING ÜRÜNLERİ"},{"id":"27173","key":"day6flashsale","parent_tag_id":"1590","product_display_order":0,"value":"Day6FlashSale"},{"id":"13565","key":"yeni̇-yil-erkek-bakimi","parent_tag_id":"13561","product_display_order":1,"value":"YENİ YIL ERKEK BAKIMI"},{"id":"1673","key":"makyaj-temi̇zli̇yi̇ci̇leri̇","parent_tag_id":"1667","product_display_order":5,"value":"MAKYAJ TEMİZLİYİCİLERİ"},{"id":"25016","key":"top-sellers","parent_tag_id":"4323","product_display_order":0,"value":"Top Sellers"},{"id":"25565","key":"justarrivednew","parent_tag_id":null,"product_display_order":0,"value":"justarrivednew"},{"id":"27174","key":"day7flashsale","parent_tag_id":"1590","product_display_order":0,"value":"Day7FlashSale"},{"id":"27172","key":"day5flashsale","parent_tag_id":"1590","product_display_order":32,"value":"Day5FlashSale"},{"id":"17859","key":"çok-satanlar","parent_tag_id":null,"product_display_order":56,"value":"ÇOK SATANLAR"},{"id":"1628","key":"-evde-bakim","parent_tag_id":null,"product_display_order":257,"value":"# EVDE BAKIM"},{"id":"13770","key":"recommended-clinique-favourites","parent_tag_id":null,"product_display_order":18,"value":"Recommended Clinique Favourites"},{"id":"1685","key":"hedi̇yeler-setler","parent_tag_id":"1684","product_display_order":1,"value":"HEDİYELER & SETLER"},{"id":"8194","key":"en-çok-satan-10","parent_tag_id":null,"product_display_order":7,"value":"En Çok Satan 10 "}]},"usage":[{"content":"<UL><LI>Makyajdan arındırılmış cilde nazikçe masaj yaparak uygulayın, göz çevresinden kaçının.</LI><LI>Durulayın.</LI><LI>3 Adımlı Cilt Bakım <A href=\"/cms/product/franchise/3step_system_mpp.tmpl\"><U><FONT color=#0066cc>Sistemi ile devam edin.</FONT></U></A>.</LI></UL>","label":"PRODUCT USAGE","type":"product_usage"},{"content":null,"label":"HOW DOES IT WORK","type":"how_does_it_work"},{"content":null,"label":"WHO IT IS FOR","type":"who_it_is_for"},{"content":null,"label":"GREAT TO KNOW","type":"great_to_know"},{"content":null,"label":"WHAT_IT_DOES","type":"what_it_does"},{"content":"<P>Pürüzlü, donuk yapı görünümünü ve cilt yüzeyinden arınmasına yardımcı olur. İnce çizgi görünümünü azalmasını destekler. Nemlendirici için cildi en temiz duruma getirmeye katkıda bulunur.</P><P>&nbsp;Her cilt tipinde, cilt görünümünü pürüzsüzleştirmeye yardımcı olur.&nbsp;İnce çizgilerin görünümünü yumuşatmaya ve cildin daha yumuşak ve pürüzsüz hissedilmesine yardımcı olur. Yuvarlak granüllü kremsi formülü ile cildi nazikçe arındırmaya katkıda bulunur.<BR>- Daha etkili bir nemlendirme sağlar. Makyajın daha rahat uygulanmasını ve daha kalıcı olmasını sağlamaya yardımcı olur.<BR>- Su bazlı formülü ile kolayca temizlenir, durulanır. </P>","label":"WHAT_IT_IS","type":"what_it_is"}],"objectID":"5003"},{"benefit":{"statement":null,"benefits":null},"brand":null,"collection":null,"coverage":null,"cross_sell":[{"sku_id":"62A401","sort_key":1},{"sku_id":null,"sort_key":2},{"sku_id":"749K01","sort_key":3},{"sku_id":"645J01","sort_key":4},{"sku_id":"6F3701","sort_key":5},{"sku_id":"68LE01","sort_key":6}],"default_category":{"id":"1596","key":"göz-alti-kapaticilari"},"description":"Kırışık ve çizgileri doldurarak göz çevresindeki ince çizgi ve kırışık görünümünü&nbsp; azaltır. Aydınlatıcı içeriği ile gözaltı morluklarını maskeler. Kremsi, hafif formülü uygulama fırçasıyla kolaylıkla sürülür. Oftalmoloji testinden geçmiştir.","display_mode":null,"display_name":"Airbrush Gözaltı Kapatıcısı","display_status":7,"finish":null,"form":null,"formula_type":null,"fragrance_family":null,"indexable_keywords":[{"value":"airbrush"},{"value":" gözaltı kapatıcısı"}],"is_hazmat":false,"is_product_coming_soon":null,"is_product_displayable":true,"is_product_searchable":true,"is_product_shoppable":true,"is_product_sold_out":null,"is_product_temporarily_out_of_stock":null,"is_search_suppressed":null,"key_ingredient":null,"media":{"large":null,"medium":null,"poster":null,"small":null,"videos":[{"position":null,"poster":{"height":null,"src":null,"width":null},"provider":null,"src":null},{"position":null,"poster":{"height":null,"src":null,"width":null},"provider":null,"src":null},{"position":null,"poster":{"height":null,"src":null,"width":null},"provider":null,"src":null}],"xl":null},"meta":{"description":null,"keywords":"air, brush, concealor, ojeras"},"parent_category":[{"id":"1596","value":"GÖZ ALTI KAPATICILARI"},{"id":"1592","value":"MAKYAJ"}],"product_badge":null,"product_id":"5011","product_title_tag":null,"product_type":"Shaded","product_url":"/product/1596/5011/makyaj/goz-alti-kapaticilari/airbrush-gozalt-kapatcs","reviews":{"average_rating":3.3,"number_of_questions":null,"number_of_reviews":4},"shade_groups":null,"short_description":"Çizgi ve kırışık görünümünü yumuşatır. Kremsi, hafif formülü uygulama fırçasıyla kolaylıkla sürülür. Oftalmoloji testinden geçmiştir.","skin":null,"skin_goal":null,"skus":{"total":5,"items":[{"color_family":null,"coverage_options":null,"cross_sell":null,"display_status":7,"finish":null,"finish_options":null,"fragrances":[{"family":null,"key":null,"value":null}],"iln_listing":null,"iln_version_number":null,"inventory_status":"Active","is_active":true,"is_coming_soon":null,"is_default_sku":false,"is_discountable":true,"is_displayable":null,"is_engravable":null,"is_fragrance":null,"is_giftable":null,"is_giftwrap":false,"is_inactive":null,"is_multi_shaded":null,"is_out_of_stock":null,"is_preorder":false,"is_preorderable":null,"is_promotional":null,"is_replenishable":false,"is_search_suppressed":null,"is_searchable":true,"is_shaded":null,"is_sized":null,"is_sold_out":null,"is_under_weight_hazmat":false,"is_vto_enabled":null,"life_of_product":"Basic Reorder","material_code":"6CM2010001","media":{"large":[{"alt":"Airbrush Gözaltı Kapatıcısı","height":1200,"position":1,"src":"/media/export/cms/products/1200x1500/cl_sku_6CM201_1200x1500_0.png","type":"image","width":1500}],"medium":[{"alt":"Airbrush Gözaltı Kapatıcısı","height":600,"position":2,"src":"/media/export/cms/products/600x750/cl_sku_6CM201_600x750_0.png","type":"image","width":750}],"model":null,"poster":null,"small":[{"alt":"Airbrush Gözaltı Kapatıcısı","height":1200,"position":3,"src":"/media/export/cms/products/1200x1500/cl_sku_6CM201_1200x1500_0.png","type":"image","width":1500}],"smoosh":[{"alt":"Airbrush Gözaltı Kapatıcısı","height":1200,"position":0,"src":"/media/export/cms/products/1200x1500/swatches_v3/31_ns_ng.png","type":"image","width":1500}],"xl":null},"out_of_stock_threshold":null,"perlgem":{"SKU_BASE_ID":13017},"preorder_date":null,"prices":[{"currency":"TRY","exclude_tax":{"original_price":230,"original_price_formatted":"230.00 TL","price":230,"price_formatted":"230.00 TL","price_per_unit":null,"price_per_unit_formatted":""},"include_tax":{"original_price":230,"original_price_formatted":"230.00 TL","price":230,"price_formatted":"230.00 TL","price_per_unit":null,"price_per_unit_formatted":""},"is_discounted":false}],"purchase_limit":null,"replenishment":{"message":"Never run low on your favourites. Sign up for Auto-Ship. Learn more >"},"reviews":{"average_rating":null,"number_of_questions":null,"number_of_reviews":null},"set_components":null,"shade_groups":null,"shades":[{"description":"","hex_val":"#FFBEB0","image":{"height":null,"src":"","width":null},"name":"Fair","smoosh_design":{"group_id":null,"name":"31::none::none"}}],"sizes":[{"key":1,"value":"1.5 ml"}],"skin":{"tone":null,"type":null,"type_description":null},"sku_badge":null,"sku_badge_image":null,"sku_display_order":1,"sku_id":"6CM201","sku_promo_messaging":null,"sku_type":"SE","sku_url":null,"tags":{"total":9,"items":[{"id":"9422","key":"socialmediafavs","value":"socialmediafavs"},{"id":"13562","key":"yeni̇-yil-makyaj","value":"YENİ YIL MAKYAJ"},{"id":"27171","key":"day4flashsale","value":"Day4FlashSale"},{"id":"1596","key":"göz-alti-kapaticilari","value":"GÖZ ALTI KAPATICILARI"},{"id":"27174","key":"day7flashsale","value":"Day7FlashSale"},{"id":"12537","key":"çok-satan-makyaj-ürünleri̇","value":"ÇOK SATAN MAKYAJ ÜRÜNLERİ"},{"id":"9424","key":"discovery-box","value":"Discovery Box"},{"id":"19400","key":"20-discounted-products","value":"%20 discounted products"},{"id":"27172","key":"day5flashsale","value":"Day5FlashSale"}]},"texture":null,"undertone":null,"unit_of_measure":null,"unit_size":null,"unit_size_formatted":null,"upc":"020714181345","vto":{"is_color_experience":null,"is_foundation_experience":null}},{"color_family":null,"coverage_options":null,"cross_sell":null,"display_status":7,"finish":null,"finish_options":null,"fragrances":[{"family":null,"key":null,"value":null}],"iln_listing":null,"iln_version_number":null,"inventory_status":"Active","is_active":true,"is_coming_soon":null,"is_default_sku":false,"is_discountable":true,"is_displayable":null,"is_engravable":null,"is_fragrance":null,"is_giftable":null,"is_giftwrap":false,"is_inactive":null,"is_multi_shaded":null,"is_out_of_stock":null,"is_preorder":false,"is_preorderable":null,"is_promotional":null,"is_replenishable":false,"is_search_suppressed":null,"is_searchable":true,"is_shaded":null,"is_sized":null,"is_sold_out":null,"is_under_weight_hazmat":false,"is_vto_enabled":null,"life_of_product":"Basic Reorder","material_code":"6CM2040001","media":{"large":[{"alt":"Airbrush Gözaltı Kapatıcısı","height":1200,"position":1,"src":"/media/export/cms/products/1200x1500/cl_sku_6CM204_1200x1500_0.png","type":"image","width":1500}],"medium":[{"alt":"Airbrush Gözaltı Kapatıcısı","height":600,"position":2,"src":"/media/export/cms/products/600x750/cl_sku_6CM204_600x750_0.png","type":"image","width":750}],"model":null,"poster":null,"small":[{"alt":"Airbrush Gözaltı Kapatıcısı","height":1200,"position":3,"src":"/media/export/cms/products/1200x1500/cl_sku_6CM204_1200x1500_0.png","type":"image","width":1500}],"smoosh":[{"alt":"Airbrush Gözaltı Kapatıcısı","height":1200,"position":0,"src":"/media/export/cms/products/1200x1500/swatches_v3/31_ns_ng.png","type":"image","width":1500}],"xl":null},"out_of_stock_threshold":null,"perlgem":{"SKU_BASE_ID":13019},"preorder_date":null,"prices":[{"currency":"TRY","exclude_tax":{"original_price":230,"original_price_formatted":"230.00 TL","price":230,"price_formatted":"230.00 TL","price_per_unit":null,"price_per_unit_formatted":""},"include_tax":{"original_price":230,"original_price_formatted":"230.00 TL","price":230,"price_formatted":"230.00 TL","price_per_unit":null,"price_per_unit_formatted":""},"is_discounted":false}],"purchase_limit":null,"replenishment":{"message":"Never run low on your favourites. Sign up for Auto-Ship. Learn more >"},"reviews":{"average_rating":null,"number_of_questions":null,"number_of_reviews":null},"set_components":null,"shade_groups":null,"shades":[{"description":"","hex_val":"#DCAC8A","image":{"height":null,"src":"","width":null},"name":"Neutral Fair","smoosh_design":{"group_id":null,"name":"31::none::none"}}],"sizes":[{"key":1,"value":"1.5 ml"}],"skin":{"tone":null,"type":null,"type_description":null},"sku_badge":null,"sku_badge_image":null,"sku_display_order":2,"sku_id":"6CM204","sku_promo_messaging":null,"sku_type":"SE","sku_url":null,"tags":{"total":11,"items":[{"id":"9422","key":"socialmediafavs","value":"socialmediafavs"},{"id":"1602","key":"hedi̇yeler-setler","value":"HEDİYELER & SETLER"},{"id":"13562","key":"yeni̇-yil-makyaj","value":"YENİ YIL MAKYAJ"},{"id":"27171","key":"day4flashsale","value":"Day4FlashSale"},{"id":"1596","key":"göz-alti-kapaticilari","value":"GÖZ ALTI KAPATICILARI"},{"id":"27174","key":"day7flashsale","value":"Day7FlashSale"},{"id":"12537","key":"çok-satan-makyaj-ürünleri̇","value":"ÇOK SATAN MAKYAJ ÜRÜNLERİ"},{"id":"9424","key":"discovery-box","value":"Discovery Box"},{"id":"1599","key":"fondöten","value":"FONDÖTEN"},{"id":"19400","key":"20-discounted-products","value":"%20 discounted products"},{"id":"27172","key":"day5flashsale","value":"Day5FlashSale"}]},"texture":null,"undertone":null,"unit_of_measure":null,"unit_size":null,"unit_size_formatted":null,"upc":"020714219949","vto":{"is_color_experience":null,"is_foundation_experience":null}},{"color_family":null,"coverage_options":null,"cross_sell":null,"display_status":7,"finish":null,"finish_options":null,"fragrances":[{"family":null,"key":null,"value":null}],"iln_listing":null,"iln_version_number":null,"inventory_status":"Active","is_active":true,"is_coming_soon":null,"is_default_sku":false,"is_discountable":true,"is_displayable":null,"is_engravable":null,"is_fragrance":null,"is_giftable":null,"is_giftwrap":false,"is_inactive":null,"is_multi_shaded":null,"is_out_of_stock":null,"is_preorder":false,"is_preorderable":null,"is_promotional":null,"is_replenishable":false,"is_search_suppressed":null,"is_searchable":true,"is_shaded":null,"is_sized":null,"is_sold_out":null,"is_under_weight_hazmat":false,"is_vto_enabled":null,"life_of_product":"Basic Reorder","material_code":"6CM2050000","media":{"large":[{"alt":"Airbrush Gözaltı Kapatıcısı","height":1200,"position":1,"src":"/media/export/cms/products/1200x1500/cl_sku_6CM205_1200x1500_0.png","type":"image","width":1500}],"medium":[{"alt":"Airbrush Gözaltı Kapatıcısı","height":600,"position":2,"src":"/media/export/cms/products/600x750/cl_sku_6CM205_600x750_0.png","type":"image","width":750}],"model":null,"poster":null,"small":[{"alt":"Airbrush Gözaltı Kapatıcısı","height":1200,"position":3,"src":"/media/export/cms/products/1200x1500/cl_sku_6CM205_1200x1500_0.png","type":"image","width":1500}],"smoosh":[{"alt":"Airbrush Gözaltı Kapatıcısı","height":1200,"position":0,"src":"/media/export/cms/products/1200x1500/swatches_v3/31_ns_ng.png","type":"image","width":1500}],"xl":null},"out_of_stock_threshold":null,"perlgem":{"SKU_BASE_ID":61411},"preorder_date":null,"prices":[{"currency":"TRY","exclude_tax":{"original_price":230,"original_price_formatted":"230.00 TL","price":230,"price_formatted":"230.00 TL","price_per_unit":null,"price_per_unit_formatted":""},"include_tax":{"original_price":230,"original_price_formatted":"230.00 TL","price":230,"price_formatted":"230.00 TL","price_per_unit":null,"price_per_unit_formatted":""},"is_discounted":false}],"purchase_limit":null,"replenishment":{"message":null},"reviews":{"average_rating":null,"number_of_questions":null,"number_of_reviews":null},"set_components":null,"shade_groups":null,"shades":[{"description":"","hex_val":"#F7CDA1","image":{"height":null,"src":"","width":null},"name":"Fair Cream","smoosh_design":{"group_id":null,"name":"31::none::none"}}],"sizes":[{"key":1,"value":"1.5 ml"}],"skin":{"tone":null,"type":null,"type_description":null},"sku_badge":null,"sku_badge_image":null,"sku_display_order":3,"sku_id":"6CM205","sku_promo_messaging":null,"sku_type":"SE","sku_url":null,"tags":{"total":7,"items":[{"id":"13562","key":"yeni̇-yil-makyaj","value":"YENİ YIL MAKYAJ"},{"id":"27171","key":"day4flashsale","value":"Day4FlashSale"},{"id":"1596","key":"göz-alti-kapaticilari","value":"GÖZ ALTI KAPATICILARI"},{"id":"1592","key":"makyaj","value":"MAKYAJ"},{"id":"1599","key":"fondöten","value":"FONDÖTEN"},{"id":"19400","key":"20-discounted-products","value":"%20 discounted products"},{"id":"27172","key":"day5flashsale","value":"Day5FlashSale"}]},"texture":null,"undertone":null,"unit_of_measure":null,"unit_size":0,"unit_size_formatted":null,"upc":"020714731304","vto":{"is_color_experience":null,"is_foundation_experience":null}},{"color_family":null,"coverage_options":null,"cross_sell":null,"display_status":7,"finish":null,"finish_options":null,"fragrances":[{"family":null,"key":null,"value":null}],"iln_listing":null,"iln_version_number":null,"inventory_status":"Active","is_active":true,"is_coming_soon":null,"is_default_sku":false,"is_discountable":true,"is_displayable":null,"is_engravable":null,"is_fragrance":null,"is_giftable":null,"is_giftwrap":false,"is_inactive":null,"is_multi_shaded":null,"is_out_of_stock":null,"is_preorder":false,"is_preorderable":null,"is_promotional":null,"is_replenishable":false,"is_search_suppressed":null,"is_searchable":true,"is_shaded":null,"is_sized":null,"is_sold_out":null,"is_under_weight_hazmat":false,"is_vto_enabled":null,"life_of_product":"Basic Reorder","material_code":"6CM2020001","media":{"large":[{"alt":"Airbrush Gözaltı Kapatıcısı","height":1200,"position":1,"src":"/media/export/cms/products/1200x1500/cl_sku_6CM202_1200x1500_0.png","type":"image","width":1500}],"medium":[{"alt":"Airbrush Gözaltı Kapatıcısı","height":600,"position":2,"src":"/media/export/cms/products/600x750/cl_sku_6CM202_600x750_0.png","type":"image","width":750}],"model":null,"poster":null,"small":[{"alt":"Airbrush Gözaltı Kapatıcısı","height":1200,"position":3,"src":"/media/export/cms/products/1200x1500/cl_sku_6CM202_1200x1500_0.png","type":"image","width":1500}],"smoosh":[{"alt":"Airbrush Gözaltı Kapatıcısı","height":1200,"position":0,"src":"/media/export/cms/products/1200x1500/swatches_v3/31_ns_ng.png","type":"image","width":1500}],"xl":null},"out_of_stock_threshold":null,"perlgem":{"SKU_BASE_ID":13018},"preorder_date":null,"prices":[{"currency":"TRY","exclude_tax":{"original_price":230,"original_price_formatted":"230.00 TL","price":230,"price_formatted":"230.00 TL","price_per_unit":null,"price_per_unit_formatted":""},"include_tax":{"original_price":230,"original_price_formatted":"230.00 TL","price":230,"price_formatted":"230.00 TL","price_per_unit":null,"price_per_unit_formatted":""},"is_discounted":false}],"purchase_limit":null,"replenishment":{"message":"Never run low on your favourites. Sign up for Auto-Ship. Learn more >"},"reviews":{"average_rating":null,"number_of_questions":null,"number_of_reviews":null},"set_components":null,"shade_groups":null,"shades":[{"description":"","hex_val":"#F99673","image":{"height":null,"src":"","width":null},"name":"Medium","smoosh_design":{"group_id":null,"name":"31::none::none"}}],"sizes":[{"key":1,"value":"1.5 ml"}],"skin":{"tone":null,"type":null,"type_description":null},"sku_badge":null,"sku_badge_image":null,"sku_display_order":6,"sku_id":"6CM202","sku_promo_messaging":null,"sku_type":"SE","sku_url":null,"tags":{"total":12,"items":[{"id":"9422","key":"socialmediafavs","value":"socialmediafavs"},{"id":"1602","key":"hedi̇yeler-setler","value":"HEDİYELER & SETLER"},{"id":"25565","key":"justarrivednew","value":"justarrivednew"},{"id":"27171","key":"day4flashsale","value":"Day4FlashSale"},{"id":"1596","key":"göz-alti-kapaticilari","value":"GÖZ ALTI KAPATICILARI"},{"id":"1590","key":"i̇ndi̇ri̇mli̇-ürünler","value":"İNDİRİMLİ ÜRÜNLER"},{"id":"27174","key":"day7flashsale","value":"Day7FlashSale"},{"id":"12537","key":"çok-satan-makyaj-ürünleri̇","value":"ÇOK SATAN MAKYAJ ÜRÜNLERİ"},{"id":"9424","key":"discovery-box","value":"Discovery Box"},{"id":"1599","key":"fondöten","value":"FONDÖTEN"},{"id":"19400","key":"20-discounted-products","value":"%20 discounted products"},{"id":"27172","key":"day5flashsale","value":"Day5FlashSale"}]},"texture":null,"undertone":null,"unit_of_measure":null,"unit_size":null,"unit_size_formatted":null,"upc":"020714181352","vto":{"is_color_experience":null,"is_foundation_experience":null}},{"color_family":null,"coverage_options":null,"cross_sell":null,"display_status":7,"finish":null,"finish_options":null,"fragrances":[{"family":null,"key":null,"value":null}],"iln_listing":null,"iln_version_number":null,"inventory_status":"Active","is_active":true,"is_coming_soon":null,"is_default_sku":false,"is_discountable":true,"is_displayable":null,"is_engravable":null,"is_fragrance":null,"is_giftable":null,"is_giftwrap":false,"is_inactive":null,"is_multi_shaded":null,"is_out_of_stock":null,"is_preorder":false,"is_preorderable":null,"is_promotional":null,"is_replenishable":false,"is_search_suppressed":null,"is_searchable":true,"is_shaded":null,"is_sized":null,"is_sold_out":null,"is_under_weight_hazmat":false,"is_vto_enabled":null,"life_of_product":"Basic Reorder","material_code":"6CM2200000","media":{"large":[{"alt":"Airbrush Gözaltı Kapatıcısı","height":1200,"position":1,"src":"/media/export/cms/products/1200x1500/cl_sku_6CM220_1200x1500_0.png","type":"image","width":1500}],"medium":[{"alt":"Airbrush Gözaltı Kapatıcısı","height":600,"position":2,"src":"/media/export/cms/products/600x750/cl_sku_6CM220_600x750_0.png","type":"image","width":750}],"model":null,"poster":null,"small":[{"alt":"Airbrush Gözaltı Kapatıcısı","height":1200,"position":3,"src":"/media/export/cms/products/1200x1500/cl_sku_6CM220_1200x1500_0.png","type":"image","width":1500}],"smoosh":[{"alt":"Airbrush Gözaltı Kapatıcısı","height":1200,"position":0,"src":"/media/export/cms/products/1200x1500/swatches_v3/31_ns_ng.png","type":"image","width":1500}],"xl":null},"out_of_stock_threshold":null,"perlgem":{"SKU_BASE_ID":61420},"preorder_date":null,"prices":[{"currency":"TRY","exclude_tax":{"original_price":230,"original_price_formatted":"230.00 TL","price":230,"price_formatted":"230.00 TL","price_per_unit":null,"price_per_unit_formatted":""},"include_tax":{"original_price":230,"original_price_formatted":"230.00 TL","price":230,"price_formatted":"230.00 TL","price_per_unit":null,"price_per_unit_formatted":""},"is_discounted":false}],"purchase_limit":null,"replenishment":{"message":null},"reviews":{"average_rating":null,"number_of_questions":null,"number_of_reviews":null},"set_components":null,"shade_groups":null,"shades":[{"description":"","hex_val":"#F7B9AC","image":{"height":null,"src":"","width":null},"name":"Illuminator","smoosh_design":{"group_id":null,"name":"31::none::none"}}],"sizes":[{"key":1,"value":"1.5ml"}],"skin":{"tone":null,"type":null,"type_description":null},"sku_badge":null,"sku_badge_image":null,"sku_display_order":12,"sku_id":"6CM220","sku_promo_messaging":null,"sku_type":"SE","sku_url":null,"tags":{"total":6,"items":[{"id":"27171","key":"day4flashsale","value":"Day4FlashSale"},{"id":"1596","key":"göz-alti-kapaticilari","value":"GÖZ ALTI KAPATICILARI"},{"id":"27174","key":"day7flashsale","value":"Day7FlashSale"},{"id":"1592","key":"makyaj","value":"MAKYAJ"},{"id":"1599","key":"fondöten","value":"FONDÖTEN"},{"id":"27172","key":"day5flashsale","value":"Day5FlashSale"}]},"texture":null,"undertone":null,"unit_of_measure":null,"unit_size":0,"unit_size_formatted":null,"upc":"020714736408","vto":{"is_color_experience":null,"is_foundation_experience":null}}]},"sub_display_name":null,"sub_header":null,"tags":{"total":14,"items":[{"id":"9422","key":"socialmediafavs","parent_tag_id":"9420","product_display_order":1,"value":"socialmediafavs"},{"id":"1602","key":"hedi̇yeler-setler","parent_tag_id":"1600","product_display_order":1,"value":"HEDİYELER & SETLER"},{"id":"25565","key":"justarrivednew","parent_tag_id":null,"product_display_order":2,"value":"justarrivednew"},{"id":"13562","key":"yeni̇-yil-makyaj","parent_tag_id":"13561","product_display_order":0,"value":"YENİ YIL MAKYAJ"},{"id":"27171","key":"day4flashsale","parent_tag_id":"1590","product_display_order":0,"value":"Day4FlashSale"},{"id":"1596","key":"göz-alti-kapaticilari","parent_tag_id":"1592","product_display_order":3,"value":"GÖZ ALTI KAPATICILARI"},{"id":"1590","key":"i̇ndi̇ri̇mli̇-ürünler","parent_tag_id":null,"product_display_order":0,"value":"İNDİRİMLİ ÜRÜNLER"},{"id":"27174","key":"day7flashsale","parent_tag_id":"1590","product_display_order":0,"value":"Day7FlashSale"},{"id":"12537","key":"çok-satan-makyaj-ürünleri̇","parent_tag_id":"1592","product_display_order":1,"value":"ÇOK SATAN MAKYAJ ÜRÜNLERİ"},{"id":"9424","key":"discovery-box","parent_tag_id":"9420","product_display_order":1,"value":"Discovery Box"},{"id":"1592","key":"makyaj","parent_tag_id":null,"product_display_order":0,"value":"MAKYAJ"},{"id":"1599","key":"fondöten","parent_tag_id":"1592","product_display_order":17,"value":"FONDÖTEN"},{"id":"19400","key":"20-discounted-products","parent_tag_id":"1599","product_display_order":0,"value":"%20 discounted products"},{"id":"27172","key":"day5flashsale","parent_tag_id":"1590","product_display_order":78,"value":"Day5FlashSale"}]},"usage":[{"content":"<UL><LI>Fondöten üzerine veya altına uygulanabilir.. </LI><LI>Ciltte aydınlatmaya ihtiyaç duyulan bölgelerde uygulayın; gözün iç ve dış köşeleri, burun kenarları. </LI><LI>Parmak uçlarınızla daha yoğun aydınlık için yayabilirsiniz.</LI></UL><P>&nbsp;</P>","label":"PRODUCT USAGE","type":"product_usage"},{"content":null,"label":"HOW DOES IT WORK","type":"how_does_it_work"},{"content":null,"label":"WHO IT IS FOR","type":"who_it_is_for"},{"content":null,"label":"GREAT TO KNOW","type":"great_to_know"},{"content":null,"label":"WHAT_IT_DOES","type":"what_it_does"},{"content":"Kırışık ve çizgileri doldurarak göz çevresindeki ince çizgi ve kırışık görünümünü&nbsp; azaltır. Aydınlatıcı içeriği ile gözaltı morluklarını maskeler. Kremsi, hafif formülü uygulama fırçasıyla kolaylıkla sürülür. Oftalmoloji testinden geçmiştir.","label":"WHAT_IT_IS","type":"what_it_is"}],"objectID":"5011"},{"benefit":{"statement":null,"benefits":null},"brand":null,"collection":null,"coverage":null,"cross_sell":[{"sku_id":"Z9FF01","sort_key":1}],"default_category":{"id":"1596","key":"göz-alti-kapaticilari"},"description":"Uzun süre kapatıcı etkiye sahiptir. Hızlı ve kolay bir şekilde cilt ile uyum gösterir, topaklanma yapmaz. Dağılma karşıtı formülü ile nemli havalarda yada terlemeye karşı bile kalıcılığını korur. Cildin nemlenmesine yardımcı olarak , göz çevrenizde rahatlamaya , doğal canlı ve aydınlık bir görünüm yaratmaya yardımcı olur. ","display_mode":null,"display_name":"Beyond Perfecting Super Concealer Camouflage + 24 Saat Etkili Göz Altı Kapatıcısı","display_status":7,"finish":null,"form":null,"formula_type":null,"fragrance_family":null,"indexable_keywords":null,"is_hazmat":false,"is_product_coming_soon":null,"is_product_displayable":true,"is_product_searchable":true,"is_product_shoppable":true,"is_product_sold_out":null,"is_product_temporarily_out_of_stock":null,"is_search_suppressed":null,"key_ingredient":null,"media":{"large":null,"medium":null,"poster":null,"small":null,"videos":[{"position":null,"poster":{"height":null,"src":null,"width":null},"provider":null,"src":null},{"position":null,"poster":{"height":null,"src":null,"width":null},"provider":null,"src":null},{"position":null,"poster":{"height":null,"src":null,"width":null},"provider":null,"src":null}],"xl":null},"meta":{"description":null,"keywords":null},"parent_category":[{"id":"1596","value":"GÖZ ALTI KAPATICILARI"},{"id":"1592","value":"MAKYAJ"}],"product_badge":null,"product_id":"50424","product_title_tag":null,"product_type":"Shaded","product_url":"/product/1596/50424/makyaj/goz-alti-kapaticilari/beyond-perfecting-super-concealer-camouflage-24-saat-etkili-goz-alt-kapatcs","reviews":{"average_rating":5,"number_of_questions":null,"number_of_reviews":1},"shade_groups":null,"short_description":"<P>Yoğun kapatıcı özellikli göz altı kapatıcı, uzun süre kalıcıdır. Kremsi ve hafif yapılıdır.</P>","skin":null,"skin_goal":null,"skus":{"total":7,"items":[{"color_family":null,"coverage_options":null,"cross_sell":null,"display_status":7,"finish":null,"finish_options":null,"fragrances":[{"family":null,"key":null,"value":null}],"iln_listing":null,"iln_version_number":null,"inventory_status":"Active","is_active":true,"is_coming_soon":null,"is_default_sku":false,"is_discountable":true,"is_displayable":null,"is_engravable":null,"is_fragrance":null,"is_giftable":null,"is_giftwrap":false,"is_inactive":null,"is_multi_shaded":null,"is_out_of_stock":null,"is_preorder":false,"is_preorderable":null,"is_promotional":null,"is_replenishable":false,"is_search_suppressed":null,"is_searchable":true,"is_shaded":null,"is_sized":null,"is_sold_out":null,"is_under_weight_hazmat":false,"is_vto_enabled":null,"life_of_product":"Basic Reorder","material_code":"K2HW090001","media":{"large":[{"alt":"Beyond Perfecting Super Concealer Camouflage + 24 Saat Etkili Göz Altı Kapatıcısı","height":1200,"position":1,"src":"/media/export/cms/products/1200x1500/cl_sku_K2HW09_1200x1500_0.png","type":"image","width":1500}],"medium":[{"alt":"Beyond Perfecting Super Concealer Camouflage + 24 Saat Etkili Göz Altı Kapatıcısı","height":600,"position":2,"src":"/media/export/cms/products/600x750/cl_sku_K2HW09_600x750_0.png","type":"image","width":750}],"model":null,"poster":null,"small":[{"alt":"Beyond Perfecting Super Concealer Camouflage + 24 Saat Etkili Göz Altı Kapatıcısı","height":1200,"position":3,"src":"/media/export/cms/products/1200x1500/cl_sku_K2HW09_1200x1500_0.png","type":"image","width":1500}],"smoosh":[{"alt":"Beyond Perfecting Super Concealer Camouflage + 24 Saat Etkili Göz Altı Kapatıcısı","height":1200,"position":0,"src":"/media/export/cms/products/1200x1500/swatches_v3/89_ns_ng.png","type":"image","width":1500}],"xl":null},"out_of_stock_threshold":null,"perlgem":{"SKU_BASE_ID":82755},"preorder_date":null,"prices":[{"currency":"TRY","exclude_tax":{"original_price":195,"original_price_formatted":"195.00 TL","price":195,"price_formatted":"195.00 TL","price_per_unit":null,"price_per_unit_formatted":""},"include_tax":{"original_price":195,"original_price_formatted":"195.00 TL","price":195,"price_formatted":"195.00 TL","price_per_unit":null,"price_per_unit_formatted":""},"is_discounted":false}],"purchase_limit":null,"replenishment":{"message":null},"reviews":{"average_rating":null,"number_of_questions":null,"number_of_reviews":null},"set_components":null,"shade_groups":null,"shades":[{"description":"","hex_val":"#CD9571","image":{"height":null,"src":"","width":null},"name":"Medium 18","smoosh_design":{"group_id":null,"name":"89::none::none"}}],"sizes":[{"key":1,"value":null}],"skin":{"tone":null,"type":null,"type_description":null},"sku_badge":null,"sku_badge_image":null,"sku_display_order":0,"sku_id":"K2HW09","sku_promo_messaging":null,"sku_type":"SE","sku_url":null,"tags":{"total":5,"items":[{"id":"1596","key":"göz-alti-kapaticilari","value":"GÖZ ALTI KAPATICILARI"},{"id":"27172","key":"day5flashsale","value":"Day5FlashSale"},{"id":"4323","key":"yeni̇-ürünler","value":"YENİ ÜRÜNLER"},{"id":"1592","key":"makyaj","value":"MAKYAJ"},{"id":"27171","key":"day4flashsale","value":"Day4FlashSale"}]},"texture":null,"undertone":null,"unit_of_measure":null,"unit_size":null,"unit_size_formatted":null,"upc":"020714880927","vto":{"is_color_experience":null,"is_foundation_experience":null}},{"color_family":null,"coverage_options":null,"cross_sell":null,"display_status":7,"finish":null,"finish_options":null,"fragrances":[{"family":null,"key":null,"value":null}],"iln_listing":null,"iln_version_number":null,"inventory_status":"Active","is_active":true,"is_coming_soon":null,"is_default_sku":false,"is_discountable":true,"is_displayable":null,"is_engravable":null,"is_fragrance":null,"is_giftable":null,"is_giftwrap":false,"is_inactive":null,"is_multi_shaded":null,"is_out_of_stock":null,"is_preorder":false,"is_preorderable":null,"is_promotional":null,"is_replenishable":false,"is_search_suppressed":null,"is_searchable":true,"is_shaded":null,"is_sized":null,"is_sold_out":null,"is_under_weight_hazmat":false,"is_vto_enabled":null,"life_of_product":"Basic Reorder","material_code":"K2HW050001","media":{"large":[{"alt":"Beyond Perfecting Super Concealer Camouflage + 24 Saat Etkili Göz Altı Kapatıcısı","height":1200,"position":1,"src":"/media/export/cms/products/1200x1500/cl_sku_K2HW05_1200x1500_0.png","type":"image","width":1500}],"medium":[{"alt":"Beyond Perfecting Super Concealer Camouflage + 24 Saat Etkili Göz Altı Kapatıcısı","height":600,"position":2,"src":"/media/export/cms/products/600x750/cl_sku_K2HW05_600x750_0.png","type":"image","width":750}],"model":null,"poster":null,"small":[{"alt":"Beyond Perfecting Super Concealer Camouflage + 24 Saat Etkili Göz Altı Kapatıcısı","height":1200,"position":3,"src":"/media/export/cms/products/1200x1500/cl_sku_K2HW05_1200x1500_0.png","type":"image","width":1500}],"smoosh":[{"alt":"Beyond Perfecting Super Concealer Camouflage + 24 Saat Etkili Göz Altı Kapatıcısı","height":1200,"position":0,"src":"/media/export/cms/products/1200x1500/swatches_v3/89_ns_ng.png","type":"image","width":1500}],"xl":null},"out_of_stock_threshold":null,"perlgem":{"SKU_BASE_ID":82751},"preorder_date":null,"prices":[{"currency":"TRY","exclude_tax":{"original_price":195,"original_price_formatted":"195.00 TL","price":195,"price_formatted":"195.00 TL","price_per_unit":null,"price_per_unit_formatted":""},"include_tax":{"original_price":195,"original_price_formatted":"195.00 TL","price":195,"price_formatted":"195.00 TL","price_per_unit":null,"price_per_unit_formatted":""},"is_discounted":false}],"purchase_limit":null,"replenishment":{"message":null},"reviews":{"average_rating":null,"number_of_questions":null,"number_of_reviews":null},"set_components":null,"shade_groups":null,"shades":[{"description":"","hex_val":"#DCA68A","image":{"height":null,"src":"","width":null},"name":"Moderately Fair 10","smoosh_design":{"group_id":null,"name":"89::none::none"}}],"sizes":[{"key":1,"value":null}],"skin":{"tone":null,"type":null,"type_description":null},"sku_badge":null,"sku_badge_image":null,"sku_display_order":0,"sku_id":"K2HW05","sku_promo_messaging":null,"sku_type":"SE","sku_url":null,"tags":{"total":6,"items":[{"id":"1596","key":"göz-alti-kapaticilari","value":"GÖZ ALTI KAPATICILARI"},{"id":"27172","key":"day5flashsale","value":"Day5FlashSale"},{"id":"4323","key":"yeni̇-ürünler","value":"YENİ ÜRÜNLER"},{"id":"1592","key":"makyaj","value":"MAKYAJ"},{"id":"27174","key":"day7flashsale","value":"Day7FlashSale"},{"id":"27171","key":"day4flashsale","value":"Day4FlashSale"}]},"texture":null,"undertone":null,"unit_of_measure":null,"unit_size":null,"unit_size_formatted":null,"upc":"020714880880","vto":{"is_color_experience":null,"is_foundation_experience":null}},{"color_family":null,"coverage_options":null,"cross_sell":null,"display_status":7,"finish":null,"finish_options":null,"fragrances":[{"family":null,"key":null,"value":null}],"iln_listing":null,"iln_version_number":null,"inventory_status":"Active","is_active":true,"is_coming_soon":null,"is_default_sku":false,"is_discountable":true,"is_displayable":null,"is_engravable":null,"is_fragrance":null,"is_giftable":null,"is_giftwrap":false,"is_inactive":null,"is_multi_shaded":null,"is_out_of_stock":null,"is_preorder":false,"is_preorderable":null,"is_promotional":null,"is_replenishable":false,"is_search_suppressed":null,"is_searchable":true,"is_shaded":null,"is_sized":null,"is_sold_out":null,"is_under_weight_hazmat":false,"is_vto_enabled":null,"life_of_product":"Basic Reorder","material_code":"K2HW020001","media":{"large":[{"alt":"Beyond Perfecting Super Concealer Camouflage + 24 Saat Etkili Göz Altı Kapatıcısı","height":1200,"position":1,"src":"/media/export/cms/products/1200x1500/cl_sku_K2HW02_1200x1500_0.png","type":"image","width":1500}],"medium":[{"alt":"Beyond Perfecting Super Concealer Camouflage + 24 Saat Etkili Göz Altı Kapatıcısı","height":600,"position":2,"src":"/media/export/cms/products/600x750/cl_sku_K2HW02_600x750_0.png","type":"image","width":750}],"model":null,"poster":null,"small":[{"alt":"Beyond Perfecting Super Concealer Camouflage + 24 Saat Etkili Göz Altı Kapatıcısı","height":1200,"position":3,"src":"/media/export/cms/products/1200x1500/cl_sku_K2HW02_1200x1500_0.png","type":"image","width":1500}],"smoosh":[{"alt":"Beyond Perfecting Super Concealer Camouflage + 24 Saat Etkili Göz Altı Kapatıcısı","height":1200,"position":0,"src":"/media/export/cms/products/1200x1500/swatches_v3/89_ns_ng.png","type":"image","width":1500}],"xl":null},"out_of_stock_threshold":null,"perlgem":{"SKU_BASE_ID":82747},"preorder_date":null,"prices":[{"currency":"TRY","exclude_tax":{"original_price":195,"original_price_formatted":"195.00 TL","price":195,"price_formatted":"195.00 TL","price_per_unit":null,"price_per_unit_formatted":""},"include_tax":{"original_price":195,"original_price_formatted":"195.00 TL","price":195,"price_formatted":"195.00 TL","price_per_unit":null,"price_per_unit_formatted":""},"is_discounted":false}],"purchase_limit":null,"replenishment":{"message":null},"reviews":{"average_rating":null,"number_of_questions":null,"number_of_reviews":null},"set_components":null,"shade_groups":null,"shades":[{"description":"","hex_val":"#E9B894","image":{"height":null,"src":"","width":null},"name":"Very Fair 04","smoosh_design":{"group_id":null,"name":"89::none::none"}}],"sizes":[{"key":1,"value":null}],"skin":{"tone":null,"type":null,"type_description":null},"sku_badge":null,"sku_badge_image":null,"sku_display_order":0,"sku_id":"K2HW02","sku_promo_messaging":null,"sku_type":"SE","sku_url":null,"tags":{"total":6,"items":[{"id":"1596","key":"göz-alti-kapaticilari","value":"GÖZ ALTI KAPATICILARI"},{"id":"27172","key":"day5flashsale","value":"Day5FlashSale"},{"id":"13562","key":"yeni̇-yil-makyaj","value":"YENİ YIL MAKYAJ"},{"id":"4323","key":"yeni̇-ürünler","value":"YENİ ÜRÜNLER"},{"id":"1592","key":"makyaj","value":"MAKYAJ"},{"id":"27171","key":"day4flashsale","value":"Day4FlashSale"}]},"texture":null,"undertone":null,"unit_of_measure":null,"unit_size":null,"unit_size_formatted":null,"upc":"020714880859","vto":{"is_color_experience":null,"is_foundation_experience":null}},{"color_family":null,"coverage_options":null,"cross_sell":null,"display_status":7,"finish":null,"finish_options":null,"fragrances":[{"family":null,"key":null,"value":null}],"iln_listing":null,"iln_version_number":null,"inventory_status":"Active","is_active":true,"is_coming_soon":null,"is_default_sku":false,"is_discountable":true,"is_displayable":null,"is_engravable":null,"is_fragrance":null,"is_giftable":null,"is_giftwrap":false,"is_inactive":null,"is_multi_shaded":null,"is_out_of_stock":null,"is_preorder":false,"is_preorderable":null,"is_promotional":null,"is_replenishable":false,"is_search_suppressed":null,"is_searchable":true,"is_shaded":null,"is_sized":null,"is_sold_out":null,"is_under_weight_hazmat":false,"is_vto_enabled":null,"life_of_product":"Basic Reorder","material_code":"K2HW030001","media":{"large":[{"alt":"Beyond Perfecting Super Concealer Camouflage + 24 Saat Etkili Göz Altı Kapatıcısı","height":1200,"position":1,"src":"/media/export/cms/products/1200x1500/cl_sku_K2HW03_1200x1500_0.png","type":"image","width":1500}],"medium":[{"alt":"Beyond Perfecting Super Concealer Camouflage + 24 Saat Etkili Göz Altı Kapatıcısı","height":600,"position":2,"src":"/media/export/cms/products/600x750/cl_sku_K2HW03_600x750_0.png","type":"image","width":750}],"model":null,"poster":null,"small":[{"alt":"Beyond Perfecting Super Concealer Camouflage + 24 Saat Etkili Göz Altı Kapatıcısı","height":1200,"position":3,"src":"/media/export/cms/products/1200x1500/cl_sku_K2HW03_1200x1500_0.png","type":"image","width":1500}],"smoosh":[{"alt":"Beyond Perfecting Super Concealer Camouflage + 24 Saat Etkili Göz Altı Kapatıcısı","height":1200,"position":0,"src":"/media/export/cms/products/1200x1500/swatches_v3/89_ns_ng.png","type":"image","width":1500}],"xl":null},"out_of_stock_threshold":null,"perlgem":{"SKU_BASE_ID":82748},"preorder_date":null,"prices":[{"currency":"TRY","exclude_tax":{"original_price":195,"original_price_formatted":"195.00 TL","price":195,"price_formatted":"195.00 TL","price_per_unit":null,"price_per_unit_formatted":""},"include_tax":{"original_price":195,"original_price_formatted":"195.00 TL","price":195,"price_formatted":"195.00 TL","price_per_unit":null,"price_per_unit_formatted":""},"is_discounted":false}],"purchase_limit":null,"replenishment":{"message":null},"reviews":{"average_rating":null,"number_of_questions":null,"number_of_reviews":null},"set_components":null,"shade_groups":null,"shades":[{"description":"","hex_val":"#E3AB7F","image":{"height":null,"src":"","width":null},"name":"Very Fair 06","smoosh_design":{"group_id":null,"name":"89::none::none"}}],"sizes":[{"key":1,"value":null}],"skin":{"tone":null,"type":null,"type_description":null},"sku_badge":null,"sku_badge_image":null,"sku_display_order":0,"sku_id":"K2HW03","sku_promo_messaging":null,"sku_type":"SE","sku_url":null,"tags":{"total":5,"items":[{"id":"1596","key":"göz-alti-kapaticilari","value":"GÖZ ALTI KAPATICILARI"},{"id":"27172","key":"day5flashsale","value":"Day5FlashSale"},{"id":"4323","key":"yeni̇-ürünler","value":"YENİ ÜRÜNLER"},{"id":"1592","key":"makyaj","value":"MAKYAJ"},{"id":"27171","key":"day4flashsale","value":"Day4FlashSale"}]},"texture":null,"undertone":null,"unit_of_measure":null,"unit_size":null,"unit_size_formatted":null,"upc":"020714880866","vto":{"is_color_experience":null,"is_foundation_experience":null}},{"color_family":null,"coverage_options":null,"cross_sell":null,"display_status":7,"finish":null,"finish_options":null,"fragrances":[{"family":null,"key":null,"value":null}],"iln_listing":null,"iln_version_number":null,"inventory_status":"Active","is_active":true,"is_coming_soon":null,"is_default_sku":false,"is_discountable":true,"is_displayable":null,"is_engravable":null,"is_fragrance":null,"is_giftable":null,"is_giftwrap":false,"is_inactive":null,"is_multi_shaded":null,"is_out_of_stock":null,"is_preorder":false,"is_preorderable":null,"is_promotional":null,"is_replenishable":false,"is_search_suppressed":null,"is_searchable":true,"is_shaded":null,"is_sized":null,"is_sold_out":null,"is_under_weight_hazmat":false,"is_vto_enabled":null,"life_of_product":"Basic Reorder","material_code":"K2HW060001","media":{"large":[{"alt":"Beyond Perfecting Super Concealer Camouflage + 24 Saat Etkili Göz Altı Kapatıcısı","height":1200,"position":1,"src":"/media/export/cms/products/1200x1500/cl_sku_K2HW06_1200x1500_0.png","type":"image","width":1500}],"medium":[{"alt":"Beyond Perfecting Super Concealer Camouflage + 24 Saat Etkili Göz Altı Kapatıcısı","height":600,"position":2,"src":"/media/export/cms/products/600x750/cl_sku_K2HW06_600x750_0.png","type":"image","width":750}],"model":null,"poster":null,"small":[{"alt":"Beyond Perfecting Super Concealer Camouflage + 24 Saat Etkili Göz Altı Kapatıcısı","height":1200,"position":3,"src":"/media/export/cms/products/1200x1500/cl_sku_K2HW06_1200x1500_0.png","type":"image","width":1500}],"smoosh":[{"alt":"Beyond Perfecting Super Concealer Camouflage + 24 Saat Etkili Göz Altı Kapatıcısı","height":1200,"position":0,"src":"/media/export/cms/products/1200x1500/swatches_v3/89_ns_ng.png","type":"image","width":1500}],"xl":null},"out_of_stock_threshold":null,"perlgem":{"SKU_BASE_ID":82752},"preorder_date":null,"prices":[{"currency":"TRY","exclude_tax":{"original_price":195,"original_price_formatted":"195.00 TL","price":195,"price_formatted":"195.00 TL","price_per_unit":null,"price_per_unit_formatted":""},"include_tax":{"original_price":195,"original_price_formatted":"195.00 TL","price":195,"price_formatted":"195.00 TL","price_per_unit":null,"price_per_unit_formatted":""},"is_discounted":false}],"purchase_limit":null,"replenishment":{"message":null},"reviews":{"average_rating":null,"number_of_questions":null,"number_of_reviews":null},"set_components":null,"shade_groups":null,"shades":[{"description":"","hex_val":"#CF916B","image":{"height":null,"src":"","width":null},"name":"Moderately Fair 12","smoosh_design":{"group_id":null,"name":"89::none::none"}}],"sizes":[{"key":1,"value":null}],"skin":{"tone":null,"type":null,"type_description":null},"sku_badge":null,"sku_badge_image":null,"sku_display_order":0,"sku_id":"K2HW06","sku_promo_messaging":null,"sku_type":"SE","sku_url":null,"tags":{"total":7,"items":[{"id":"1596","key":"göz-alti-kapaticilari","value":"GÖZ ALTI KAPATICILARI"},{"id":"27172","key":"day5flashsale","value":"Day5FlashSale"},{"id":"13562","key":"yeni̇-yil-makyaj","value":"YENİ YIL MAKYAJ"},{"id":"4323","key":"yeni̇-ürünler","value":"YENİ ÜRÜNLER"},{"id":"1592","key":"makyaj","value":"MAKYAJ"},{"id":"27171","key":"day4flashsale","value":"Day4FlashSale"},{"id":"1590","key":"i̇ndi̇ri̇mli̇-ürünler","value":"İNDİRİMLİ ÜRÜNLER"}]},"texture":null,"undertone":null,"unit_of_measure":null,"unit_size":null,"unit_size_formatted":null,"upc":"020714880897","vto":{"is_color_experience":null,"is_foundation_experience":null}},{"color_family":null,"coverage_options":null,"cross_sell":null,"display_status":7,"finish":null,"finish_options":null,"fragrances":[{"family":null,"key":null,"value":null}],"iln_listing":null,"iln_version_number":null,"inventory_status":"Active","is_active":true,"is_coming_soon":null,"is_default_sku":true,"is_discountable":true,"is_displayable":null,"is_engravable":null,"is_fragrance":null,"is_giftable":null,"is_giftwrap":false,"is_inactive":null,"is_multi_shaded":null,"is_out_of_stock":null,"is_preorder":false,"is_preorderable":null,"is_promotional":null,"is_replenishable":false,"is_search_suppressed":null,"is_searchable":true,"is_shaded":null,"is_sized":null,"is_sold_out":null,"is_under_weight_hazmat":false,"is_vto_enabled":null,"life_of_product":"Basic Reorder","material_code":"K2HW010001","media":{"large":[{"alt":"Beyond Perfecting Super Concealer Camouflage + 24 Saat Etkili Göz Altı Kapatıcısı","height":1200,"position":1,"src":"/media/export/cms/products/1200x1500/cl_sku_K2HW01_1200x1500_0.png","type":"image","width":1500}],"medium":[{"alt":"Beyond Perfecting Super Concealer Camouflage + 24 Saat Etkili Göz Altı Kapatıcısı","height":600,"position":2,"src":"/media/export/cms/products/600x750/cl_sku_K2HW01_600x750_0.png","type":"image","width":750}],"model":null,"poster":null,"small":[{"alt":"Beyond Perfecting Super Concealer Camouflage + 24 Saat Etkili Göz Altı Kapatıcısı","height":1200,"position":3,"src":"/media/export/cms/products/1200x1500/cl_sku_K2HW01_1200x1500_0.png","type":"image","width":1500}],"smoosh":[{"alt":"Beyond Perfecting Super Concealer Camouflage + 24 Saat Etkili Göz Altı Kapatıcısı","height":1200,"position":0,"src":"/media/export/cms/products/1200x1500/swatches_v3/89_ns_ng.png","type":"image","width":1500}],"xl":null},"out_of_stock_threshold":null,"perlgem":{"SKU_BASE_ID":82746},"preorder_date":null,"prices":[{"currency":"TRY","exclude_tax":{"original_price":195,"original_price_formatted":"195.00 TL","price":195,"price_formatted":"195.00 TL","price_per_unit":null,"price_per_unit_formatted":""},"include_tax":{"original_price":195,"original_price_formatted":"195.00 TL","price":195,"price_formatted":"195.00 TL","price_per_unit":null,"price_per_unit_formatted":""},"is_discounted":false}],"purchase_limit":null,"replenishment":{"message":null},"reviews":{"average_rating":null,"number_of_questions":null,"number_of_reviews":null},"set_components":null,"shade_groups":null,"shades":[{"description":"","hex_val":"#E8B99A","image":{"height":null,"src":"","width":null},"name":"Very Fair 02","smoosh_design":{"group_id":null,"name":"89::none::none"}}],"sizes":[{"key":1,"value":null}],"skin":{"tone":null,"type":null,"type_description":null},"sku_badge":null,"sku_badge_image":null,"sku_display_order":0,"sku_id":"K2HW01","sku_promo_messaging":null,"sku_type":"SE","sku_url":null,"tags":{"total":7,"items":[{"id":"1596","key":"göz-alti-kapaticilari","value":"GÖZ ALTI KAPATICILARI"},{"id":"27172","key":"day5flashsale","value":"Day5FlashSale"},{"id":"13562","key":"yeni̇-yil-makyaj","value":"YENİ YIL MAKYAJ"},{"id":"4323","key":"yeni̇-ürünler","value":"YENİ ÜRÜNLER"},{"id":"1592","key":"makyaj","value":"MAKYAJ"},{"id":"25565","key":"justarrivednew","value":"justarrivednew"},{"id":"27171","key":"day4flashsale","value":"Day4FlashSale"}]},"texture":null,"undertone":null,"unit_of_measure":null,"unit_size":null,"unit_size_formatted":null,"upc":"020714880842","vto":{"is_color_experience":null,"is_foundation_experience":null}},{"color_family":null,"coverage_options":null,"cross_sell":null,"display_status":7,"finish":null,"finish_options":null,"fragrances":[{"family":null,"key":null,"value":null}],"iln_listing":null,"iln_version_number":null,"inventory_status":"Active","is_active":true,"is_coming_soon":null,"is_default_sku":false,"is_discountable":false,"is_displayable":null,"is_engravable":null,"is_fragrance":null,"is_giftable":null,"is_giftwrap":false,"is_inactive":null,"is_multi_shaded":null,"is_out_of_stock":null,"is_preorder":false,"is_preorderable":null,"is_promotional":null,"is_replenishable":false,"is_search_suppressed":null,"is_searchable":true,"is_shaded":null,"is_sized":null,"is_sold_out":null,"is_under_weight_hazmat":false,"is_vto_enabled":null,"life_of_product":"Basic Reorder","material_code":"K2HW150001","media":{"large":[{"alt":"Beyond Perfecting Super Concealer Camouflage + 24 Saat Etkili Göz Altı Kapatıcısı","height":1200,"position":1,"src":"/media/export/cms/products/1200x1500/cl_sku_K2HW15_1200x1500_0.png","type":"image","width":1500}],"medium":[{"alt":"Beyond Perfecting Super Concealer Camouflage + 24 Saat Etkili Göz Altı Kapatıcısı","height":600,"position":2,"src":"/media/export/cms/products/600x750/cl_sku_K2HW15_600x750_0.png","type":"image","width":750}],"model":null,"poster":null,"small":[{"alt":"Beyond Perfecting Super Concealer Camouflage + 24 Saat Etkili Göz Altı Kapatıcısı","height":1200,"position":3,"src":"/media/export/cms/products/1200x1500/cl_sku_K2HW15_1200x1500_0.png","type":"image","width":1500}],"smoosh":[{"alt":"Beyond Perfecting Super Concealer Camouflage + 24 Saat Etkili Göz Altı Kapatıcısı","height":1200,"position":0,"src":"/media/export/cms/products/1200x1500/swatches_v3/89_ns_ng.png","type":"image","width":1500}],"xl":null},"out_of_stock_threshold":null,"perlgem":{"SKU_BASE_ID":83738},"preorder_date":null,"prices":[{"currency":"TRY","exclude_tax":{"original_price":195,"original_price_formatted":"195.00 TL","price":195,"price_formatted":"195.00 TL","price_per_unit":null,"price_per_unit_formatted":""},"include_tax":{"original_price":195,"original_price_formatted":"195.00 TL","price":195,"price_formatted":"195.00 TL","price_per_unit":null,"price_per_unit_formatted":""},"is_discounted":false}],"purchase_limit":null,"replenishment":{"message":null},"reviews":{"average_rating":null,"number_of_questions":null,"number_of_reviews":null},"set_components":null,"shade_groups":null,"shades":[{"description":"","hex_val":"#E5855E","image":{"height":null,"src":"","width":null},"name":"Apricot Corrector","smoosh_design":{"group_id":null,"name":"89::none::none"}}],"sizes":[{"key":1,"value":null}],"skin":{"tone":null,"type":null,"type_description":null},"sku_badge":null,"sku_badge_image":null,"sku_display_order":0,"sku_id":"K2HW15","sku_promo_messaging":null,"sku_type":"SE","sku_url":null,"tags":{"total":7,"items":[{"id":"1596","key":"göz-alti-kapaticilari","value":"GÖZ ALTI KAPATICILARI"},{"id":"27172","key":"day5flashsale","value":"Day5FlashSale"},{"id":"4323","key":"yeni̇-ürünler","value":"YENİ ÜRÜNLER"},{"id":"1592","key":"makyaj","value":"MAKYAJ"},{"id":"27174","key":"day7flashsale","value":"Day7FlashSale"},{"id":"27171","key":"day4flashsale","value":"Day4FlashSale"},{"id":"1590","key":"i̇ndi̇ri̇mli̇-ürünler","value":"İNDİRİMLİ ÜRÜNLER"}]},"texture":null,"undertone":null,"unit_of_measure":null,"unit_size":null,"unit_size_formatted":null,"upc":"020714881382","vto":{"is_color_experience":null,"is_foundation_experience":null}}]},"sub_display_name":null,"sub_header":null,"tags":{"total":9,"items":[{"id":"1596","key":"göz-alti-kapaticilari","parent_tag_id":"1592","product_display_order":0,"value":"GÖZ ALTI KAPATICILARI"},{"id":"27172","key":"day5flashsale","parent_tag_id":"1590","product_display_order":79,"value":"Day5FlashSale"},{"id":"13562","key":"yeni̇-yil-makyaj","parent_tag_id":"13561","product_display_order":0,"value":"YENİ YIL MAKYAJ"},{"id":"4323","key":"yeni̇-ürünler","parent_tag_id":null,"product_display_order":174,"value":"YENİ ÜRÜNLER"},{"id":"1592","key":"makyaj","parent_tag_id":null,"product_display_order":20,"value":"MAKYAJ"},{"id":"25565","key":"justarrivednew","parent_tag_id":null,"product_display_order":4,"value":"justarrivednew"},{"id":"27174","key":"day7flashsale","parent_tag_id":"1590","product_display_order":0,"value":"Day7FlashSale"},{"id":"27171","key":"day4flashsale","parent_tag_id":"1590","product_display_order":0,"value":"Day4FlashSale"},{"id":"1590","key":"i̇ndi̇ri̇mli̇-ürünler","parent_tag_id":null,"product_display_order":0,"value":"İNDİRİMLİ ÜRÜNLER"}]},"usage":[{"content":"<UL><LI>Göz altınız küçük bir damla olarak parmak uçlarınızla yada concealing fırçası ile uygulayın</LI><LI>Ürünü küçük dokunuşlarla, istediğiniz kapatıcılığa göre&nbsp; göz altınıza uygulayın</LI></UL>","label":"PRODUCT USAGE","type":"product_usage"},{"content":null,"label":"HOW DOES IT WORK","type":"how_does_it_work"},{"content":null,"label":"WHO IT IS FOR","type":"who_it_is_for"},{"content":null,"label":"GREAT TO KNOW","type":"great_to_know"},{"content":null,"label":"WHAT_IT_DOES","type":"what_it_does"},{"content":"Uzun süre kapatıcı etkiye sahiptir. Hızlı ve kolay bir şekilde cilt ile uyum gösterir, topaklanma yapmaz. Dağılma karşıtı formülü ile nemli havalarda yada terlemeye karşı bile kalıcılığını korur. Cildin nemlenmesine yardımcı olarak , göz çevrenizde rahatlamaya , doğal canlı ve aydınlık bir görünüm yaratmaya yardımcı olur.","label":"WHAT_IT_IS","type":"what_it_is"}],"objectID":"50424"},{"benefit":{"statement":null,"benefits":null},"brand":null,"collection":[{"key":"dramatically-dif-collection","value":"dramatically_dif_collection"}],"coverage":null,"cross_sell":[{"sku_id":"6F3701","sort_key":1},{"sku_id":"6KF501","sort_key":2},{"sku_id":"68LE01","sort_key":3},{"sku_id":"76WY01","sort_key":4},{"sku_id":"76X001","sort_key":5},{"sku_id":"76X101","sort_key":6}],"default_category":{"id":"1687","key":"yüz-nemlendi̇ri̇ci̇"},"description":"<P>Dermatologlar tarafından geliştirilen formülüyle cildinizin ihtiyacı olan nemi sağlar.<BR>Alerji Testinden Geçirilmiştir. %100 Parfümsüzdür.Yağsız Jel.</P><P>Sodyum Hiyalüronat ve Gliserin içeren nemlendiriciler cildi&nbsp; nemlenmesine&nbsp; yumuşamasına ve rahatlamasına yardımcı olur. Silica, cilt yüzeyindeki fazla yağın emilmesine yardımcı olur. Hafif jel yapısı , cildi rahat hissetmesini destekler. Cildin ferahlamasına katkıda bulunur.<BR>- Hafif, yağsız formülü ile ciltte kalıntı bırakmaz, kolayca emilmesini destekler.<BR></P>","display_mode":null,"display_name":"Dramatically Different Nemlendirici Jel Krem","display_status":3,"finish":null,"form":[{"key":"gel-form","value":"gel_form"}],"formula_type":null,"fragrance_family":null,"indexable_keywords":[{"value":"DDML"},{"value":" 3 Adımlı Cilt Bakım Sistemi"},{"value":" kuru"},{"value":" hassas"},{"value":" yaşlanma karşıtı"},{"value":" çizgiler"},{"value":" DDMG"},{"value":" hassas"},{"value":" hipoalerjik"}],"is_hazmat":false,"is_product_coming_soon":null,"is_product_displayable":true,"is_product_searchable":true,"is_product_shoppable":true,"is_product_sold_out":null,"is_product_temporarily_out_of_stock":null,"is_search_suppressed":null,"key_ingredient":null,"media":{"large":[{"alt":"Dramatically Different Nemlendirici Jel Krem","height":1200,"position":0,"src":"/media/export/cms/products/1200x1500/cl_prod_5047_1200x1500_0.png","type":"image","width":1500},{"alt":"Dramatically Different Nemlendirici Jel Krem","height":1200,"position":1,"src":"/media/export/cms/products/1200x1500/cl_prod_5047_1200x1500_1.png","type":"image","width":1500}],"medium":null,"poster":null,"small":[{"alt":"Dramatically Different Nemlendirici Jel Krem","height":1200,"position":2,"src":"/media/export/cms/products/1200x1500/cl_prod_5047_1200x1500_0.png","type":"image","width":1500},{"alt":"Dramatically Different Nemlendirici Jel Krem","height":1200,"position":3,"src":"/media/export/cms/products/1200x1500/cl_prod_5047_1200x1500_1.png","type":"image","width":1500}],"videos":[{"position":null,"poster":{"height":null,"src":null,"width":null},"provider":null,"src":null},{"position":null,"poster":{"height":null,"src":null,"width":null},"provider":null,"src":null},{"position":null,"poster":{"height":null,"src":null,"width":null},"provider":null,"src":null}],"xl":null},"meta":{"description":null,"keywords":"DDML, 3-step, dry, sensitive, age, lines, DDMG, sensitive, hypoallergenic, dramatically, dramatically different, lotion, moisturizer, gel, gel cream, yellow gel, gel creme, oil free, oill free gel, gel lotion"},"parent_category":[{"id":"1687","value":"YÜZ NEMLENDİRİCİ"},{"id":"1667","value":"CİLT BAKIMI"}],"product_badge":null,"product_id":"5047","product_title_tag":null,"product_type":"Sized","product_url":"/product/1687/5047/cilt-bakimi/yuz-nemlendirici/dramatically-different-nemlendirici-jel-krem","reviews":{"average_rating":3.7,"number_of_questions":null,"number_of_reviews":12},"shade_groups":null,"short_description":"Dermatologlar tarafından geliştirilen yağ içermeyen nemlendirici, cildi pürüzsüzleştirmeye ve cilt bozukluklarını gidermeye yardımcıdır. Daha ışıltılı bir cilt elde etmenize yardımcı olur","skin":{"concern":[{"key":"dry-concern","value":"dry_concern"}]},"skin_goal":null,"skus":{"total":1,"items":[{"color_family":null,"coverage_options":null,"cross_sell":null,"display_status":3,"finish":null,"finish_options":null,"fragrances":[{"family":null,"key":null,"value":null}],"iln_listing":null,"iln_version_number":null,"inventory_status":"Active","is_active":true,"is_coming_soon":null,"is_default_sku":true,"is_discountable":true,"is_displayable":null,"is_engravable":null,"is_fragrance":null,"is_giftable":null,"is_giftwrap":false,"is_inactive":null,"is_multi_shaded":null,"is_out_of_stock":null,"is_preorder":false,"is_preorderable":null,"is_promotional":null,"is_replenishable":true,"is_search_suppressed":null,"is_searchable":true,"is_shaded":null,"is_sized":null,"is_sold_out":null,"is_under_weight_hazmat":false,"is_vto_enabled":null,"life_of_product":"Basic Reorder","material_code":"6EM601G000","media":{"large":[{"alt":"Dramatically Different Nemlendirici Jel Krem","height":1200,"position":0,"src":"/media/export/cms/products/1200x1500/cl_sku_6EM601_1200x1500_0.png","type":"image","width":1500}],"medium":[{"alt":"Dramatically Different Nemlendirici Jel Krem","height":600,"position":1,"src":"/media/export/cms/products/600x750/cl_sku_6EM601_600x750_0.png","type":"image","width":750},{"alt":"Dramatically Different Nemlendirici Jel Krem","height":600,"position":2,"src":"/media/export/cms/products/600x750/cl_sku_6EM601_600x750_1.png","type":"image","width":750}],"model":null,"poster":null,"small":[{"alt":"Dramatically Different Nemlendirici Jel Krem","height":1200,"position":3,"src":"/media/export/cms/products/1200x1500/cl_sku_6EM601_1200x1500_0.png","type":"image","width":1500}],"smoosh":null,"xl":null},"out_of_stock_threshold":null,"perlgem":{"SKU_BASE_ID":19483},"preorder_date":null,"prices":[{"currency":"TRY","exclude_tax":{"original_price":385,"original_price_formatted":"385.00 TL","price":385,"price_formatted":"385.00 TL","price_per_unit":null,"price_per_unit_formatted":""},"include_tax":{"original_price":385,"original_price_formatted":"385.00 TL","price":385,"price_formatted":"385.00 TL","price_per_unit":null,"price_per_unit_formatted":""},"is_discounted":false}],"purchase_limit":null,"replenishment":{"message":"Recommended Auto-Ship cycle: 12 weeks  Learn more >"},"reviews":{"average_rating":null,"number_of_questions":null,"number_of_reviews":null},"set_components":null,"shade_groups":null,"shades":null,"sizes":[{"key":1,"value":"125 ml"}],"skin":{"tone":null,"type":[{"key":"combination-skintype","value":"combination_skintype"},{"key":"oily-skintype","value":"oily_skintype"}],"type_description":null},"sku_badge":null,"sku_badge_image":null,"sku_display_order":0,"sku_id":"6EM601","sku_promo_messaging":null,"sku_type":"SE","sku_url":null,"tags":{"total":28,"items":[{"id":"1667","key":"ci̇lt-bakimi","value":"CİLT BAKIMI"},{"id":"9422","key":"socialmediafavs","value":"socialmediafavs"},{"id":"12602","key":"jumbo-boylar","value":"JUMBO BOYLAR"},{"id":"15513","key":"recommended-for-students","value":"Recommended for Students"},{"id":"2752","key":"çok-satan-ci̇lt-bakim-ürünleri̇","value":"ÇOK SATAN CİLT BAKIM ÜRÜNLERİ"},{"id":"12794","key":"ci̇lt-ti̇pi̇-3-karma-yağli","value":"CİLT TİPİ 3 - KARMA & YAĞLI"},{"id":"1571","key":"3-adimli-ci̇lt-bakim-si̇stemi̇-setleri̇","value":"3 ADIMLI CİLT BAKIM SİSTEMİ SETLERİ"},{"id":"13051","key":"skin-care-best-sellers","value":"Skin Care Best Sellers"},{"id":"9428","key":"top10","value":"top10"},{"id":"16422","key":"gifts","value":"Gifts"},{"id":"1570","key":"3-adimli-ci̇lt-bakim-si̇stemi̇","value":"3 ADIMLI CİLT BAKIM SİSTEMİ"},{"id":"13563","key":"yeni̇-yil-ci̇lt-bakimi","value":"YENİ YIL CİLT BAKIMI"},{"id":"1687","key":"yüz-nemlendi̇ri̇ci̇","value":"YÜZ NEMLENDİRİCİ"},{"id":"12796","key":"yağlanma-karşiti-ürünler","value":"YAĞLANMA KARŞITI ÜRÜNLER"},{"id":"2669","key":"hedi̇yeler-setler","value":"HEDİYELER & SETLER"},{"id":"1574","key":"nemlendi̇rme","value":"NEMLENDİRME"},{"id":"8194","key":"en-çok-satan-10","value":"En Çok Satan 10 "},{"id":"25016","key":"top-sellers","value":"Top Sellers"},{"id":"13561","key":"yeni̇-yil-buti̇ği̇","value":"YENİ YIL BUTİĞİ"},{"id":"1575","key":"en-çok-satanlar","value":"En Çok Satanlar"},{"id":"25565","key":"justarrivednew","value":"justarrivednew"},{"id":"27172","key":"day5flashsale","value":"Day5FlashSale"},{"id":"12795","key":"ci̇lt-ti̇pi̇-4-yağli","value":"CİLT TİPİ 4 - YAĞLI"},{"id":"13770","key":"recommended-clinique-favourites","value":"Recommended Clinique Favourites"},{"id":"9423","key":"seasonal1","value":"seasonal1"},{"id":"10589","key":"offers-lp","value":"Offers LP"},{"id":"12537","key":"çok-satan-makyaj-ürünleri̇","value":"ÇOK SATAN MAKYAJ ÜRÜNLERİ"},{"id":"12517","key":"yağsiz-ci̇lt-bakim-ürünleri̇","value":"YAĞSIZ CİLT BAKIM ÜRÜNLERİ"}]},"texture":null,"undertone":null,"unit_of_measure":null,"unit_size":null,"unit_size_formatted":null,"upc":"020714222857","vto":{"is_color_experience":null,"is_foundation_experience":null}}]},"sub_display_name":null,"sub_header":null,"tags":{"total":29,"items":[{"id":"1667","key":"ci̇lt-bakimi","parent_tag_id":null,"product_display_order":209,"value":"CİLT BAKIMI"},{"id":"9422","key":"socialmediafavs","parent_tag_id":"9420","product_display_order":0,"value":"socialmediafavs"},{"id":"12602","key":"jumbo-boylar","parent_tag_id":"1570","product_display_order":4,"value":"JUMBO BOYLAR"},{"id":"15513","key":"recommended-for-students","parent_tag_id":"4323","product_display_order":0,"value":"Recommended for Students"},{"id":"2752","key":"çok-satan-ci̇lt-bakim-ürünleri̇","parent_tag_id":"1667","product_display_order":0,"value":"ÇOK SATAN CİLT BAKIM ÜRÜNLERİ"},{"id":"12794","key":"ci̇lt-ti̇pi̇-3-karma-yağli","parent_tag_id":"1570","product_display_order":6,"value":"CİLT TİPİ 3 - KARMA & YAĞLI"},{"id":"1571","key":"3-adimli-ci̇lt-bakim-si̇stemi̇-setleri̇","parent_tag_id":"1570","product_display_order":0,"value":"3 ADIMLI CİLT BAKIM SİSTEMİ SETLERİ"},{"id":"13051","key":"skin-care-best-sellers","parent_tag_id":"1667","product_display_order":3,"value":"Skin Care Best Sellers"},{"id":"1628","key":"-evde-bakim","parent_tag_id":null,"product_display_order":258,"value":"# EVDE BAKIM"},{"id":"9428","key":"top10","parent_tag_id":"9420","product_display_order":0,"value":"top10"},{"id":"16422","key":"gifts","parent_tag_id":"1585","product_display_order":0,"value":"Gifts"},{"id":"1570","key":"3-adimli-ci̇lt-bakim-si̇stemi̇","parent_tag_id":null,"product_display_order":0,"value":"3 ADIMLI CİLT BAKIM SİSTEMİ"},{"id":"13563","key":"yeni̇-yil-ci̇lt-bakimi","parent_tag_id":"13561","product_display_order":1,"value":"YENİ YIL CİLT BAKIMI"},{"id":"1687","key":"yüz-nemlendi̇ri̇ci̇","parent_tag_id":"1667","product_display_order":155,"value":"YÜZ NEMLENDİRİCİ"},{"id":"12796","key":"yağlanma-karşiti-ürünler","parent_tag_id":"1667","product_display_order":5,"value":"YAĞLANMA KARŞITI ÜRÜNLER"},{"id":"2669","key":"hedi̇yeler-setler","parent_tag_id":"1570","product_display_order":0,"value":"HEDİYELER & SETLER"},{"id":"1574","key":"nemlendi̇rme","parent_tag_id":"1570","product_display_order":8,"value":"NEMLENDİRME"},{"id":"8194","key":"en-çok-satan-10","parent_tag_id":null,"product_display_order":0,"value":"En Çok Satan 10 "},{"id":"25016","key":"top-sellers","parent_tag_id":"4323","product_display_order":0,"value":"Top Sellers"},{"id":"13561","key":"yeni̇-yil-buti̇ği̇","parent_tag_id":null,"product_display_order":1,"value":"YENİ YIL BUTİĞİ"},{"id":"1575","key":"en-çok-satanlar","parent_tag_id":null,"product_display_order":170,"value":"En Çok Satanlar"},{"id":"25565","key":"justarrivednew","parent_tag_id":null,"product_display_order":3,"value":"justarrivednew"},{"id":"27172","key":"day5flashsale","parent_tag_id":"1590","product_display_order":30,"value":"Day5FlashSale"},{"id":"12795","key":"ci̇lt-ti̇pi̇-4-yağli","parent_tag_id":"1570","product_display_order":6,"value":"CİLT TİPİ 4 - YAĞLI"},{"id":"13770","key":"recommended-clinique-favourites","parent_tag_id":null,"product_display_order":8,"value":"Recommended Clinique Favourites"},{"id":"9423","key":"seasonal1","parent_tag_id":"9420","product_display_order":1,"value":"seasonal1"},{"id":"10589","key":"offers-lp","parent_tag_id":null,"product_display_order":1,"value":"Offers LP"},{"id":"12537","key":"çok-satan-makyaj-ürünleri̇","parent_tag_id":"1592","product_display_order":0,"value":"ÇOK SATAN MAKYAJ ÜRÜNLERİ"},{"id":"12517","key":"yağsiz-ci̇lt-bakim-ürünleri̇","parent_tag_id":"1667","product_display_order":0,"value":"YAĞSIZ CİLT BAKIM ÜRÜNLERİ"}]},"usage":[{"content":null,"label":"PRODUCT USAGE","type":"product_usage"},{"content":null,"label":"HOW DOES IT WORK","type":"how_does_it_work"},{"content":"Karma Yağlı Ciltler (type 3,4)","label":"WHO IT IS FOR","type":"who_it_is_for"},{"content":"Cilt güzelliğinin sırrını keşfet.<br>3 adımlı cilt bakım sistemimiz dermatologlar tarafından geliştirilmiştir.<br>Basit, etkili ve güvenlidir. 3 dakika içinde, günde iki kere: Yüz yıkama jeli/sabunu ile cildinizi temizleyin, losyon ile cildinizi arındırın, DDML+ , yağ içermeyen jel veya jelly formülü ile nemlendirin.<br>Clinique cilt bakım sistemimizden size uygun olan rutini seçiniz.","label":"GREAT TO KNOW","type":"great_to_know"},{"content":"<ul><li>Yağsız, hafif formülü ile 8 saat boyunca nemlendirme.</li><li>Cilt tarafından hızlıca emilir.</li><li>Cildin yağ dengesini düzenler ve tazeler.</li></ul><b>Aktif içerik</b><br>Ayçiçeği tohumu, Salatalık Özü ile cildin nem bariyerini güçlendirir, dayanıklılığını arttırır ve cildin doğal nem dengesini düzenler. Hyalüronik Asit(Hümektan) mıknatıs görevi yaparak havadaki nemi cilde çeker.<br><br><b>Nasıl Kullanılır?</b><br><ul><li>Tüm cildinize ya da nemlendirmeye ihtiyaç olan bölgeye uygulayın. Günde 2 kere uygulayın.</li><li>En iyi sonuç için Facial Soap Temizleyici ve Arındırıcı Losyon'umuzdan sonra uygulayın.</li></ul>","label":"WHAT_IT_DOES","type":"what_it_does"},{"content":"3 adımlı cilt bakım sistemimizin 3. adımıdır.<br> Dermatologlar tarafından geliştirilen nemlendirici cildinizi pürüzsüzleştirmeye ve cilt bozukluklarını iyileştirmeye yardımcıdır. Daha ışıltılı bir cilt elde etmenize yardımcı olur.","label":"WHAT_IT_IS","type":"what_it_is"}],"objectID":"5047"},{"benefit":{"statement":null,"benefits":null},"brand":null,"collection":null,"coverage":null,"cross_sell":[{"sku_id":"ZEK203","sort_key":1},{"sku_id":"7THL04","sort_key":2},{"sku_id":"ZN9101","sort_key":3},{"sku_id":"68NT01","sort_key":4},{"sku_id":"ZP4T01","sort_key":5}],"default_category":{"id":"1673","key":"makyaj-temi̇zli̇yi̇ci̇leri̇"},"description":"Tek Adımla Hızlı Arınma!<BR>&nbsp;Yeni Miselar Teknolojisi içerir, Kapsül teknolojisi ile ciltteki makyajı ve pürüzleri suya ihtiyaç olmadan ciltten arındırı. Cildi sakinleştirir ve yumuşatır.","display_mode":null,"display_name":"2 si 1 Arada Micellar Jel ve Makyaj Temizleyicisi","display_status":7,"finish":null,"form":null,"formula_type":null,"fragrance_family":null,"indexable_keywords":null,"is_hazmat":false,"is_product_coming_soon":null,"is_product_displayable":true,"is_product_searchable":true,"is_product_shoppable":true,"is_product_sold_out":null,"is_product_temporarily_out_of_stock":null,"is_search_suppressed":null,"key_ingredient":null,"media":{"large":null,"medium":null,"poster":null,"small":null,"videos":[{"position":null,"poster":{"height":null,"src":null,"width":null},"provider":null,"src":null},{"position":null,"poster":{"height":null,"src":null,"width":null},"provider":null,"src":null},{"position":null,"poster":{"height":null,"src":null,"width":null},"provider":null,"src":null}],"xl":null},"meta":{"description":null,"keywords":null},"parent_category":[{"id":"1673","value":"MAKYAJ TEMİZLİYİCİLERİ"},{"id":"1667","value":"CİLT BAKIMI"}],"product_badge":null,"product_id":"50483","product_title_tag":null,"product_type":"Sized","product_url":"/product/1673/50483/cilt-bakimi/makyaj-temizliyicileri/2-si-1-arada-micellar-jel-ve-makyaj-temizleyicisi","reviews":{"average_rating":null,"number_of_questions":null,"number_of_reviews":null},"shade_groups":null,"short_description":null,"skin":null,"skin_goal":null,"skus":{"total":1,"items":[{"color_family":null,"coverage_options":null,"cross_sell":null,"display_status":7,"finish":null,"finish_options":null,"fragrances":[{"family":null,"key":null,"value":null}],"iln_listing":null,"iln_version_number":null,"inventory_status":"Active","is_active":true,"is_coming_soon":null,"is_default_sku":false,"is_discountable":true,"is_displayable":null,"is_engravable":null,"is_fragrance":null,"is_giftable":null,"is_giftwrap":false,"is_inactive":null,"is_multi_shaded":null,"is_out_of_stock":null,"is_preorder":false,"is_preorderable":null,"is_promotional":null,"is_replenishable":false,"is_search_suppressed":null,"is_searchable":true,"is_shaded":null,"is_sized":null,"is_sold_out":null,"is_under_weight_hazmat":false,"is_vto_enabled":null,"life_of_product":"Basic Reorder","material_code":"K4F5010000","media":{"large":[{"alt":"2 si 1 Arada Micellar Jel ve Makyaj Temizleyicisi","height":1200,"position":0,"src":"/media/export/cms/products/1200x1500/cl_sku_K4F501_1200x1500_0.png","type":"image","width":1500}],"medium":[{"alt":"2 si 1 Arada Micellar Jel ve Makyaj Temizleyicisi","height":600,"position":1,"src":"/media/export/cms/products/600x750/cl_sku_K4F501_600x750_0.png","type":"image","width":750}],"model":null,"poster":null,"small":[{"alt":"2 si 1 Arada Micellar Jel ve Makyaj Temizleyicisi","height":1200,"position":2,"src":"/media/export/cms/products/1200x1500/cl_sku_K4F501_1200x1500_0.png","type":"image","width":1500}],"smoosh":null,"xl":null},"out_of_stock_threshold":null,"perlgem":{"SKU_BASE_ID":82821},"preorder_date":null,"prices":[{"currency":"TRY","exclude_tax":{"original_price":195,"original_price_formatted":"195.00 TL","price":195,"price_formatted":"195.00 TL","price_per_unit":null,"price_per_unit_formatted":""},"include_tax":{"original_price":195,"original_price_formatted":"195.00 TL","price":195,"price_formatted":"195.00 TL","price_per_unit":null,"price_per_unit_formatted":""},"is_discounted":false}],"purchase_limit":null,"replenishment":{"message":null},"reviews":{"average_rating":null,"number_of_questions":null,"number_of_reviews":null},"set_components":null,"shade_groups":null,"shades":null,"sizes":[{"key":1,"value":"150 ml"}],"skin":{"tone":null,"type":null,"type_description":null},"sku_badge":null,"sku_badge_image":null,"sku_display_order":0,"sku_id":"K4F501","sku_promo_messaging":null,"sku_type":"SE","sku_url":null,"tags":{"total":8,"items":[{"id":"1673","key":"makyaj-temi̇zli̇yi̇ci̇leri̇","value":"MAKYAJ TEMİZLİYİCİLERİ"},{"id":"20011","key":"makeup-removers","value":"Makeup Removers"},{"id":"27174","key":"day7flashsale","value":"Day7FlashSale"},{"id":"27172","key":"day5flashsale","value":"Day5FlashSale"},{"id":"17859","key":"çok-satanlar","value":"ÇOK SATANLAR"},{"id":"27173","key":"day6flashsale","value":"Day6FlashSale"},{"id":"4323","key":"yeni̇-ürünler","value":"YENİ ÜRÜNLER"},{"id":"1667","key":"ci̇lt-bakimi","value":"CİLT BAKIMI"}]},"texture":null,"undertone":null,"unit_of_measure":null,"unit_size":0,"unit_size_formatted":null,"upc":"020714896447","vto":{"is_color_experience":null,"is_foundation_experience":null}}]},"sub_display_name":null,"sub_header":null,"tags":{"total":8,"items":[{"id":"1673","key":"makyaj-temi̇zli̇yi̇ci̇leri̇","parent_tag_id":"1667","product_display_order":0,"value":"MAKYAJ TEMİZLİYİCİLERİ"},{"id":"20011","key":"makeup-removers","parent_tag_id":"1667","product_display_order":0,"value":"Makeup Removers"},{"id":"27174","key":"day7flashsale","parent_tag_id":"1590","product_display_order":0,"value":"Day7FlashSale"},{"id":"27172","key":"day5flashsale","parent_tag_id":"1590","product_display_order":41,"value":"Day5FlashSale"},{"id":"17859","key":"çok-satanlar","parent_tag_id":null,"product_display_order":82,"value":"ÇOK SATANLAR"},{"id":"27173","key":"day6flashsale","parent_tag_id":"1590","product_display_order":0,"value":"Day6FlashSale"},{"id":"4323","key":"yeni̇-ürünler","parent_tag_id":null,"product_display_order":151,"value":"YENİ ÜRÜNLER"},{"id":"1667","key":"ci̇lt-bakimi","parent_tag_id":null,"product_display_order":158,"value":"CİLT BAKIMI"}]},"usage":[{"content":"<P>Yüz ve dudak kullanımında , parmak ucuza ufak bir miktar alarak uygulayın. Fazlalığını mendil ile temizleyin. Göz çevresi kullanımı için pamuk ile uygulayın. Cildinize yumuşak hareketler ile uygulayın.</P>","label":"PRODUCT USAGE","type":"product_usage"},{"content":null,"label":"HOW DOES IT WORK","type":"how_does_it_work"},{"content":null,"label":"WHO IT IS FOR","type":"who_it_is_for"},{"content":null,"label":"GREAT TO KNOW","type":"great_to_know"},{"content":null,"label":"WHAT_IT_DOES","type":"what_it_does"},{"content":"Tek Adımla Hızlı Arınma!<BR>&nbsp;Yeni Miselar Teknolojisi içerir, Kapsül teknolojisi ile ciltteki makyajı ve pürüzleri suya ihtiyaç olmadan ciltten arındırı. Cildi sakinleştirir ve yumuşatır.","label":"WHAT_IT_IS","type":"what_it_is"}],"objectID":"50483"},{"benefit":{"statement":null,"benefits":null},"brand":null,"collection":null,"coverage":null,"cross_sell":null,"default_category":{"id":"1607","key":"pudra"},"description":"<SPAN lang=EN-US style='FONT-SIZE: 11pt; FONT-FAMILY: \"Calibri\",sans-serif; LINE-HEIGHT: 107%; mso-ascii-theme-font: minor-latin; mso-fareast-font-family: Calibri; mso-fareast-theme-font: minor-latin; mso-hansi-theme-font: minor-latin; mso-bidi-font-family: \"Times New Roman\"; mso-bidi-theme-font: minor-bidi; mso-ansi-language: EN-US; mso-fareast-language: EN-US; mso-bidi-language: AR-SA'><STRONG>CliniqueFit Post-Workout Neutralizing Face Powder </STRONG></SPAN><SPAN lang=EN-US style='FONT-SIZE: 11pt; FONT-FAMILY: \"HelveticaNeueLT Std Lt\",sans-serif; LINE-HEIGHT: 107%; mso-fareast-font-family: Calibri; mso-fareast-theme-font: minor-latin; mso-bidi-font-family: \"Times New Roman\"; mso-bidi-theme-font: minor-bidi; mso-ansi-language: EN-US; mso-fareast-language: EN-US; mso-bidi-language: AR-SA'>kremsi yapıdaki sari pudra kızarıklıkların görünümün naturalize etmeye yardımcı olur ve spor sonrası parlamayı azaltır</SPAN>","display_mode":null,"display_name":"Post-Workout Neutralizing Face Powder","display_status":7,"finish":null,"form":null,"formula_type":null,"fragrance_family":null,"indexable_keywords":null,"is_hazmat":false,"is_product_coming_soon":null,"is_product_displayable":true,"is_product_searchable":true,"is_product_shoppable":false,"is_product_sold_out":null,"is_product_temporarily_out_of_stock":null,"is_search_suppressed":null,"key_ingredient":null,"media":{"large":null,"medium":null,"poster":null,"small":null,"videos":[{"position":null,"poster":{"height":null,"src":null,"width":null},"provider":null,"src":null},{"position":null,"poster":{"height":null,"src":null,"width":null},"provider":null,"src":null},{"position":null,"poster":{"height":null,"src":null,"width":null},"provider":null,"src":null}],"xl":null},"meta":{"description":null,"keywords":null},"parent_category":[{"id":"1607","value":"PUDRA"},{"id":"1592","value":"MAKYAJ"}],"product_badge":null,"product_id":"50969","product_title_tag":null,"product_type":"Other","product_url":"/product/1607/50969/makyaj/pudra/post-workout-neutralizing-face-powder","reviews":{"average_rating":null,"number_of_questions":null,"number_of_reviews":null},"shade_groups":null,"short_description":null,"skin":null,"skin_goal":null,"skus":{"total":1,"items":[{"color_family":null,"coverage_options":null,"cross_sell":null,"display_status":7,"finish":null,"finish_options":null,"fragrances":[{"family":null,"key":null,"value":null}],"iln_listing":null,"iln_version_number":null,"inventory_status":"Sold Out","is_active":null,"is_coming_soon":null,"is_default_sku":false,"is_discountable":true,"is_displayable":null,"is_engravable":null,"is_fragrance":null,"is_giftable":null,"is_giftwrap":false,"is_inactive":null,"is_multi_shaded":null,"is_out_of_stock":null,"is_preorder":false,"is_preorderable":null,"is_promotional":null,"is_replenishable":false,"is_search_suppressed":null,"is_searchable":true,"is_shaded":null,"is_sized":null,"is_sold_out":true,"is_under_weight_hazmat":false,"is_vto_enabled":null,"life_of_product":"Discontinued","material_code":"K4NF010001","media":{"large":[{"alt":"Post-Workout Neutralizing Face Powder","height":1200,"position":0,"src":"/media/export/cms/products/1200x1500/cl_sku_K4NF01_1200x1500_0.png","type":"image","width":1500}],"medium":[{"alt":"Post-Workout Neutralizing Face Powder","height":600,"position":1,"src":"/media/export/cms/products/600x750/cl_sku_K4NF01_600x750_0.png","type":"image","width":750}],"model":null,"poster":null,"small":[{"alt":"Post-Workout Neutralizing Face Powder","height":1200,"position":2,"src":"/media/export/cms/products/1200x1500/cl_sku_K4NF01_1200x1500_0.png","type":"image","width":1500}],"smoosh":null,"xl":null},"out_of_stock_threshold":null,"perlgem":{"SKU_BASE_ID":83596},"preorder_date":null,"prices":[{"currency":"TRY","exclude_tax":{"original_price":189,"original_price_formatted":"189.00 TL","price":189,"price_formatted":"189.00 TL","price_per_unit":null,"price_per_unit_formatted":""},"include_tax":{"original_price":189,"original_price_formatted":"189.00 TL","price":189,"price_formatted":"189.00 TL","price_per_unit":null,"price_per_unit_formatted":""},"is_discounted":false}],"purchase_limit":null,"replenishment":{"message":null},"reviews":{"average_rating":null,"number_of_questions":null,"number_of_reviews":null},"set_components":null,"shade_groups":null,"shades":null,"sizes":[{"key":1,"value":null}],"skin":{"tone":null,"type":null,"type_description":null},"sku_badge":null,"sku_badge_image":null,"sku_display_order":0,"sku_id":"K4NF01","sku_promo_messaging":null,"sku_type":"SE","sku_url":null,"tags":{"total":7,"items":[{"id":"19996","key":"clinique-fit","value":"Clinique Fit"},{"id":"15513","key":"recommended-for-students","value":"Recommended for Students"},{"id":"1628","key":"-evde-bakim","value":"# EVDE BAKIM"},{"id":"1592","key":"makyaj","value":"MAKYAJ"},{"id":"19288","key":"sale","value":"sale"},{"id":"4323","key":"yeni̇-ürünler","value":"YENİ ÜRÜNLER"},{"id":"1607","key":"pudra","value":"PUDRA"}]},"texture":null,"undertone":null,"unit_of_measure":null,"unit_size":null,"unit_size_formatted":null,"upc":"020714898465","vto":{"is_color_experience":null,"is_foundation_experience":null}}]},"sub_display_name":null,"sub_header":null,"tags":{"total":7,"items":[{"id":"19996","key":"clinique-fit","parent_tag_id":"1592","product_display_order":0,"value":"Clinique Fit"},{"id":"15513","key":"recommended-for-students","parent_tag_id":"4323","product_display_order":0,"value":"Recommended for Students"},{"id":"1628","key":"-evde-bakim","parent_tag_id":null,"product_display_order":376,"value":"# EVDE BAKIM"},{"id":"1592","key":"makyaj","parent_tag_id":null,"product_display_order":14,"value":"MAKYAJ"},{"id":"19288","key":"sale","parent_tag_id":"1590","product_display_order":0,"value":"sale"},{"id":"4323","key":"yeni̇-ürünler","parent_tag_id":null,"product_display_order":176,"value":"YENİ ÜRÜNLER"},{"id":"1607","key":"pudra","parent_tag_id":"1592","product_display_order":0,"value":"PUDRA"}]},"usage":[{"content":null,"label":"PRODUCT USAGE","type":"product_usage"},{"content":null,"label":"HOW DOES IT WORK","type":"how_does_it_work"},{"content":null,"label":"WHO IT IS FOR","type":"who_it_is_for"},{"content":null,"label":"GREAT TO KNOW","type":"great_to_know"},{"content":null,"label":"WHAT_IT_DOES","type":"what_it_does"},{"content":"<SPAN lang=EN-US style='FONT-SIZE: 11pt; FONT-FAMILY: \"Calibri\",sans-serif; LINE-HEIGHT: 107%; mso-ascii-theme-font: minor-latin; mso-fareast-font-family: Calibri; mso-fareast-theme-font: minor-latin; mso-hansi-theme-font: minor-latin; mso-bidi-font-family: \"Times New Roman\"; mso-bidi-theme-font: minor-bidi; mso-ansi-language: EN-US; mso-fareast-language: EN-US; mso-bidi-language: AR-SA'><STRONG>CliniqueFit Post-Workout Neutralizing Face Powder </STRONG></SPAN><SPAN lang=EN-US style='FONT-SIZE: 11pt; FONT-FAMILY: \"HelveticaNeueLT Std Lt\",sans-serif; LINE-HEIGHT: 107%; mso-fareast-font-family: Calibri; mso-fareast-theme-font: minor-latin; mso-bidi-font-family: \"Times New Roman\"; mso-bidi-theme-font: minor-bidi; mso-ansi-language: EN-US; mso-fareast-language: EN-US; mso-bidi-language: AR-SA'>kremsi yapıdaki sari pudra kızarıklıkların görünümün naturalize etmeye yardımcı olur ve spor sonrası parlamayı azaltır</SPAN>","label":"WHAT_IT_IS","type":"what_it_is"}],"objectID":"50969"},{"benefit":{"statement":null,"benefits":null},"brand":null,"collection":[{"key":"moisture-surge-collection","value":"moisture_surge_collection"}],"coverage":null,"cross_sell":null,"default_category":{"id":"1585","key":"hediye-merkezi"},"description":null,"display_mode":null,"display_name":"Moisture Surge Hydrating Lotion","display_status":7,"finish":null,"form":[{"key":"lotion-form","value":"lotion_form"}],"formula_type":null,"fragrance_family":null,"indexable_keywords":null,"is_hazmat":false,"is_product_coming_soon":null,"is_product_displayable":true,"is_product_searchable":true,"is_product_shoppable":true,"is_product_sold_out":null,"is_product_temporarily_out_of_stock":null,"is_search_suppressed":null,"key_ingredient":null,"media":{"large":null,"medium":null,"poster":null,"small":null,"videos":[{"position":null,"poster":{"height":null,"src":null,"width":null},"provider":null,"src":null},{"position":null,"poster":{"height":null,"src":null,"width":null},"provider":null,"src":null},{"position":null,"poster":{"height":null,"src":null,"width":null},"provider":null,"src":null}],"xl":null},"meta":{"description":null,"keywords":null},"parent_category":[{"id":"1585","value":"Hediye Merkezi"}],"product_badge":null,"product_id":"50971","product_title_tag":null,"product_type":"Other","product_url":"/product/1585/50971/hediye-merkezi/moisture-surge-hydrating-lotion","reviews":{"average_rating":null,"number_of_questions":null,"number_of_reviews":null},"shade_groups":null,"short_description":null,"skin":{"concern":[{"key":"dry-concern","value":"dry_concern"}]},"skin_goal":null,"skus":{"total":1,"items":[{"color_family":null,"coverage_options":null,"cross_sell":null,"display_status":7,"finish":null,"finish_options":null,"fragrances":[{"family":null,"key":null,"value":null}],"iln_listing":null,"iln_version_number":null,"inventory_status":"Active","is_active":true,"is_coming_soon":null,"is_default_sku":false,"is_discountable":true,"is_displayable":null,"is_engravable":null,"is_fragrance":null,"is_giftable":null,"is_giftwrap":false,"is_inactive":null,"is_multi_shaded":null,"is_out_of_stock":null,"is_preorder":false,"is_preorderable":null,"is_promotional":null,"is_replenishable":false,"is_search_suppressed":null,"is_searchable":true,"is_shaded":null,"is_sized":null,"is_sold_out":null,"is_under_weight_hazmat":false,"is_vto_enabled":null,"life_of_product":"Basic Reorder","material_code":"K4NE010000","media":{"large":[{"alt":"Moisture Surge Hydrating Lotion","height":1200,"position":0,"src":"/media/export/cms/products/1200x1500/cl_sku_K4NE01_1200x1500_0.png","type":"image","width":1500}],"medium":[{"alt":"Moisture Surge Hydrating Lotion","height":600,"position":1,"src":"/media/export/cms/products/600x750/cl_sku_K4NE01_600x750_0.png","type":"image","width":750}],"model":null,"poster":null,"small":[{"alt":"Moisture Surge Hydrating Lotion","height":1200,"position":2,"src":"/media/export/cms/products/1200x1500/cl_sku_K4NE01_1200x1500_0.png","type":"image","width":1500}],"smoosh":null,"xl":null},"out_of_stock_threshold":null,"perlgem":{"SKU_BASE_ID":83598},"preorder_date":null,"prices":[{"currency":"TRY","exclude_tax":{"original_price":269,"original_price_formatted":"269.00 TL","price":269,"price_formatted":"269.00 TL","price_per_unit":null,"price_per_unit_formatted":""},"include_tax":{"original_price":269,"original_price_formatted":"269.00 TL","price":269,"price_formatted":"269.00 TL","price_per_unit":null,"price_per_unit_formatted":""},"is_discounted":false}],"purchase_limit":null,"replenishment":{"message":null},"reviews":{"average_rating":null,"number_of_questions":null,"number_of_reviews":null},"set_components":null,"shade_groups":null,"shades":null,"sizes":[{"key":1,"value":null}],"skin":{"tone":null,"type":[{"key":"very-dry-skintype","value":"very_dry_skintype"},{"key":"dry-skintype","value":"dry_skintype"},{"key":"combination-skintype","value":"combination_skintype"},{"key":"oily-skintype","value":"oily_skintype"},{"key":"normal-skintype","value":"normal_skintype"}],"type_description":null},"sku_badge":null,"sku_badge_image":null,"sku_display_order":0,"sku_id":"K4NE01","sku_promo_messaging":null,"sku_type":"SE","sku_url":null,"tags":{"total":5,"items":[{"id":"27169","key":"day2flashsale","value":"Day2FlashSale"},{"id":"27174","key":"day7flashsale","value":"Day7FlashSale"},{"id":"1687","key":"yüz-nemlendi̇ri̇ci̇","value":"YÜZ NEMLENDİRİCİ"},{"id":"1585","key":"hediye-merkezi","value":"Hediye Merkezi"},{"id":"27172","key":"day5flashsale","value":"Day5FlashSale"}]},"texture":null,"undertone":null,"unit_of_measure":null,"unit_size":null,"unit_size_formatted":null,"upc":"020714898342","vto":{"is_color_experience":null,"is_foundation_experience":null}}]},"sub_display_name":null,"sub_header":null,"tags":{"total":5,"items":[{"id":"27169","key":"day2flashsale","parent_tag_id":"1590","product_display_order":0,"value":"Day2FlashSale"},{"id":"27174","key":"day7flashsale","parent_tag_id":"1590","product_display_order":0,"value":"Day7FlashSale"},{"id":"1687","key":"yüz-nemlendi̇ri̇ci̇","parent_tag_id":"1667","product_display_order":46,"value":"YÜZ NEMLENDİRİCİ"},{"id":"1585","key":"hediye-merkezi","parent_tag_id":null,"product_display_order":0,"value":"Hediye Merkezi"},{"id":"27172","key":"day5flashsale","parent_tag_id":"1590","product_display_order":101,"value":"Day5FlashSale"}]},"usage":[{"content":null,"label":"PRODUCT USAGE","type":"product_usage"},{"content":null,"label":"HOW DOES IT WORK","type":"how_does_it_work"},{"content":null,"label":"WHO IT IS FOR","type":"who_it_is_for"},{"content":null,"label":"GREAT TO KNOW","type":"great_to_know"},{"content":null,"label":"WHAT_IT_DOES","type":"what_it_does"},{"content":null,"label":"WHAT_IT_IS","type":"what_it_is"}],"objectID":"50971"},{"benefit":{"statement":null,"benefits":null},"brand":null,"collection":null,"coverage":null,"cross_sell":null,"default_category":{"id":"2644","key":"alışverişi-tamamla"},"description":null,"display_mode":null,"display_name":"Online Özel Must Have Cilt Bakım ve Makyaj Seti","display_status":7,"finish":null,"form":null,"formula_type":null,"fragrance_family":null,"indexable_keywords":null,"is_hazmat":false,"is_product_coming_soon":null,"is_product_displayable":true,"is_product_searchable":true,"is_product_shoppable":false,"is_product_sold_out":null,"is_product_temporarily_out_of_stock":null,"is_search_suppressed":null,"key_ingredient":null,"media":{"large":null,"medium":null,"poster":null,"small":null,"videos":[{"position":null,"poster":{"height":null,"src":null,"width":null},"provider":null,"src":null},{"position":null,"poster":{"height":null,"src":null,"width":null},"provider":null,"src":null},{"position":null,"poster":{"height":null,"src":null,"width":null},"provider":null,"src":null}],"xl":null},"meta":{"description":null,"keywords":null},"parent_category":[{"id":"2644","value":"Alışverişi Tamamla"}],"product_badge":null,"product_id":"51879","product_title_tag":null,"product_type":"Other","product_url":"/product/2644/51879/alsverisi-tamamla/online-ozel-must-have-cilt-bakm-ve-makyaj-seti","reviews":{"average_rating":null,"number_of_questions":null,"number_of_reviews":null},"shade_groups":null,"short_description":null,"skin":null,"skin_goal":null,"skus":{"total":1,"items":[{"color_family":null,"coverage_options":null,"cross_sell":null,"display_status":7,"finish":null,"finish_options":null,"fragrances":[{"family":null,"key":null,"value":null}],"iln_listing":null,"iln_version_number":null,"inventory_status":"Sold Out","is_active":null,"is_coming_soon":null,"is_default_sku":false,"is_discountable":false,"is_displayable":null,"is_engravable":null,"is_fragrance":null,"is_giftable":null,"is_giftwrap":false,"is_inactive":null,"is_multi_shaded":null,"is_out_of_stock":null,"is_preorder":false,"is_preorderable":null,"is_promotional":null,"is_replenishable":false,"is_search_suppressed":null,"is_searchable":false,"is_shaded":null,"is_sized":null,"is_sold_out":true,"is_under_weight_hazmat":false,"is_vto_enabled":null,"life_of_product":"Limited life","material_code":"K2J1900000","media":{"large":[{"alt":"Online Özel Must Have Cilt Bakım ve Makyaj Seti","height":1200,"position":0,"src":"/media/export/cms/products/1200x1500/cl_sku_K2J190_1200x1500_0.png","type":"image","width":1500}],"medium":[{"alt":"Online Özel Must Have Cilt Bakım ve Makyaj Seti","height":600,"position":1,"src":"/media/export/cms/products/600x750/cl_sku_K2J190_600x750_0.png","type":"image","width":750}],"model":null,"poster":null,"small":[{"alt":"Online Özel Must Have Cilt Bakım ve Makyaj Seti","height":1200,"position":2,"src":"/media/export/cms/products/1200x1500/cl_sku_K2J190_1200x1500_0.png","type":"image","width":1500}],"smoosh":null,"xl":null},"out_of_stock_threshold":null,"perlgem":{"SKU_BASE_ID":84758},"preorder_date":null,"prices":[{"currency":"TRY","exclude_tax":{"original_price":0,"original_price_formatted":"0.00 TL","price":0,"price_formatted":"0.00 TL","price_per_unit":null,"price_per_unit_formatted":""},"include_tax":{"original_price":0,"original_price_formatted":"0.00 TL","price":0,"price_formatted":"0.00 TL","price_per_unit":null,"price_per_unit_formatted":""},"is_discounted":false}],"purchase_limit":null,"replenishment":{"message":null},"reviews":{"average_rating":null,"number_of_questions":null,"number_of_reviews":null},"set_components":null,"shade_groups":null,"shades":null,"sizes":[{"key":1,"value":null}],"skin":{"tone":null,"type":null,"type_description":null},"sku_badge":null,"sku_badge_image":null,"sku_display_order":0,"sku_id":"K2J190","sku_promo_messaging":null,"sku_type":"SE","sku_url":null,"tags":{"total":2,"items":[{"id":"2644","key":"alışverişi-tamamla","value":"Alışverişi Tamamla"},{"id":"18377","key":"kendi-hediye-setinizi-yaratın","value":"Kendi Hediye Setinizi Yaratın"}]},"texture":null,"undertone":null,"unit_of_measure":null,"unit_size":null,"unit_size_formatted":null,"upc":"020714881023","vto":{"is_color_experience":null,"is_foundation_experience":null}}]},"sub_display_name":null,"sub_header":null,"tags":{"total":2,"items":[{"id":"2644","key":"alışverişi-tamamla","parent_tag_id":null,"product_display_order":0,"value":"Alışverişi Tamamla"},{"id":"18377","key":"kendi-hediye-setinizi-yaratın","parent_tag_id":"2644","product_display_order":0,"value":"Kendi Hediye Setinizi Yaratın"}]},"usage":[{"content":null,"label":"PRODUCT USAGE","type":"product_usage"},{"content":null,"label":"HOW DOES IT WORK","type":"how_does_it_work"},{"content":null,"label":"WHO IT IS FOR","type":"who_it_is_for"},{"content":null,"label":"GREAT TO KNOW","type":"great_to_know"},{"content":null,"label":"WHAT_IT_DOES","type":"what_it_does"},{"content":null,"label":"WHAT_IT_IS","type":"what_it_is"}],"objectID":"51879"},{"benefit":{"statement":null,"benefits":null},"brand":null,"collection":null,"coverage":null,"cross_sell":[{"sku_id":"749K01","sort_key":1},{"sku_id":"6MNY01","sort_key":2},{"sku_id":"6F3701","sort_key":3},{"sku_id":"68LE01","sort_key":4},{"sku_id":"62A401","sort_key":5},{"sku_id":"6EM601","sort_key":6}],"default_category":{"id":"1578","key":"kadin-parfüm"},"description":"Parlak, baskın notalar, ferah limon notaları ve yumuşak çiçekler ile bir araya gelince eğlenceli bir koku ortaya çıktı.<BR>&nbsp;• İmza: Limonun gizemi, çiçeklerin zenginliği, duyguların karışımı. Sıkın ve mutlu olun!<BR>• Kategori: Taze çiçeksi<BR>• Top Notalar: Kırmızı Nar, Mandalina<BR>• Orta Notalar: Orkide, Lilyum ve Manolya<BR>• Alt Notalar: Misk Otu","display_mode":null,"display_name":"Happy Kadın Parfüm","display_status":7,"finish":null,"form":null,"formula_type":null,"fragrance_family":[{"key":"floral-fragrance","value":"floral_fragrance"}],"indexable_keywords":[{"value":"tatil"},{"value":" hediye"},{"value":" yılbaşı hediyesi"},{"value":" yılbaşı makyajı"},{"value":" yılbaşı seti"},{"value":" bayan"},{"value":" erkek"}],"is_hazmat":true,"is_product_coming_soon":null,"is_product_displayable":true,"is_product_searchable":true,"is_product_shoppable":true,"is_product_sold_out":null,"is_product_temporarily_out_of_stock":null,"is_search_suppressed":null,"key_ingredient":null,"media":{"large":[{"alt":"Happy Kadın Parfüm","height":1200,"position":0,"src":"/media/export/cms/products/1200x1500/cl_prod_5188_1200x1500_0.png","type":"image","width":1500}],"medium":null,"poster":null,"small":[{"alt":"Happy Kadın Parfüm","height":1200,"position":1,"src":"/media/export/cms/products/1200x1500/cl_prod_5188_1200x1500_0.png","type":"image","width":1500}],"videos":[{"position":null,"poster":{"height":null,"src":null,"width":null},"provider":null,"src":null},{"position":null,"poster":{"height":null,"src":null,"width":null},"provider":null,"src":null},{"position":null,"poster":{"height":null,"src":null,"width":null},"provider":null,"src":null}],"xl":null},"meta":{"description":null,"keywords":"holiday,gift,  christmas gift, christmas make up, christmas set, FOR HER, FOR WOMEN"},"parent_category":[{"id":"1578","value":"KADIN PARFÜM"},{"id":"1577","value":"PARFÜM"}],"product_badge":null,"product_id":"5188","product_title_tag":null,"product_type":"Sized","product_url":"/product/1578/5188/parfum/kadin-parfum/happy-kadn-parfum","reviews":{"average_rating":4.4,"number_of_questions":null,"number_of_reviews":7},"shade_groups":null,"short_description":"Clinique'in en iyi satan parfümü","skin":null,"skin_goal":null,"skus":{"total":3,"items":[{"color_family":null,"coverage_options":null,"cross_sell":null,"display_status":7,"finish":null,"finish_options":null,"fragrances":[{"family":null,"key":null,"value":null}],"iln_listing":null,"iln_version_number":null,"inventory_status":"Active","is_active":true,"is_coming_soon":null,"is_default_sku":false,"is_discountable":true,"is_displayable":null,"is_engravable":null,"is_fragrance":null,"is_giftable":null,"is_giftwrap":false,"is_inactive":null,"is_multi_shaded":null,"is_out_of_stock":null,"is_preorder":false,"is_preorderable":null,"is_promotional":null,"is_replenishable":false,"is_search_suppressed":null,"is_searchable":true,"is_shaded":null,"is_sized":null,"is_sold_out":null,"is_under_weight_hazmat":null,"is_vto_enabled":null,"life_of_product":"Basic Reorder","material_code":"61CE010001","media":{"large":[{"alt":"Happy Kadın Parfüm","height":1200,"position":0,"src":"/media/export/cms/products/1200x1500/cl_sku_61CE01_1200x1500_0.png","type":"image","width":1500}],"medium":[{"alt":"Happy Kadın Parfüm","height":600,"position":1,"src":"/media/export/cms/products/600x750/cl_sku_61CE01_600x750_0.png","type":"image","width":750}],"model":null,"poster":null,"small":[{"alt":"Happy Kadın Parfüm","height":1200,"position":2,"src":"/media/export/cms/products/1200x1500/cl_sku_61CE01_1200x1500_0.png","type":"image","width":1500}],"smoosh":null,"xl":null},"out_of_stock_threshold":null,"perlgem":{"SKU_BASE_ID":11598},"preorder_date":null,"prices":[{"currency":"TRY","exclude_tax":{"original_price":599,"original_price_formatted":"599.00 TL","price":599,"price_formatted":"599.00 TL","price_per_unit":null,"price_per_unit_formatted":""},"include_tax":{"original_price":599,"original_price_formatted":"599.00 TL","price":599,"price_formatted":"599.00 TL","price_per_unit":null,"price_per_unit_formatted":""},"is_discounted":false}],"purchase_limit":null,"replenishment":{"message":"Never run low on your favourites. Sign up for Auto-Ship. Learn more >"},"reviews":{"average_rating":null,"number_of_questions":null,"number_of_reviews":null},"set_components":null,"shade_groups":null,"shades":null,"sizes":[{"key":1,"value":"100 ml"}],"skin":{"tone":null,"type":null,"type_description":null},"sku_badge":null,"sku_badge_image":null,"sku_display_order":1,"sku_id":"61CE01","sku_promo_messaging":null,"sku_type":"SE","sku_url":null,"tags":{"total":15,"items":[{"id":"1584","key":"hedi̇yeler-setler","value":"HEDİYELER & SETLER"},{"id":"13770","key":"recommended-clinique-favourites","value":"Recommended Clinique Favourites"},{"id":"1579","key":"clinique-happy","value":"Clinique Happy"},{"id":"27170","key":"day3flashsale","value":"Day3FlashSale"},{"id":"13565","key":"yeni̇-yil-erkek-bakimi","value":"YENİ YIL ERKEK BAKIMI"},{"id":"25016","key":"top-sellers","value":"Top Sellers"},{"id":"12520","key":"çiçeklerin-gücü-serisi","value":"Çiçeklerin Gücü Serisi"},{"id":"12523","key":"çok-satan-parfüm-ürünleri̇","value":"ÇOK SATAN PARFÜM ÜRÜNLERİ"},{"id":"1577","key":"parfüm","value":"PARFÜM"},{"id":"13564","key":"yeni̇-yil-parfüm","value":"YENİ YIL PARFÜM"},{"id":"13561","key":"yeni̇-yil-buti̇ği̇","value":"YENİ YIL BUTİĞİ"},{"id":"1578","key":"kadin-parfüm","value":"KADIN PARFÜM"},{"id":"16422","key":"gifts","value":"Gifts"},{"id":"15513","key":"recommended-for-students","value":"Recommended for Students"},{"id":"27172","key":"day5flashsale","value":"Day5FlashSale"}]},"texture":null,"undertone":null,"unit_of_measure":null,"unit_size":null,"unit_size_formatted":null,"upc":"020714156893","vto":{"is_color_experience":null,"is_foundation_experience":null}},{"color_family":null,"coverage_options":null,"cross_sell":null,"display_status":7,"finish":null,"finish_options":null,"fragrances":[{"family":null,"key":null,"value":null}],"iln_listing":null,"iln_version_number":null,"inventory_status":"Active","is_active":true,"is_coming_soon":null,"is_default_sku":true,"is_discountable":true,"is_displayable":null,"is_engravable":null,"is_fragrance":null,"is_giftable":null,"is_giftwrap":false,"is_inactive":null,"is_multi_shaded":null,"is_out_of_stock":null,"is_preorder":false,"is_preorderable":null,"is_promotional":null,"is_replenishable":true,"is_search_suppressed":null,"is_searchable":true,"is_shaded":null,"is_sized":null,"is_sold_out":null,"is_under_weight_hazmat":null,"is_vto_enabled":null,"life_of_product":"Basic Reorder","material_code":"635M010001","media":{"large":[{"alt":"Happy Kadın Parfüm","height":1200,"position":0,"src":"/media/export/cms/products/1200x1500/cl_sku_635M01_1200x1500_0.png","type":"image","width":1500}],"medium":[{"alt":"Happy Kadın Parfüm","height":600,"position":1,"src":"/media/export/cms/products/600x750/cl_sku_635M01_600x750_0.png","type":"image","width":750},{"alt":"Happy Kadın Parfüm","height":600,"position":2,"src":"/media/export/cms/products/600x750/cl_sku_635M01_600x750_1.png","type":"image","width":750}],"model":null,"poster":null,"small":[{"alt":"Happy Kadın Parfüm","height":1200,"position":3,"src":"/media/export/cms/products/1200x1500/cl_sku_635M01_1200x1500_0.png","type":"image","width":1500}],"smoosh":null,"xl":null},"out_of_stock_threshold":null,"perlgem":{"SKU_BASE_ID":11927},"preorder_date":null,"prices":[{"currency":"TRY","exclude_tax":{"original_price":465,"original_price_formatted":"465.00 TL","price":465,"price_formatted":"465.00 TL","price_per_unit":null,"price_per_unit_formatted":""},"include_tax":{"original_price":465,"original_price_formatted":"465.00 TL","price":465,"price_formatted":"465.00 TL","price_per_unit":null,"price_per_unit_formatted":""},"is_discounted":false}],"purchase_limit":null,"replenishment":{"message":"Never run low on your favourites. Sign up for Auto-Ship. Learn more >"},"reviews":{"average_rating":null,"number_of_questions":null,"number_of_reviews":null},"set_components":null,"shade_groups":null,"shades":null,"sizes":[{"key":1,"value":"50 ml "}],"skin":{"tone":null,"type":null,"type_description":null},"sku_badge":null,"sku_badge_image":null,"sku_display_order":1,"sku_id":"635M01","sku_promo_messaging":null,"sku_type":"SE","sku_url":null,"tags":{"total":17,"items":[{"id":"1584","key":"hedi̇yeler-setler","value":"HEDİYELER & SETLER"},{"id":"13770","key":"recommended-clinique-favourites","value":"Recommended Clinique Favourites"},{"id":"1579","key":"clinique-happy","value":"Clinique Happy"},{"id":"27170","key":"day3flashsale","value":"Day3FlashSale"},{"id":"13565","key":"yeni̇-yil-erkek-bakimi","value":"YENİ YIL ERKEK BAKIMI"},{"id":"27174","key":"day7flashsale","value":"Day7FlashSale"},{"id":"25016","key":"top-sellers","value":"Top Sellers"},{"id":"1575","key":"en-çok-satanlar","value":"En Çok Satanlar"},{"id":"17859","key":"çok-satanlar","value":"ÇOK SATANLAR"},{"id":"12520","key":"çiçeklerin-gücü-serisi","value":"Çiçeklerin Gücü Serisi"},{"id":"12523","key":"çok-satan-parfüm-ürünleri̇","value":"ÇOK SATAN PARFÜM ÜRÜNLERİ"},{"id":"1577","key":"parfüm","value":"PARFÜM"},{"id":"13564","key":"yeni̇-yil-parfüm","value":"YENİ YIL PARFÜM"},{"id":"13561","key":"yeni̇-yil-buti̇ği̇","value":"YENİ YIL BUTİĞİ"},{"id":"1578","key":"kadin-parfüm","value":"KADIN PARFÜM"},{"id":"16422","key":"gifts","value":"Gifts"},{"id":"27172","key":"day5flashsale","value":"Day5FlashSale"}]},"texture":null,"undertone":null,"unit_of_measure":null,"unit_size":null,"unit_size_formatted":null,"upc":"020714052959","vto":{"is_color_experience":null,"is_foundation_experience":null}},{"color_family":null,"coverage_options":null,"cross_sell":null,"display_status":7,"finish":null,"finish_options":null,"fragrances":[{"family":null,"key":null,"value":null}],"iln_listing":null,"iln_version_number":null,"inventory_status":"Active","is_active":true,"is_coming_soon":null,"is_default_sku":false,"is_discountable":true,"is_displayable":null,"is_engravable":null,"is_fragrance":null,"is_giftable":null,"is_giftwrap":false,"is_inactive":null,"is_multi_shaded":null,"is_out_of_stock":null,"is_preorder":false,"is_preorderable":null,"is_promotional":null,"is_replenishable":false,"is_search_suppressed":null,"is_searchable":true,"is_shaded":null,"is_sized":null,"is_sold_out":null,"is_under_weight_hazmat":null,"is_vto_enabled":null,"life_of_product":"Basic Reorder","material_code":"62AH010001","media":{"large":[{"alt":"Happy Kadın Parfüm","height":1200,"position":0,"src":"/media/export/cms/products/1200x1500/cl_sku_62AH01_1200x1500_0.png","type":"image","width":1500}],"medium":[{"alt":"Happy Kadın Parfüm","height":600,"position":1,"src":"/media/export/cms/products/600x750/cl_sku_62AH01_600x750_0.png","type":"image","width":750}],"model":null,"poster":null,"small":[{"alt":"Happy Kadın Parfüm","height":1200,"position":2,"src":"/media/export/cms/products/1200x1500/cl_sku_62AH01_1200x1500_0.png","type":"image","width":1500}],"smoosh":null,"xl":null},"out_of_stock_threshold":null,"perlgem":{"SKU_BASE_ID":11759},"preorder_date":null,"prices":[{"currency":"TRY","exclude_tax":{"original_price":255,"original_price_formatted":"255.00 TL","price":255,"price_formatted":"255.00 TL","price_per_unit":null,"price_per_unit_formatted":""},"include_tax":{"original_price":255,"original_price_formatted":"255.00 TL","price":255,"price_formatted":"255.00 TL","price_per_unit":null,"price_per_unit_formatted":""},"is_discounted":false}],"purchase_limit":null,"replenishment":{"message":null},"reviews":{"average_rating":null,"number_of_questions":null,"number_of_reviews":null},"set_components":null,"shade_groups":null,"shades":null,"sizes":[{"key":1,"value":"30 ml"}],"skin":{"tone":null,"type":null,"type_description":null},"sku_badge":null,"sku_badge_image":null,"sku_display_order":1,"sku_id":"62AH01","sku_promo_messaging":null,"sku_type":"SE","sku_url":null,"tags":{"total":14,"items":[{"id":"1584","key":"hedi̇yeler-setler","value":"HEDİYELER & SETLER"},{"id":"1579","key":"clinique-happy","value":"Clinique Happy"},{"id":"27170","key":"day3flashsale","value":"Day3FlashSale"},{"id":"27174","key":"day7flashsale","value":"Day7FlashSale"},{"id":"17432","key":"minis","value":"Minis"},{"id":"1575","key":"en-çok-satanlar","value":"En Çok Satanlar"},{"id":"17859","key":"çok-satanlar","value":"ÇOK SATANLAR"},{"id":"12520","key":"çiçeklerin-gücü-serisi","value":"Çiçeklerin Gücü Serisi"},{"id":"1577","key":"parfüm","value":"PARFÜM"},{"id":"13564","key":"yeni̇-yil-parfüm","value":"YENİ YIL PARFÜM"},{"id":"13561","key":"yeni̇-yil-buti̇ği̇","value":"YENİ YIL BUTİĞİ"},{"id":"1578","key":"kadin-parfüm","value":"KADIN PARFÜM"},{"id":"16422","key":"gifts","value":"Gifts"},{"id":"27172","key":"day5flashsale","value":"Day5FlashSale"}]},"texture":null,"undertone":null,"unit_of_measure":null,"unit_size":null,"unit_size_formatted":null,"upc":"020714997298","vto":{"is_color_experience":null,"is_foundation_experience":null}}]},"sub_display_name":null,"sub_header":null,"tags":{"total":19,"items":[{"id":"1584","key":"hedi̇yeler-setler","parent_tag_id":"1582","product_display_order":9,"value":"HEDİYELER & SETLER"},{"id":"13770","key":"recommended-clinique-favourites","parent_tag_id":null,"product_display_order":34,"value":"Recommended Clinique Favourites"},{"id":"1579","key":"clinique-happy","parent_tag_id":"1577","product_display_order":1,"value":"Clinique Happy"},{"id":"27170","key":"day3flashsale","parent_tag_id":"1590","product_display_order":0,"value":"Day3FlashSale"},{"id":"13565","key":"yeni̇-yil-erkek-bakimi","parent_tag_id":"13561","product_display_order":0,"value":"YENİ YIL ERKEK BAKIMI"},{"id":"27174","key":"day7flashsale","parent_tag_id":"1590","product_display_order":0,"value":"Day7FlashSale"},{"id":"17432","key":"minis","parent_tag_id":"16370","product_display_order":78,"value":"Minis"},{"id":"25016","key":"top-sellers","parent_tag_id":"4323","product_display_order":0,"value":"Top Sellers"},{"id":"1575","key":"en-çok-satanlar","parent_tag_id":null,"product_display_order":79,"value":"En Çok Satanlar"},{"id":"17859","key":"çok-satanlar","parent_tag_id":null,"product_display_order":105,"value":"ÇOK SATANLAR"},{"id":"12520","key":"çiçeklerin-gücü-serisi","parent_tag_id":"1608","product_display_order":0,"value":"Çiçeklerin Gücü Serisi"},{"id":"12523","key":"çok-satan-parfüm-ürünleri̇","parent_tag_id":"1577","product_display_order":1,"value":"ÇOK SATAN PARFÜM ÜRÜNLERİ"},{"id":"1577","key":"parfüm","parent_tag_id":null,"product_display_order":0,"value":"PARFÜM"},{"id":"13564","key":"yeni̇-yil-parfüm","parent_tag_id":"13561","product_display_order":32,"value":"YENİ YIL PARFÜM"},{"id":"13561","key":"yeni̇-yil-buti̇ği̇","parent_tag_id":null,"product_display_order":0,"value":"YENİ YIL BUTİĞİ"},{"id":"1578","key":"kadin-parfüm","parent_tag_id":"1577","product_display_order":1,"value":"KADIN PARFÜM"},{"id":"16422","key":"gifts","parent_tag_id":"1585","product_display_order":0,"value":"Gifts"},{"id":"15513","key":"recommended-for-students","parent_tag_id":"4323","product_display_order":0,"value":"Recommended for Students"},{"id":"27172","key":"day5flashsale","parent_tag_id":"1590","product_display_order":158,"value":"Day5FlashSale"}]},"usage":[{"content":"Boynunuza, kulak arkasına,&nbsp; dirsek içlerinize ve diğer istediğiniz bölgelere uygulayınız.","label":"PRODUCT USAGE","type":"product_usage"},{"content":null,"label":"HOW DOES IT WORK","type":"how_does_it_work"},{"content":null,"label":"WHO IT IS FOR","type":"who_it_is_for"},{"content":null,"label":"GREAT TO KNOW","type":"great_to_know"},{"content":"Parlak, baskın notalar, ferah limon notaları ve yumuşak çiçekler ile bir araya gelince eğlenceli bir koku ortaya çıktı.İmza: Limonun gizemi, çiçeklerin zenginliği, duyguların karışımı. Sıkın ve mutlu olun! Kategori: Taze çiçeksi. Top Notalar: Kırmızı Nar, Mandalina. Orta Notalar: Orkide, Lilyum ve Manolya. Alt Notalar: Misk Otu<br><br><b>Nasıl Kullanılır?</b><br>","label":"WHAT_IT_DOES","type":"what_it_does"},{"content":"Clinique'in en iyi satan parfümü. Turunçgil karışımları, zengin çiçek özleri ve duygu karışımı","label":"WHAT_IT_IS","type":"what_it_is"}],"objectID":"5188"},{"benefit":{"statement":null,"benefits":null},"brand":null,"collection":null,"coverage":null,"cross_sell":[{"sku_id":"61CE01","sort_key":1},{"sku_id":"645J01","sort_key":2},{"sku_id":"6F3701","sort_key":3},{"sku_id":"68LE01","sort_key":4},{"sku_id":"6EM601","sort_key":5},{"sku_id":null,"sort_key":6}],"default_category":{"id":"1617","key":"erkek-parfüm"},"description":"Clinique Happy For Men, Taze, Canlı, Enerjik... Turunçgillerden bir demetin& odunsu notalarla baştan çıkarıcı flörtü! ! Sadece spreyle ve Mutlu ol! Çünkü tüm eğlenceyi& mutluluğu sadece kadınlar yaşamamalı!&nbsp;&nbsp; ","display_mode":null,"display_name":"Happy for Men Erkek Parfüm","display_status":7,"finish":null,"form":null,"formula_type":null,"fragrance_family":null,"indexable_keywords":[{"value":"tatil"},{"value":" hediye"}],"is_hazmat":true,"is_product_coming_soon":null,"is_product_displayable":true,"is_product_searchable":true,"is_product_shoppable":true,"is_product_sold_out":null,"is_product_temporarily_out_of_stock":null,"is_search_suppressed":null,"key_ingredient":null,"media":{"large":null,"medium":null,"poster":null,"small":null,"videos":[{"position":null,"poster":{"height":null,"src":null,"width":null},"provider":null,"src":null},{"position":null,"poster":{"height":null,"src":null,"width":null},"provider":null,"src":null},{"position":null,"poster":{"height":null,"src":null,"width":null},"provider":null,"src":null}],"xl":null},"meta":{"description":null,"keywords":"holiday,gift"},"parent_category":[{"id":"1617","value":"ERKEK PARFÜM"},{"id":"1616","value":"ERKEK PARFÜM"},{"id":"1609","value":"ERKEK CİLT BAKIMI & TRAŞ"}],"product_badge":null,"product_id":"5190","product_title_tag":null,"product_type":"Sized","product_url":"/product/1617/5190/erkek-cilt-bakimi-tras/erkek-parfum/erkek-parfum/happy-for-men-erkek-parfum","reviews":{"average_rating":5,"number_of_questions":null,"number_of_reviews":4},"shade_groups":null,"short_description":"Havalı. Serin. Turunçgil kokusu. Erkek için ferahlatıcı bir his. Kullanın ve mutlu olun.","skin":null,"skin_goal":null,"skus":{"total":2,"items":[{"color_family":null,"coverage_options":null,"cross_sell":null,"display_status":7,"finish":null,"finish_options":null,"fragrances":[{"family":null,"key":null,"value":null}],"iln_listing":null,"iln_version_number":null,"inventory_status":"Active","is_active":true,"is_coming_soon":null,"is_default_sku":false,"is_discountable":true,"is_displayable":null,"is_engravable":null,"is_fragrance":null,"is_giftable":null,"is_giftwrap":false,"is_inactive":null,"is_multi_shaded":null,"is_out_of_stock":null,"is_preorder":false,"is_preorderable":null,"is_promotional":null,"is_replenishable":false,"is_search_suppressed":null,"is_searchable":true,"is_shaded":null,"is_sized":null,"is_sold_out":null,"is_under_weight_hazmat":null,"is_vto_enabled":null,"life_of_product":"Basic Reorder","material_code":"62YM010001","media":{"large":[{"alt":"Happy for Men Erkek Parfüm","height":1200,"position":0,"src":"/media/export/cms/products/1200x1500/cl_sku_62YM01_1200x1500_0.png","type":"image","width":1500}],"medium":[{"alt":"Happy for Men Erkek Parfüm","height":600,"position":1,"src":"/media/export/cms/products/600x750/cl_sku_62YM01_600x750_0.png","type":"image","width":750}],"model":null,"poster":null,"small":[{"alt":"Happy for Men Erkek Parfüm","height":1200,"position":2,"src":"/media/export/cms/products/1200x1500/cl_sku_62YM01_1200x1500_0.png","type":"image","width":1500}],"smoosh":null,"xl":null},"out_of_stock_threshold":null,"perlgem":{"SKU_BASE_ID":11827},"preorder_date":null,"prices":[{"currency":"TRY","exclude_tax":{"original_price":599,"original_price_formatted":"599.00 TL","price":599,"price_formatted":"599.00 TL","price_per_unit":null,"price_per_unit_formatted":""},"include_tax":{"original_price":599,"original_price_formatted":"599.00 TL","price":599,"price_formatted":"599.00 TL","price_per_unit":null,"price_per_unit_formatted":""},"is_discounted":false}],"purchase_limit":null,"replenishment":{"message":"Never run low on your favourites. Sign up for Auto-Ship. Learn more >"},"reviews":{"average_rating":null,"number_of_questions":null,"number_of_reviews":null},"set_components":null,"shade_groups":null,"shades":null,"sizes":[{"key":1,"value":"100 ml"}],"skin":{"tone":null,"type":null,"type_description":null},"sku_badge":null,"sku_badge_image":null,"sku_display_order":0,"sku_id":"62YM01","sku_promo_messaging":null,"sku_type":"SE","sku_url":null,"tags":{"total":21,"items":[{"id":"1616","key":"erkek-parfüm","value":"ERKEK PARFÜM"},{"id":"1579","key":"clinique-happy","value":"Clinique Happy"},{"id":"13565","key":"yeni̇-yil-erkek-bakimi","value":"YENİ YIL ERKEK BAKIMI"},{"id":"1617","key":"erkek-parfüm","value":"ERKEK PARFÜM"},{"id":"1609","key":"erkek-ci̇lt-bakimi-traş","value":"ERKEK CİLT BAKIMI & TRAŞ"},{"id":"16422","key":"gifts","value":"Gifts"},{"id":"27174","key":"day7flashsale","value":"Day7FlashSale"},{"id":"17859","key":"çok-satanlar","value":"ÇOK SATANLAR"},{"id":"9423","key":"seasonal1","value":"seasonal1"},{"id":"27170","key":"day3flashsale","value":"Day3FlashSale"},{"id":"13561","key":"yeni̇-yil-buti̇ği̇","value":"YENİ YIL BUTİĞİ"},{"id":"1577","key":"parfüm","value":"PARFÜM"},{"id":"10589","key":"offers-lp","value":"Offers LP"},{"id":"27172","key":"day5flashsale","value":"Day5FlashSale"},{"id":"12950","key":"çok-satan-erkek-bakim-tiraş-ürünleri̇","value":"ÇOK SATAN ERKEK BAKIM & TIRAŞ ÜRÜNLERİ"},{"id":"1584","key":"hedi̇yeler-setler","value":"HEDİYELER & SETLER"},{"id":"13566","key":"yeni̇-yil-ci̇lt-bakimmakyajparfüm-setleri̇","value":"YENİ YIL CİLT BAKIM&MAKYAJ&PARFÜM SETLERİ"},{"id":"13564","key":"yeni̇-yil-parfüm","value":"YENİ YIL PARFÜM"},{"id":"1619","key":"hedi̇yeler-setler","value":"HEDİYELER & SETLER"},{"id":"12523","key":"çok-satan-parfüm-ürünleri̇","value":"ÇOK SATAN PARFÜM ÜRÜNLERİ"},{"id":"1615","key":"clinique-happy-for-men","value":"Clinique Happy For Men"}]},"texture":null,"undertone":null,"unit_of_measure":null,"unit_size":null,"unit_size_formatted":null,"upc":"020714080310","vto":{"is_color_experience":null,"is_foundation_experience":null}},{"color_family":null,"coverage_options":null,"cross_sell":null,"display_status":7,"finish":null,"finish_options":null,"fragrances":[{"family":null,"key":null,"value":null}],"iln_listing":null,"iln_version_number":null,"inventory_status":"Active","is_active":true,"is_coming_soon":null,"is_default_sku":false,"is_discountable":true,"is_displayable":null,"is_engravable":null,"is_fragrance":null,"is_giftable":null,"is_giftwrap":false,"is_inactive":null,"is_multi_shaded":null,"is_out_of_stock":null,"is_preorder":false,"is_preorderable":null,"is_promotional":null,"is_replenishable":true,"is_search_suppressed":null,"is_searchable":true,"is_shaded":null,"is_sized":null,"is_sold_out":null,"is_under_weight_hazmat":null,"is_vto_enabled":null,"life_of_product":"Basic Reorder","material_code":"62YL010001","media":{"large":[{"alt":"Happy for Men Erkek Parfüm","height":1200,"position":0,"src":"/media/export/cms/products/1200x1500/cl_sku_62YL01_1200x1500_0.png","type":"image","width":1500}],"medium":[{"alt":"Happy for Men Erkek Parfüm","height":600,"position":1,"src":"/media/export/cms/products/600x750/cl_sku_62YL01_600x750_0.png","type":"image","width":750}],"model":null,"poster":null,"small":[{"alt":"Happy for Men Erkek Parfüm","height":1200,"position":2,"src":"/media/export/cms/products/1200x1500/cl_sku_62YL01_1200x1500_0.png","type":"image","width":1500}],"smoosh":null,"xl":null},"out_of_stock_threshold":null,"perlgem":{"SKU_BASE_ID":11825},"preorder_date":null,"prices":[{"currency":"TRY","exclude_tax":{"original_price":465,"original_price_formatted":"465.00 TL","price":465,"price_formatted":"465.00 TL","price_per_unit":null,"price_per_unit_formatted":""},"include_tax":{"original_price":465,"original_price_formatted":"465.00 TL","price":465,"price_formatted":"465.00 TL","price_per_unit":null,"price_per_unit_formatted":""},"is_discounted":false}],"purchase_limit":null,"replenishment":{"message":"Never run low on your favourites. Sign up for Auto-Ship. Learn more >"},"reviews":{"average_rating":null,"number_of_questions":null,"number_of_reviews":null},"set_components":null,"shade_groups":null,"shades":null,"sizes":[{"key":1,"value":"50 ml "}],"skin":{"tone":null,"type":null,"type_description":null},"sku_badge":null,"sku_badge_image":null,"sku_display_order":0,"sku_id":"62YL01","sku_promo_messaging":null,"sku_type":"SE","sku_url":null,"tags":{"total":22,"items":[{"id":"1616","key":"erkek-parfüm","value":"ERKEK PARFÜM"},{"id":"1579","key":"clinique-happy","value":"Clinique Happy"},{"id":"13565","key":"yeni̇-yil-erkek-bakimi","value":"YENİ YIL ERKEK BAKIMI"},{"id":"1617","key":"erkek-parfüm","value":"ERKEK PARFÜM"},{"id":"1609","key":"erkek-ci̇lt-bakimi-traş","value":"ERKEK CİLT BAKIMI & TRAŞ"},{"id":"16422","key":"gifts","value":"Gifts"},{"id":"27174","key":"day7flashsale","value":"Day7FlashSale"},{"id":"17859","key":"çok-satanlar","value":"ÇOK SATANLAR"},{"id":"9423","key":"seasonal1","value":"seasonal1"},{"id":"27170","key":"day3flashsale","value":"Day3FlashSale"},{"id":"13561","key":"yeni̇-yil-buti̇ği̇","value":"YENİ YIL BUTİĞİ"},{"id":"1577","key":"parfüm","value":"PARFÜM"},{"id":"1575","key":"en-çok-satanlar","value":"En Çok Satanlar"},{"id":"10589","key":"offers-lp","value":"Offers LP"},{"id":"27172","key":"day5flashsale","value":"Day5FlashSale"},{"id":"12950","key":"çok-satan-erkek-bakim-tiraş-ürünleri̇","value":"ÇOK SATAN ERKEK BAKIM & TIRAŞ ÜRÜNLERİ"},{"id":"1584","key":"hedi̇yeler-setler","value":"HEDİYELER & SETLER"},{"id":"13566","key":"yeni̇-yil-ci̇lt-bakimmakyajparfüm-setleri̇","value":"YENİ YIL CİLT BAKIM&MAKYAJ&PARFÜM SETLERİ"},{"id":"13564","key":"yeni̇-yil-parfüm","value":"YENİ YIL PARFÜM"},{"id":"1619","key":"hedi̇yeler-setler","value":"HEDİYELER & SETLER"},{"id":"12523","key":"çok-satan-parfüm-ürünleri̇","value":"ÇOK SATAN PARFÜM ÜRÜNLERİ"},{"id":"1615","key":"clinique-happy-for-men","value":"Clinique Happy For Men"}]},"texture":null,"undertone":null,"unit_of_measure":null,"unit_size":null,"unit_size_formatted":null,"upc":"020714080303","vto":{"is_color_experience":null,"is_foundation_experience":null}}]},"sub_display_name":null,"sub_header":null,"tags":{"total":22,"items":[{"id":"1616","key":"erkek-parfüm","parent_tag_id":"1609","product_display_order":0,"value":"ERKEK PARFÜM"},{"id":"1579","key":"clinique-happy","parent_tag_id":"1577","product_display_order":80,"value":"Clinique Happy"},{"id":"13565","key":"yeni̇-yil-erkek-bakimi","parent_tag_id":"13561","product_display_order":0,"value":"YENİ YIL ERKEK BAKIMI"},{"id":"1617","key":"erkek-parfüm","parent_tag_id":"1616","product_display_order":0,"value":"ERKEK PARFÜM"},{"id":"1609","key":"erkek-ci̇lt-bakimi-traş","parent_tag_id":null,"product_display_order":18,"value":"ERKEK CİLT BAKIMI & TRAŞ"},{"id":"16422","key":"gifts","parent_tag_id":"1585","product_display_order":0,"value":"Gifts"},{"id":"27174","key":"day7flashsale","parent_tag_id":"1590","product_display_order":0,"value":"Day7FlashSale"},{"id":"17859","key":"çok-satanlar","parent_tag_id":null,"product_display_order":107,"value":"ÇOK SATANLAR"},{"id":"9423","key":"seasonal1","parent_tag_id":"9420","product_display_order":1,"value":"seasonal1"},{"id":"27170","key":"day3flashsale","parent_tag_id":"1590","product_display_order":0,"value":"Day3FlashSale"},{"id":"13561","key":"yeni̇-yil-buti̇ği̇","parent_tag_id":null,"product_display_order":0,"value":"YENİ YIL BUTİĞİ"},{"id":"1577","key":"parfüm","parent_tag_id":null,"product_display_order":0,"value":"PARFÜM"},{"id":"1575","key":"en-çok-satanlar","parent_tag_id":null,"product_display_order":50,"value":"En Çok Satanlar"},{"id":"10589","key":"offers-lp","parent_tag_id":null,"product_display_order":1,"value":"Offers LP"},{"id":"27172","key":"day5flashsale","parent_tag_id":"1590","product_display_order":166,"value":"Day5FlashSale"},{"id":"12950","key":"çok-satan-erkek-bakim-tiraş-ürünleri̇","parent_tag_id":"1609","product_display_order":0,"value":"ÇOK SATAN ERKEK BAKIM & TIRAŞ ÜRÜNLERİ"},{"id":"1584","key":"hedi̇yeler-setler","parent_tag_id":"1582","product_display_order":2,"value":"HEDİYELER & SETLER"},{"id":"13566","key":"yeni̇-yil-ci̇lt-bakimmakyajparfüm-setleri̇","parent_tag_id":"13561","product_display_order":181,"value":"YENİ YIL CİLT BAKIM&MAKYAJ&PARFÜM SETLERİ"},{"id":"13564","key":"yeni̇-yil-parfüm","parent_tag_id":"13561","product_display_order":10,"value":"YENİ YIL PARFÜM"},{"id":"1619","key":"hedi̇yeler-setler","parent_tag_id":"1618","product_display_order":3,"value":"HEDİYELER & SETLER"},{"id":"12523","key":"çok-satan-parfüm-ürünleri̇","parent_tag_id":"1577","product_display_order":5,"value":"ÇOK SATAN PARFÜM ÜRÜNLERİ"},{"id":"1615","key":"clinique-happy-for-men","parent_tag_id":"1609","product_display_order":1,"value":"Clinique Happy For Men"}]},"usage":[{"content":"Boynunuza, kulak arkasına,&nbsp; dirsek içlerinize ve diğer istediğiniz bölgelere uygulayınız.","label":"PRODUCT USAGE","type":"product_usage"},{"content":null,"label":"HOW DOES IT WORK","type":"how_does_it_work"},{"content":null,"label":"WHO IT IS FOR","type":"who_it_is_for"},{"content":null,"label":"GREAT TO KNOW","type":"great_to_know"},{"content":null,"label":"WHAT_IT_DOES","type":"what_it_does"},{"content":"Clinique Happy For Men, Taze, Canlı, Enerjik... Turunçgillerden bir demetin& odunsu notalarla baştan çıkarıcı flörtü! ! Sadece spreyle ve Mutlu ol! Çünkü tüm eğlenceyi& mutluluğu sadece kadınlar yaşamamalı!&nbsp;&nbsp;","label":"WHAT_IT_IS","type":"what_it_is"}],"objectID":"5190"},{"benefit":{"statement":null,"benefits":null},"brand":null,"collection":null,"coverage":[{"key":"medium-coverage","value":"medium_coverage"}],"cross_sell":[{"sku_id":"6F3701","sort_key":1},{"sku_id":"Z17W01","sort_key":2},{"sku_id":"ZWJF01","sort_key":3},{"sku_id":"6FKW01","sort_key":4},{"sku_id":"645J01","sort_key":5}],"default_category":{"id":"1599","key":"fondöten"},"description":"<STYLE type=text/css>@font-face {font-family: Cambria Math;}@font-face {font-family: Segoe UI;}@page WordSection1 {size: 612.0pt 792.0pt; margin: 70.85pt 70.85pt 70.85pt 70.85pt; }P.MsoNormal {FONT-SIZE: 11pt; FONT-FAMILY: \"Calibri\",sans-serif; MARGIN: 0cm 0cm 8pt; LINE-HEIGHT: 107%}LI.MsoNormal {FONT-SIZE: 11pt; FONT-FAMILY: \"Calibri\",sans-serif; MARGIN: 0cm 0cm 8pt; LINE-HEIGHT: 107%}DIV.MsoNormal {FONT-SIZE: 11pt; FONT-FAMILY: \"Calibri\",sans-serif; MARGIN: 0cm 0cm 8pt; LINE-HEIGHT: 107%}.MsoChpDefault {FONT-FAMILY: \"Calibri\",sans-serif}.MsoPapDefault {MARGIN-BOTTOM: 8pt; LINE-HEIGHT: 107%}DIV.WordSection1 {page: WordSection1}</STYLE><P>Even Better Glow&nbsp;Fondöten SPF 15. </P><P>İçerdiği pigmentler ile cildinizin nemlenmesine ve ışıltılı bir görünüme kavuşmasına yardımcı olur. C vitamininin ışıltı veren içeriği ile cildiniz besler, makyajsızken bile ! SPF 15&nbsp; ile cildiniz korunmasına yardımcı olur.</P><DIV class=WordSection1><P class=MsoNormal style=\"MARGIN: 2pt 0cm; LINE-HEIGHT: normal; TEXT-AUTOSPACE: \">&nbsp;</P></DIV>","display_mode":null,"display_name":"Even Better Glow Makeup SPF 15 Fondöten","display_status":7,"finish":[{"key":"dewy-finish","value":"dewy_finish"}],"form":null,"formula_type":null,"fragrance_family":null,"indexable_keywords":null,"is_hazmat":false,"is_product_coming_soon":null,"is_product_displayable":true,"is_product_searchable":true,"is_product_shoppable":true,"is_product_sold_out":null,"is_product_temporarily_out_of_stock":null,"is_search_suppressed":null,"key_ingredient":null,"media":{"large":null,"medium":null,"poster":null,"small":null,"videos":[{"position":null,"poster":{"height":null,"src":null,"width":null},"provider":null,"src":null},{"position":null,"poster":{"height":null,"src":null,"width":null},"provider":null,"src":null},{"position":null,"poster":{"height":null,"src":null,"width":null},"provider":null,"src":null}],"xl":null},"meta":{"description":null,"keywords":null},"parent_category":[{"id":"1599","value":"FONDÖTEN"},{"id":"1592","value":"MAKYAJ"}],"product_badge":null,"product_id":"52574","product_title_tag":null,"product_type":"Shaded","product_url":"/product/1599/52574/makyaj/fondoten/even-better-glow-makeup-spf-15-fondoten","reviews":{"average_rating":2.3,"number_of_questions":null,"number_of_reviews":3},"shade_groups":null,"short_description":"Even Better Glow Fondöten SPF 15. Işıltı verir","skin":null,"skin_goal":null,"skus":{"total":20,"items":[{"color_family":null,"coverage_options":null,"cross_sell":null,"display_status":7,"finish":null,"finish_options":null,"fragrances":[{"family":null,"key":null,"value":null}],"iln_listing":null,"iln_version_number":null,"inventory_status":"Active","is_active":true,"is_coming_soon":null,"is_default_sku":false,"is_discountable":true,"is_displayable":null,"is_engravable":null,"is_fragrance":null,"is_giftable":null,"is_giftwrap":false,"is_inactive":null,"is_multi_shaded":null,"is_out_of_stock":null,"is_preorder":false,"is_preorderable":null,"is_promotional":null,"is_replenishable":false,"is_search_suppressed":null,"is_searchable":true,"is_shaded":null,"is_sized":null,"is_sold_out":null,"is_under_weight_hazmat":false,"is_vto_enabled":null,"life_of_product":"Basic Reorder","material_code":"K1X5090000","media":{"large":[{"alt":"Even Better Glow Makeup SPF 15 Fondöten","height":1200,"position":1,"src":"/media/export/cms/products/1200x1500/cl_sku_K1X509_1200x1500_0.png","type":"image","width":1500}],"medium":[{"alt":"Even Better Glow Makeup SPF 15 Fondöten","height":600,"position":2,"src":"/media/export/cms/products/600x750/cl_sku_K1X509_600x750_0.png","type":"image","width":750}],"model":null,"poster":null,"small":[{"alt":"Even Better Glow Makeup SPF 15 Fondöten","height":1200,"position":3,"src":"/media/export/cms/products/1200x1500/cl_sku_K1X509_1200x1500_0.png","type":"image","width":1500}],"smoosh":[{"alt":"Even Better Glow Makeup SPF 15 Fondöten","height":1200,"position":0,"src":"/media/export/cms/products/1200x1500/swatches_v3/06_ns_ng.png","type":"image","width":1500}],"xl":null},"out_of_stock_threshold":null,"perlgem":{"SKU_BASE_ID":85699},"preorder_date":null,"prices":[{"currency":"TRY","exclude_tax":{"original_price":285,"original_price_formatted":"285.00 TL","price":285,"price_formatted":"285.00 TL","price_per_unit":null,"price_per_unit_formatted":""},"include_tax":{"original_price":285,"original_price_formatted":"285.00 TL","price":285,"price_formatted":"285.00 TL","price_per_unit":null,"price_per_unit_formatted":""},"is_discounted":false}],"purchase_limit":null,"replenishment":{"message":null},"reviews":{"average_rating":null,"number_of_questions":null,"number_of_reviews":null},"set_components":null,"shade_groups":null,"shades":[{"description":"","hex_val":"#CC986E","image":{"height":null,"src":"","width":null},"name":"CN 90 Sand","smoosh_design":{"group_id":null,"name":"06::none::none"}}],"sizes":[{"key":1,"value":"30ml"}],"skin":{"tone":null,"type":null,"type_description":null},"sku_badge":null,"sku_badge_image":null,"sku_display_order":0,"sku_id":"K1X509","sku_promo_messaging":null,"sku_type":"SE","sku_url":null,"tags":{"total":3,"items":[{"id":"1599","key":"fondöten","value":"FONDÖTEN"},{"id":"17859","key":"çok-satanlar","value":"ÇOK SATANLAR"},{"id":"1592","key":"makyaj","value":"MAKYAJ"}]},"texture":null,"undertone":null,"unit_of_measure":null,"unit_size":null,"unit_size_formatted":null,"upc":"020714873790","vto":{"is_color_experience":null,"is_foundation_experience":null}},{"color_family":null,"coverage_options":null,"cross_sell":null,"display_status":7,"finish":null,"finish_options":null,"fragrances":[{"family":null,"key":null,"value":null}],"iln_listing":null,"iln_version_number":null,"inventory_status":"Active","is_active":true,"is_coming_soon":null,"is_default_sku":false,"is_discountable":true,"is_displayable":null,"is_engravable":null,"is_fragrance":null,"is_giftable":null,"is_giftwrap":false,"is_inactive":null,"is_multi_shaded":null,"is_out_of_stock":null,"is_preorder":false,"is_preorderable":null,"is_promotional":null,"is_replenishable":false,"is_search_suppressed":null,"is_searchable":true,"is_shaded":null,"is_sized":null,"is_sold_out":null,"is_under_weight_hazmat":false,"is_vto_enabled":null,"life_of_product":"Basic Reorder","material_code":"K1X5100000","media":{"large":[{"alt":"Even Better Glow Makeup SPF 15 Fondöten","height":1200,"position":1,"src":"/media/export/cms/products/1200x1500/cl_sku_K1X510_1200x1500_0.png","type":"image","width":1500}],"medium":[{"alt":"Even Better Glow Makeup SPF 15 Fondöten","height":600,"position":2,"src":"/media/export/cms/products/600x750/cl_sku_K1X510_600x750_0.png","type":"image","width":750}],"model":null,"poster":null,"small":[{"alt":"Even Better Glow Makeup SPF 15 Fondöten","height":1200,"position":3,"src":"/media/export/cms/products/1200x1500/cl_sku_K1X510_1200x1500_0.png","type":"image","width":1500}],"smoosh":[{"alt":"Even Better Glow Makeup SPF 15 Fondöten","height":1200,"position":0,"src":"/media/export/cms/products/1200x1500/swatches_v3/06_ns_ng.png","type":"image","width":1500}],"xl":null},"out_of_stock_threshold":null,"perlgem":{"SKU_BASE_ID":85701},"preorder_date":null,"prices":[{"currency":"TRY","exclude_tax":{"original_price":285,"original_price_formatted":"285.00 TL","price":285,"price_formatted":"285.00 TL","price_per_unit":null,"price_per_unit_formatted":""},"include_tax":{"original_price":285,"original_price_formatted":"285.00 TL","price":285,"price_formatted":"285.00 TL","price_per_unit":null,"price_per_unit_formatted":""},"is_discounted":false}],"purchase_limit":null,"replenishment":{"message":null},"reviews":{"average_rating":null,"number_of_questions":null,"number_of_reviews":null},"set_components":null,"shade_groups":null,"shades":[{"description":"","hex_val":"#AF7442","image":{"height":null,"src":"","width":null},"name":"WN 114 Golden","smoosh_design":{"group_id":null,"name":"06::none::none"}}],"sizes":[{"key":1,"value":"30ml"}],"skin":{"tone":null,"type":null,"type_description":null},"sku_badge":null,"sku_badge_image":null,"sku_display_order":0,"sku_id":"K1X510","sku_promo_messaging":null,"sku_type":"SE","sku_url":null,"tags":{"total":5,"items":[{"id":"1599","key":"fondöten","value":"FONDÖTEN"},{"id":"1590","key":"i̇ndi̇ri̇mli̇-ürünler","value":"İNDİRİMLİ ÜRÜNLER"},{"id":"13562","key":"yeni̇-yil-makyaj","value":"YENİ YIL MAKYAJ"},{"id":"17859","key":"çok-satanlar","value":"ÇOK SATANLAR"},{"id":"1592","key":"makyaj","value":"MAKYAJ"}]},"texture":null,"undertone":null,"unit_of_measure":null,"unit_size":null,"unit_size_formatted":null,"upc":"020714873806","vto":{"is_color_experience":null,"is_foundation_experience":null}},{"color_family":null,"coverage_options":null,"cross_sell":null,"display_status":7,"finish":null,"finish_options":null,"fragrances":[{"family":null,"key":null,"value":null}],"iln_listing":null,"iln_version_number":null,"inventory_status":"Active","is_active":true,"is_coming_soon":null,"is_default_sku":false,"is_discountable":true,"is_displayable":null,"is_engravable":null,"is_fragrance":null,"is_giftable":null,"is_giftwrap":false,"is_inactive":null,"is_multi_shaded":null,"is_out_of_stock":null,"is_preorder":false,"is_preorderable":null,"is_promotional":null,"is_replenishable":false,"is_search_suppressed":null,"is_searchable":true,"is_shaded":null,"is_sized":null,"is_sold_out":null,"is_under_weight_hazmat":false,"is_vto_enabled":null,"life_of_product":"Basic Reorder","material_code":"K1X5350000","media":{"large":[{"alt":"Even Better Glow Makeup SPF 15 Fondöten","height":1200,"position":1,"src":"/media/export/cms/products/1200x1500/cl_sku_K1X535_1200x1500_0.png","type":"image","width":1500}],"medium":[{"alt":"Even Better Glow Makeup SPF 15 Fondöten","height":600,"position":2,"src":"/media/export/cms/products/600x750/cl_sku_K1X535_600x750_0.png","type":"image","width":750}],"model":null,"poster":null,"small":[{"alt":"Even Better Glow Makeup SPF 15 Fondöten","height":1200,"position":3,"src":"/media/export/cms/products/1200x1500/cl_sku_K1X535_1200x1500_0.png","type":"image","width":1500}],"smoosh":[{"alt":"Even Better Glow Makeup SPF 15 Fondöten","height":1200,"position":0,"src":"/media/export/cms/products/1200x1500/swatches_v3/06_ns_ng.png","type":"image","width":1500}],"xl":null},"out_of_stock_threshold":null,"perlgem":{"SKU_BASE_ID":85714},"preorder_date":null,"prices":[{"currency":"TRY","exclude_tax":{"original_price":285,"original_price_formatted":"285.00 TL","price":285,"price_formatted":"285.00 TL","price_per_unit":null,"price_per_unit_formatted":""},"include_tax":{"original_price":285,"original_price_formatted":"285.00 TL","price":285,"price_formatted":"285.00 TL","price_per_unit":null,"price_per_unit_formatted":""},"is_discounted":false}],"purchase_limit":null,"replenishment":{"message":null},"reviews":{"average_rating":null,"number_of_questions":null,"number_of_reviews":null},"set_components":null,"shade_groups":null,"shades":[{"description":"","hex_val":"#CB8E57","image":{"height":null,"src":"","width":null},"name":"WN 68 Brulee","smoosh_design":{"group_id":null,"name":"06::none::none"}}],"sizes":[{"key":1,"value":"30ml"}],"skin":{"tone":null,"type":null,"type_description":null},"sku_badge":null,"sku_badge_image":null,"sku_display_order":0,"sku_id":"K1X535","sku_promo_messaging":null,"sku_type":"SE","sku_url":null,"tags":{"total":5,"items":[{"id":"1599","key":"fondöten","value":"FONDÖTEN"},{"id":"1590","key":"i̇ndi̇ri̇mli̇-ürünler","value":"İNDİRİMLİ ÜRÜNLER"},{"id":"13562","key":"yeni̇-yil-makyaj","value":"YENİ YIL MAKYAJ"},{"id":"17859","key":"çok-satanlar","value":"ÇOK SATANLAR"},{"id":"1592","key":"makyaj","value":"MAKYAJ"}]},"texture":null,"undertone":null,"unit_of_measure":null,"unit_size":null,"unit_size_formatted":null,"upc":"020714874056","vto":{"is_color_experience":null,"is_foundation_experience":null}},{"color_family":null,"coverage_options":null,"cross_sell":null,"display_status":7,"finish":null,"finish_options":null,"fragrances":[{"family":null,"key":null,"value":null}],"iln_listing":null,"iln_version_number":null,"inventory_status":"Active","is_active":true,"is_coming_soon":null,"is_default_sku":false,"is_discountable":true,"is_displayable":null,"is_engravable":null,"is_fragrance":null,"is_giftable":null,"is_giftwrap":false,"is_inactive":null,"is_multi_shaded":null,"is_out_of_stock":null,"is_preorder":false,"is_preorderable":null,"is_promotional":null,"is_replenishable":false,"is_search_suppressed":null,"is_searchable":true,"is_shaded":null,"is_sized":null,"is_sold_out":null,"is_under_weight_hazmat":false,"is_vto_enabled":null,"life_of_product":"Basic Reorder","material_code":"K1X5120000","media":{"large":[{"alt":"Even Better Glow Makeup SPF 15 Fondöten","height":1200,"position":1,"src":"/media/export/cms/products/1200x1500/cl_sku_K1X512_1200x1500_0.png","type":"image","width":1500}],"medium":[{"alt":"Even Better Glow Makeup SPF 15 Fondöten","height":600,"position":2,"src":"/media/export/cms/products/600x750/cl_sku_K1X512_600x750_0.png","type":"image","width":750}],"model":null,"poster":null,"small":[{"alt":"Even Better Glow Makeup SPF 15 Fondöten","height":1200,"position":3,"src":"/media/export/cms/products/1200x1500/cl_sku_K1X512_1200x1500_0.png","type":"image","width":1500}],"smoosh":[{"alt":"Even Better Glow Makeup SPF 15 Fondöten","height":1200,"position":0,"src":"/media/export/cms/products/1200x1500/swatches_v3/06_ns_ng.png","type":"image","width":1500}],"xl":null},"out_of_stock_threshold":null,"perlgem":{"SKU_BASE_ID":85703},"preorder_date":null,"prices":[{"currency":"TRY","exclude_tax":{"original_price":285,"original_price_formatted":"285.00 TL","price":285,"price_formatted":"285.00 TL","price_per_unit":null,"price_per_unit_formatted":""},"include_tax":{"original_price":285,"original_price_formatted":"285.00 TL","price":285,"price_formatted":"285.00 TL","price_per_unit":null,"price_per_unit_formatted":""},"is_discounted":false}],"purchase_limit":null,"replenishment":{"message":null},"reviews":{"average_rating":null,"number_of_questions":null,"number_of_reviews":null},"set_components":null,"shade_groups":null,"shades":[{"description":"","hex_val":"#BF7426","image":{"height":null,"src":"","width":null},"name":"WN 112 Ginger","smoosh_design":{"group_id":null,"name":"06::none::none"}}],"sizes":[{"key":1,"value":"30 ml"}],"skin":{"tone":null,"type":null,"type_description":null},"sku_badge":null,"sku_badge_image":null,"sku_display_order":0,"sku_id":"K1X512","sku_promo_messaging":null,"sku_type":"SE","sku_url":null,"tags":{"total":5,"items":[{"id":"1599","key":"fondöten","value":"FONDÖTEN"},{"id":"1590","key":"i̇ndi̇ri̇mli̇-ürünler","value":"İNDİRİMLİ ÜRÜNLER"},{"id":"13562","key":"yeni̇-yil-makyaj","value":"YENİ YIL MAKYAJ"},{"id":"17859","key":"çok-satanlar","value":"ÇOK SATANLAR"},{"id":"1592","key":"makyaj","value":"MAKYAJ"}]},"texture":null,"undertone":null,"unit_of_measure":null,"unit_size":null,"unit_size_formatted":null,"upc":"020714873820","vto":{"is_color_experience":null,"is_foundation_experience":null}},{"color_family":null,"coverage_options":null,"cross_sell":null,"display_status":7,"finish":null,"finish_options":null,"fragrances":[{"family":null,"key":null,"value":null}],"iln_listing":null,"iln_version_number":null,"inventory_status":"Active","is_active":true,"is_coming_soon":null,"is_default_sku":false,"is_discountable":true,"is_displayable":null,"is_engravable":null,"is_fragrance":null,"is_giftable":null,"is_giftwrap":false,"is_inactive":null,"is_multi_shaded":null,"is_out_of_stock":null,"is_preorder":false,"is_preorderable":null,"is_promotional":null,"is_replenishable":false,"is_search_suppressed":null,"is_searchable":true,"is_shaded":null,"is_sized":null,"is_sold_out":null,"is_under_weight_hazmat":false,"is_vto_enabled":null,"life_of_product":"Basic Reorder","material_code":"K1X5430000","media":{"large":[{"alt":"Even Better Glow Makeup SPF 15 Fondöten","height":1200,"position":1,"src":"/media/export/cms/products/1200x1500/cl_sku_K1X543_1200x1500_0.png","type":"image","width":1500}],"medium":[{"alt":"Even Better Glow Makeup SPF 15 Fondöten","height":600,"position":2,"src":"/media/export/cms/products/600x750/cl_sku_K1X543_600x750_0.png","type":"image","width":750}],"model":null,"poster":null,"small":[{"alt":"Even Better Glow Makeup SPF 15 Fondöten","height":1200,"position":3,"src":"/media/export/cms/products/1200x1500/cl_sku_K1X543_1200x1500_0.png","type":"image","width":1500}],"smoosh":[{"alt":"Even Better Glow Makeup SPF 15 Fondöten","height":1200,"position":0,"src":"/media/export/cms/products/1200x1500/swatches_v3/06_ns_ng.png","type":"image","width":1500}],"xl":null},"out_of_stock_threshold":null,"perlgem":{"SKU_BASE_ID":85719},"preorder_date":null,"prices":[{"currency":"TRY","exclude_tax":{"original_price":285,"original_price_formatted":"285.00 TL","price":285,"price_formatted":"285.00 TL","price_per_unit":null,"price_per_unit_formatted":""},"include_tax":{"original_price":285,"original_price_formatted":"285.00 TL","price":285,"price_formatted":"285.00 TL","price_per_unit":null,"price_per_unit_formatted":""},"is_discounted":false}],"purchase_limit":null,"replenishment":{"message":null},"reviews":{"average_rating":null,"number_of_questions":null,"number_of_reviews":null},"set_components":null,"shade_groups":null,"shades":[{"description":"","hex_val":"#D49D6D","image":{"height":null,"src":"","width":null},"name":"WN 76 Toasted Wheat","smoosh_design":{"group_id":null,"name":"06::none::none"}}],"sizes":[{"key":1,"value":"30ml"}],"skin":{"tone":null,"type":null,"type_description":null},"sku_badge":null,"sku_badge_image":null,"sku_display_order":0,"sku_id":"K1X543","sku_promo_messaging":null,"sku_type":"SE","sku_url":null,"tags":{"total":3,"items":[{"id":"1599","key":"fondöten","value":"FONDÖTEN"},{"id":"17859","key":"çok-satanlar","value":"ÇOK SATANLAR"},{"id":"1592","key":"makyaj","value":"MAKYAJ"}]},"texture":null,"undertone":null,"unit_of_measure":null,"unit_size":null,"unit_size_formatted":null,"upc":"020714884895","vto":{"is_color_experience":null,"is_foundation_experience":null}},{"color_family":null,"coverage_options":null,"cross_sell":null,"display_status":7,"finish":null,"finish_options":null,"fragrances":[{"family":null,"key":null,"value":null}],"iln_listing":null,"iln_version_number":null,"inventory_status":"Active","is_active":true,"is_coming_soon":null,"is_default_sku":false,"is_discountable":true,"is_displayable":null,"is_engravable":null,"is_fragrance":null,"is_giftable":null,"is_giftwrap":false,"is_inactive":null,"is_multi_shaded":null,"is_out_of_stock":null,"is_preorder":false,"is_preorderable":null,"is_promotional":null,"is_replenishable":false,"is_search_suppressed":null,"is_searchable":true,"is_shaded":null,"is_sized":null,"is_sold_out":null,"is_under_weight_hazmat":false,"is_vto_enabled":null,"life_of_product":"Basic Reorder","material_code":"K1X5330000","media":{"large":[{"alt":"Even Better Glow Makeup SPF 15 Fondöten","height":1200,"position":1,"src":"/media/export/cms/products/1200x1500/cl_sku_K1X533_1200x1500_0.png","type":"image","width":1500}],"medium":[{"alt":"Even Better Glow Makeup SPF 15 Fondöten","height":600,"position":2,"src":"/media/export/cms/products/600x750/cl_sku_K1X533_600x750_0.png","type":"image","width":750}],"model":null,"poster":null,"small":[{"alt":"Even Better Glow Makeup SPF 15 Fondöten","height":1200,"position":3,"src":"/media/export/cms/products/1200x1500/cl_sku_K1X533_1200x1500_0.png","type":"image","width":1500}],"smoosh":[{"alt":"Even Better Glow Makeup SPF 15 Fondöten","height":1200,"position":0,"src":"/media/export/cms/products/1200x1500/swatches_v3/06_ns_ng.png","type":"image","width":1500}],"xl":null},"out_of_stock_threshold":null,"perlgem":{"SKU_BASE_ID":85712},"preorder_date":null,"prices":[{"currency":"TRY","exclude_tax":{"original_price":285,"original_price_formatted":"285.00 TL","price":285,"price_formatted":"285.00 TL","price_per_unit":null,"price_per_unit_formatted":""},"include_tax":{"original_price":285,"original_price_formatted":"285.00 TL","price":285,"price_formatted":"285.00 TL","price_per_unit":null,"price_per_unit_formatted":""},"is_discounted":false}],"purchase_limit":null,"replenishment":{"message":null},"reviews":{"average_rating":null,"number_of_questions":null,"number_of_reviews":null},"set_components":null,"shade_groups":null,"shades":[{"description":"","hex_val":"#7C431D","image":{"height":null,"src":"","width":null},"name":"CN 126 Espresso","smoosh_design":{"group_id":null,"name":"06::none::none"}}],"sizes":[{"key":1,"value":"30ml"}],"skin":{"tone":null,"type":null,"type_description":null},"sku_badge":null,"sku_badge_image":null,"sku_display_order":0,"sku_id":"K1X533","sku_promo_messaging":null,"sku_type":"SE","sku_url":null,"tags":{"total":4,"items":[{"id":"1599","key":"fondöten","value":"FONDÖTEN"},{"id":"1590","key":"i̇ndi̇ri̇mli̇-ürünler","value":"İNDİRİMLİ ÜRÜNLER"},{"id":"17859","key":"çok-satanlar","value":"ÇOK SATANLAR"},{"id":"1592","key":"makyaj","value":"MAKYAJ"}]},"texture":null,"undertone":null,"unit_of_measure":null,"unit_size":null,"unit_size_formatted":null,"upc":"020714874032","vto":{"is_color_experience":null,"is_foundation_experience":null}},{"color_family":null,"coverage_options":null,"cross_sell":null,"display_status":7,"finish":null,"finish_options":null,"fragrances":[{"family":null,"key":null,"value":null}],"iln_listing":null,"iln_version_number":null,"inventory_status":"Active","is_active":true,"is_coming_soon":null,"is_default_sku":true,"is_discountable":true,"is_displayable":null,"is_engravable":null,"is_fragrance":null,"is_giftable":null,"is_giftwrap":false,"is_inactive":null,"is_multi_shaded":null,"is_out_of_stock":null,"is_preorder":false,"is_preorderable":null,"is_promotional":null,"is_replenishable":false,"is_search_suppressed":null,"is_searchable":true,"is_shaded":null,"is_sized":null,"is_sold_out":null,"is_under_weight_hazmat":false,"is_vto_enabled":null,"life_of_product":"Basic Reorder","material_code":"K1X5030000","media":{"large":[{"alt":"Even Better Glow Makeup SPF 15 Fondöten","height":1200,"position":1,"src":"/media/export/cms/products/1200x1500/cl_sku_K1X503_1200x1500_0.png","type":"image","width":1500}],"medium":[{"alt":"Even Better Glow Makeup SPF 15 Fondöten","height":600,"position":2,"src":"/media/export/cms/products/600x750/cl_sku_K1X503_600x750_0.png","type":"image","width":750}],"model":null,"poster":null,"small":[{"alt":"Even Better Glow Makeup SPF 15 Fondöten","height":1200,"position":3,"src":"/media/export/cms/products/1200x1500/cl_sku_K1X503_1200x1500_0.png","type":"image","width":1500}],"smoosh":[{"alt":"Even Better Glow Makeup SPF 15 Fondöten","height":1200,"position":0,"src":"/media/export/cms/products/1200x1500/swatches_v3/06_ns_ng.png","type":"image","width":1500}],"xl":null},"out_of_stock_threshold":null,"perlgem":{"SKU_BASE_ID":85645},"preorder_date":null,"prices":[{"currency":"TRY","exclude_tax":{"original_price":285,"original_price_formatted":"285.00 TL","price":285,"price_formatted":"285.00 TL","price_per_unit":null,"price_per_unit_formatted":""},"include_tax":{"original_price":285,"original_price_formatted":"285.00 TL","price":285,"price_formatted":"285.00 TL","price_per_unit":null,"price_per_unit_formatted":""},"is_discounted":false}],"purchase_limit":null,"replenishment":{"message":null},"reviews":{"average_rating":null,"number_of_questions":null,"number_of_reviews":null},"set_components":null,"shade_groups":null,"shades":[{"description":"","hex_val":"#EFC09C","image":{"height":null,"src":"","width":null},"name":"CN 28 Ivory","smoosh_design":{"group_id":null,"name":"06::none::none"}}],"sizes":[{"key":1,"value":"30ml"}],"skin":{"tone":null,"type":null,"type_description":null},"sku_badge":null,"sku_badge_image":null,"sku_display_order":0,"sku_id":"K1X503","sku_promo_messaging":null,"sku_type":"SE","sku_url":null,"tags":{"total":12,"items":[{"id":"1599","key":"fondöten","value":"FONDÖTEN"},{"id":"1575","key":"en-çok-satanlar","value":"En Çok Satanlar"},{"id":"13562","key":"yeni̇-yil-makyaj","value":"YENİ YIL MAKYAJ"},{"id":"11265","key":"makyaj-baz-sabi̇tleyi̇ci̇ler","value":"MAKYAJ BAZ & SABİTLEYİCİLER"},{"id":"9425","key":"top-rated-makeup","value":"top rated makeup"},{"id":"24180","key":"tamamlayici-ürünler","value":"TAMAMLAYICI ÜRÜNLER"},{"id":"16370","key":"online-özel","value":"Online Özel"},{"id":"17859","key":"çok-satanlar","value":"ÇOK SATANLAR"},{"id":"12537","key":"çok-satan-makyaj-ürünleri̇","value":"ÇOK SATAN MAKYAJ ÜRÜNLERİ"},{"id":"1592","key":"makyaj","value":"MAKYAJ"},{"id":"4323","key":"yeni̇-ürünler","value":"YENİ ÜRÜNLER"},{"id":"9420","key":"hotlists","value":"hotlists"}]},"texture":null,"undertone":null,"unit_of_measure":null,"unit_size":null,"unit_size_formatted":null,"upc":"020714873738","vto":{"is_color_experience":null,"is_foundation_experience":null}},{"color_family":null,"coverage_options":null,"cross_sell":null,"display_status":7,"finish":null,"finish_options":null,"fragrances":[{"family":null,"key":null,"value":null}],"iln_listing":null,"iln_version_number":null,"inventory_status":"Active","is_active":true,"is_coming_soon":null,"is_default_sku":false,"is_discountable":true,"is_displayable":null,"is_engravable":null,"is_fragrance":null,"is_giftable":null,"is_giftwrap":false,"is_inactive":null,"is_multi_shaded":null,"is_out_of_stock":null,"is_preorder":false,"is_preorderable":null,"is_promotional":null,"is_replenishable":false,"is_search_suppressed":null,"is_searchable":true,"is_shaded":null,"is_sized":null,"is_sold_out":null,"is_under_weight_hazmat":false,"is_vto_enabled":null,"life_of_product":"Basic Reorder","material_code":"K1X5420000","media":{"large":[{"alt":"Even Better Glow Makeup SPF 15 Fondöten","height":1200,"position":1,"src":"/media/export/cms/products/1200x1500/cl_sku_K1X542_1200x1500_0.png","type":"image","width":1500}],"medium":[{"alt":"Even Better Glow Makeup SPF 15 Fondöten","height":600,"position":2,"src":"/media/export/cms/products/600x750/cl_sku_K1X542_600x750_0.png","type":"image","width":750}],"model":null,"poster":null,"small":[{"alt":"Even Better Glow Makeup SPF 15 Fondöten","height":1200,"position":3,"src":"/media/export/cms/products/1200x1500/cl_sku_K1X542_1200x1500_0.png","type":"image","width":1500}],"smoosh":[{"alt":"Even Better Glow Makeup SPF 15 Fondöten","height":1200,"position":0,"src":"/media/export/cms/products/1200x1500/swatches_v3/06_ns_ng.png","type":"image","width":1500}],"xl":null},"out_of_stock_threshold":null,"perlgem":{"SKU_BASE_ID":85718},"preorder_date":null,"prices":[{"currency":"TRY","exclude_tax":{"original_price":285,"original_price_formatted":"285.00 TL","price":285,"price_formatted":"285.00 TL","price_per_unit":null,"price_per_unit_formatted":""},"include_tax":{"original_price":285,"original_price_formatted":"285.00 TL","price":285,"price_formatted":"285.00 TL","price_per_unit":null,"price_per_unit_formatted":""},"is_discounted":false}],"purchase_limit":null,"replenishment":{"message":null},"reviews":{"average_rating":null,"number_of_questions":null,"number_of_reviews":null},"set_components":null,"shade_groups":null,"shades":[{"description":"","hex_val":"#D69565","image":{"height":null,"src":"","width":null},"name":"WN 54 Honey Wheat","smoosh_design":{"group_id":null,"name":"06::none::none"}}],"sizes":[{"key":1,"value":"30 ml"}],"skin":{"tone":null,"type":null,"type_description":null},"sku_badge":null,"sku_badge_image":null,"sku_display_order":0,"sku_id":"K1X542","sku_promo_messaging":null,"sku_type":"SE","sku_url":null,"tags":{"total":4,"items":[{"id":"1599","key":"fondöten","value":"FONDÖTEN"},{"id":"1590","key":"i̇ndi̇ri̇mli̇-ürünler","value":"İNDİRİMLİ ÜRÜNLER"},{"id":"17859","key":"çok-satanlar","value":"ÇOK SATANLAR"},{"id":"1592","key":"makyaj","value":"MAKYAJ"}]},"texture":null,"undertone":null,"unit_of_measure":null,"unit_size":null,"unit_size_formatted":null,"upc":"020714884888","vto":{"is_color_experience":null,"is_foundation_experience":null}},{"color_family":null,"coverage_options":null,"cross_sell":null,"display_status":7,"finish":null,"finish_options":null,"fragrances":[{"family":null,"key":null,"value":null}],"iln_listing":null,"iln_version_number":null,"inventory_status":"Active","is_active":true,"is_coming_soon":null,"is_default_sku":true,"is_discountable":true,"is_displayable":null,"is_engravable":null,"is_fragrance":null,"is_giftable":null,"is_giftwrap":false,"is_inactive":null,"is_multi_shaded":null,"is_out_of_stock":null,"is_preorder":false,"is_preorderable":null,"is_promotional":null,"is_replenishable":false,"is_search_suppressed":null,"is_searchable":true,"is_shaded":null,"is_sized":null,"is_sold_out":null,"is_under_weight_hazmat":false,"is_vto_enabled":null,"life_of_product":"Basic Reorder","material_code":"K1X5210000","media":{"large":[{"alt":"Even Better Glow Makeup SPF 15 Fondöten","height":1200,"position":1,"src":"/media/export/cms/products/1200x1500/cl_sku_K1X521_1200x1500_0.png","type":"image","width":1500}],"medium":[{"alt":"Even Better Glow Makeup SPF 15 Fondöten","height":600,"position":2,"src":"/media/export/cms/products/600x750/cl_sku_K1X521_600x750_0.png","type":"image","width":750}],"model":null,"poster":null,"small":[{"alt":"Even Better Glow Makeup SPF 15 Fondöten","height":1200,"position":3,"src":"/media/export/cms/products/1200x1500/cl_sku_K1X521_1200x1500_0.png","type":"image","width":1500}],"smoosh":[{"alt":"Even Better Glow Makeup SPF 15 Fondöten","height":1200,"position":0,"src":"/media/export/cms/products/1200x1500/swatches_v3/06_ns_ng.png","type":"image","width":1500}],"xl":null},"out_of_stock_threshold":null,"perlgem":{"SKU_BASE_ID":85709},"preorder_date":null,"prices":[{"currency":"TRY","exclude_tax":{"original_price":285,"original_price_formatted":"285.00 TL","price":285,"price_formatted":"285.00 TL","price_per_unit":null,"price_per_unit_formatted":""},"include_tax":{"original_price":285,"original_price_formatted":"285.00 TL","price":285,"price_formatted":"285.00 TL","price_per_unit":null,"price_per_unit_formatted":""},"is_discounted":false}],"purchase_limit":null,"replenishment":{"message":null},"reviews":{"average_rating":null,"number_of_questions":null,"number_of_reviews":null},"set_components":null,"shade_groups":null,"shades":[{"description":"","hex_val":"#F9C096","image":{"height":null,"src":"","width":null},"name":"WN 02 Bone","smoosh_design":{"group_id":null,"name":"06::none::none"}}],"sizes":[{"key":1,"value":"30ml"}],"skin":{"tone":null,"type":null,"type_description":null},"sku_badge":null,"sku_badge_image":null,"sku_display_order":0,"sku_id":"K1X521","sku_promo_messaging":null,"sku_type":"SE","sku_url":null,"tags":{"total":12,"items":[{"id":"1599","key":"fondöten","value":"FONDÖTEN"},{"id":"1575","key":"en-çok-satanlar","value":"En Çok Satanlar"},{"id":"13562","key":"yeni̇-yil-makyaj","value":"YENİ YIL MAKYAJ"},{"id":"11265","key":"makyaj-baz-sabi̇tleyi̇ci̇ler","value":"MAKYAJ BAZ & SABİTLEYİCİLER"},{"id":"9425","key":"top-rated-makeup","value":"top rated makeup"},{"id":"24180","key":"tamamlayici-ürünler","value":"TAMAMLAYICI ÜRÜNLER"},{"id":"16370","key":"online-özel","value":"Online Özel"},{"id":"17859","key":"çok-satanlar","value":"ÇOK SATANLAR"},{"id":"12537","key":"çok-satan-makyaj-ürünleri̇","value":"ÇOK SATAN MAKYAJ ÜRÜNLERİ"},{"id":"1592","key":"makyaj","value":"MAKYAJ"},{"id":"4323","key":"yeni̇-ürünler","value":"YENİ ÜRÜNLER"},{"id":"9420","key":"hotlists","value":"hotlists"}]},"texture":null,"undertone":null,"unit_of_measure":null,"unit_size":null,"unit_size_formatted":null,"upc":"020714873912","vto":{"is_color_experience":null,"is_foundation_experience":null}},{"color_family":null,"coverage_options":null,"cross_sell":null,"display_status":7,"finish":null,"finish_options":null,"fragrances":[{"family":null,"key":null,"value":null}],"iln_listing":null,"iln_version_number":null,"inventory_status":"Active","is_active":true,"is_coming_soon":null,"is_default_sku":true,"is_discountable":true,"is_displayable":null,"is_engravable":null,"is_fragrance":null,"is_giftable":null,"is_giftwrap":false,"is_inactive":null,"is_multi_shaded":null,"is_out_of_stock":null,"is_preorder":false,"is_preorderable":null,"is_promotional":null,"is_replenishable":false,"is_search_suppressed":null,"is_searchable":true,"is_shaded":null,"is_sized":null,"is_sold_out":null,"is_under_weight_hazmat":false,"is_vto_enabled":null,"life_of_product":"Basic Reorder","material_code":"K1X5070000","media":{"large":[{"alt":"Even Better Glow Makeup SPF 15 Fondöten","height":1200,"position":1,"src":"/media/export/cms/products/1200x1500/cl_sku_K1X507_1200x1500_0.png","type":"image","width":1500}],"medium":[{"alt":"Even Better Glow Makeup SPF 15 Fondöten","height":600,"position":2,"src":"/media/export/cms/products/600x750/cl_sku_K1X507_600x750_0.png","type":"image","width":750}],"model":null,"poster":null,"small":[{"alt":"Even Better Glow Makeup SPF 15 Fondöten","height":1200,"position":3,"src":"/media/export/cms/products/1200x1500/cl_sku_K1X507_1200x1500_0.png","type":"image","width":1500}],"smoosh":[{"alt":"Even Better Glow Makeup SPF 15 Fondöten","height":1200,"position":0,"src":"/media/export/cms/products/1200x1500/swatches_v3/06_ns_ng.png","type":"image","width":1500}],"xl":null},"out_of_stock_threshold":null,"perlgem":{"SKU_BASE_ID":85694},"preorder_date":null,"prices":[{"currency":"TRY","exclude_tax":{"original_price":285,"original_price_formatted":"285.00 TL","price":285,"price_formatted":"285.00 TL","price_per_unit":null,"price_per_unit_formatted":""},"include_tax":{"original_price":285,"original_price_formatted":"285.00 TL","price":285,"price_formatted":"285.00 TL","price_per_unit":null,"price_per_unit_formatted":""},"is_discounted":false}],"purchase_limit":null,"replenishment":{"message":null},"reviews":{"average_rating":null,"number_of_questions":null,"number_of_reviews":null},"set_components":null,"shade_groups":null,"shades":[{"description":"","hex_val":"#D9A783","image":{"height":null,"src":"","width":null},"name":"CN 70 Vanilla","smoosh_design":{"group_id":null,"name":"06::none::none"}}],"sizes":[{"key":1,"value":"30ml"}],"skin":{"tone":null,"type":null,"type_description":null},"sku_badge":null,"sku_badge_image":null,"sku_display_order":0,"sku_id":"K1X507","sku_promo_messaging":null,"sku_type":"SE","sku_url":null,"tags":{"total":14,"items":[{"id":"13701","key":"online-exclusives","value":"Online Exclusives"},{"id":"9427","key":"whatsnew","value":"what'snew"},{"id":"1599","key":"fondöten","value":"FONDÖTEN"},{"id":"1575","key":"en-çok-satanlar","value":"En Çok Satanlar"},{"id":"13562","key":"yeni̇-yil-makyaj","value":"YENİ YIL MAKYAJ"},{"id":"11265","key":"makyaj-baz-sabi̇tleyi̇ci̇ler","value":"MAKYAJ BAZ & SABİTLEYİCİLER"},{"id":"9425","key":"top-rated-makeup","value":"top rated makeup"},{"id":"24180","key":"tamamlayici-ürünler","value":"TAMAMLAYICI ÜRÜNLER"},{"id":"16370","key":"online-özel","value":"Online Özel"},{"id":"17859","key":"çok-satanlar","value":"ÇOK SATANLAR"},{"id":"12537","key":"çok-satan-makyaj-ürünleri̇","value":"ÇOK SATAN MAKYAJ ÜRÜNLERİ"},{"id":"1592","key":"makyaj","value":"MAKYAJ"},{"id":"4323","key":"yeni̇-ürünler","value":"YENİ ÜRÜNLER"},{"id":"9420","key":"hotlists","value":"hotlists"}]},"texture":null,"undertone":null,"unit_of_measure":null,"unit_size":null,"unit_size_formatted":null,"upc":"020714873776","vto":{"is_color_experience":null,"is_foundation_experience":null}},{"color_family":null,"coverage_options":null,"cross_sell":null,"display_status":7,"finish":null,"finish_options":null,"fragrances":[{"family":null,"key":null,"value":null}],"iln_listing":null,"iln_version_number":null,"inventory_status":"Active","is_active":true,"is_coming_soon":null,"is_default_sku":false,"is_discountable":true,"is_displayable":null,"is_engravable":null,"is_fragrance":null,"is_giftable":null,"is_giftwrap":false,"is_inactive":null,"is_multi_shaded":null,"is_out_of_stock":null,"is_preorder":false,"is_preorderable":null,"is_promotional":null,"is_replenishable":false,"is_search_suppressed":null,"is_searchable":true,"is_shaded":null,"is_sized":null,"is_sold_out":null,"is_under_weight_hazmat":false,"is_vto_enabled":null,"life_of_product":"Basic Reorder","material_code":"K1X5200000","media":{"large":[{"alt":"Even Better Glow Makeup SPF 15 Fondöten","height":1200,"position":1,"src":"/media/export/cms/products/1200x1500/cl_sku_K1X520_1200x1500_0.png","type":"image","width":1500}],"medium":[{"alt":"Even Better Glow Makeup SPF 15 Fondöten","height":600,"position":2,"src":"/media/export/cms/products/600x750/cl_sku_K1X520_600x750_0.png","type":"image","width":750}],"model":null,"poster":null,"small":[{"alt":"Even Better Glow Makeup SPF 15 Fondöten","height":1200,"position":3,"src":"/media/export/cms/products/1200x1500/cl_sku_K1X520_1200x1500_0.png","type":"image","width":1500}],"smoosh":[{"alt":"Even Better Glow Makeup SPF 15 Fondöten","height":1200,"position":0,"src":"/media/export/cms/products/1200x1500/swatches_v3/06_ns_ng.png","type":"image","width":1500}],"xl":null},"out_of_stock_threshold":null,"perlgem":{"SKU_BASE_ID":85708},"preorder_date":null,"prices":[{"currency":"TRY","exclude_tax":{"original_price":285,"original_price_formatted":"285.00 TL","price":285,"price_formatted":"285.00 TL","price_per_unit":null,"price_per_unit_formatted":""},"include_tax":{"original_price":285,"original_price_formatted":"285.00 TL","price":285,"price_formatted":"285.00 TL","price_per_unit":null,"price_per_unit_formatted":""},"is_discounted":false}],"purchase_limit":null,"replenishment":{"message":null},"reviews":{"average_rating":null,"number_of_questions":null,"number_of_reviews":null},"set_components":null,"shade_groups":null,"shades":[{"description":"","hex_val":"#985825","image":{"height":null,"src":"","width":null},"name":"WN 124 Sienna","smoosh_design":{"group_id":null,"name":"06::none::none"}}],"sizes":[{"key":1,"value":"30ml"}],"skin":{"tone":null,"type":null,"type_description":null},"sku_badge":null,"sku_badge_image":null,"sku_display_order":0,"sku_id":"K1X520","sku_promo_messaging":null,"sku_type":"SE","sku_url":null,"tags":{"total":3,"items":[{"id":"1599","key":"fondöten","value":"FONDÖTEN"},{"id":"17859","key":"çok-satanlar","value":"ÇOK SATANLAR"},{"id":"1592","key":"makyaj","value":"MAKYAJ"}]},"texture":null,"undertone":null,"unit_of_measure":null,"unit_size":null,"unit_size_formatted":null,"upc":"020714873905","vto":{"is_color_experience":null,"is_foundation_experience":null}},{"color_family":null,"coverage_options":null,"cross_sell":null,"display_status":7,"finish":null,"finish_options":null,"fragrances":[{"family":null,"key":null,"value":null}],"iln_listing":null,"iln_version_number":null,"inventory_status":"Active","is_active":true,"is_coming_soon":null,"is_default_sku":false,"is_discountable":true,"is_displayable":null,"is_engravable":null,"is_fragrance":null,"is_giftable":null,"is_giftwrap":false,"is_inactive":null,"is_multi_shaded":null,"is_out_of_stock":null,"is_preorder":false,"is_preorderable":null,"is_promotional":null,"is_replenishable":false,"is_search_suppressed":null,"is_searchable":true,"is_shaded":null,"is_sized":null,"is_sold_out":null,"is_under_weight_hazmat":false,"is_vto_enabled":null,"life_of_product":"Basic Reorder","material_code":"K1X5130000","media":{"large":[{"alt":"Even Better Glow Makeup SPF 15 Fondöten","height":1200,"position":1,"src":"/media/export/cms/products/1200x1500/cl_sku_K1X513_1200x1500_0.png","type":"image","width":1500}],"medium":[{"alt":"Even Better Glow Makeup SPF 15 Fondöten","height":600,"position":2,"src":"/media/export/cms/products/600x750/cl_sku_K1X513_600x750_0.png","type":"image","width":750}],"model":null,"poster":null,"small":[{"alt":"Even Better Glow Makeup SPF 15 Fondöten","height":1200,"position":3,"src":"/media/export/cms/products/1200x1500/cl_sku_K1X513_1200x1500_0.png","type":"image","width":1500}],"smoosh":[{"alt":"Even Better Glow Makeup SPF 15 Fondöten","height":1200,"position":0,"src":"/media/export/cms/products/1200x1500/swatches_v3/06_ns_ng.png","type":"image","width":1500}],"xl":null},"out_of_stock_threshold":null,"perlgem":{"SKU_BASE_ID":85704},"preorder_date":null,"prices":[{"currency":"TRY","exclude_tax":{"original_price":285,"original_price_formatted":"285.00 TL","price":285,"price_formatted":"285.00 TL","price_per_unit":null,"price_per_unit_formatted":""},"include_tax":{"original_price":285,"original_price_formatted":"285.00 TL","price":285,"price_formatted":"285.00 TL","price_per_unit":null,"price_per_unit_formatted":""},"is_discounted":false}],"purchase_limit":null,"replenishment":{"message":null},"reviews":{"average_rating":null,"number_of_questions":null,"number_of_reviews":null},"set_components":null,"shade_groups":null,"shades":[{"description":"","hex_val":"#B26B35","image":{"height":null,"src":"","width":null},"name":"WN 118 Amber","smoosh_design":{"group_id":null,"name":"06::none::none"}}],"sizes":[{"key":1,"value":"30ml"}],"skin":{"tone":null,"type":null,"type_description":null},"sku_badge":null,"sku_badge_image":null,"sku_display_order":0,"sku_id":"K1X513","sku_promo_messaging":null,"sku_type":"SE","sku_url":null,"tags":{"total":5,"items":[{"id":"1599","key":"fondöten","value":"FONDÖTEN"},{"id":"1590","key":"i̇ndi̇ri̇mli̇-ürünler","value":"İNDİRİMLİ ÜRÜNLER"},{"id":"13562","key":"yeni̇-yil-makyaj","value":"YENİ YIL MAKYAJ"},{"id":"17859","key":"çok-satanlar","value":"ÇOK SATANLAR"},{"id":"1592","key":"makyaj","value":"MAKYAJ"}]},"texture":null,"undertone":null,"unit_of_measure":null,"unit_size":null,"unit_size_formatted":null,"upc":"020714873837","vto":{"is_color_experience":null,"is_foundation_experience":null}},{"color_family":null,"coverage_options":null,"cross_sell":null,"display_status":7,"finish":null,"finish_options":null,"fragrances":[{"family":null,"key":null,"value":null}],"iln_listing":null,"iln_version_number":null,"inventory_status":"Active","is_active":true,"is_coming_soon":null,"is_default_sku":false,"is_discountable":true,"is_displayable":null,"is_engravable":null,"is_fragrance":null,"is_giftable":null,"is_giftwrap":false,"is_inactive":null,"is_multi_shaded":null,"is_out_of_stock":null,"is_preorder":false,"is_preorderable":null,"is_promotional":null,"is_replenishable":false,"is_search_suppressed":null,"is_searchable":true,"is_shaded":null,"is_sized":null,"is_sold_out":null,"is_under_weight_hazmat":false,"is_vto_enabled":null,"life_of_product":"Basic Reorder","material_code":"K1X5230000","media":{"large":[{"alt":"Even Better Glow Makeup SPF 15 Fondöten","height":1200,"position":1,"src":"/media/export/cms/products/1200x1500/cl_sku_K1X523_1200x1500_0.png","type":"image","width":1500}],"medium":[{"alt":"Even Better Glow Makeup SPF 15 Fondöten","height":600,"position":2,"src":"/media/export/cms/products/600x750/cl_sku_K1X523_600x750_0.png","type":"image","width":750}],"model":null,"poster":null,"small":[{"alt":"Even Better Glow Makeup SPF 15 Fondöten","height":1200,"position":3,"src":"/media/export/cms/products/1200x1500/cl_sku_K1X523_1200x1500_0.png","type":"image","width":1500}],"smoosh":[{"alt":"Even Better Glow Makeup SPF 15 Fondöten","height":1200,"position":0,"src":"/media/export/cms/products/1200x1500/swatches_v3/06_ns_ng.png","type":"image","width":1500}],"xl":null},"out_of_stock_threshold":null,"perlgem":{"SKU_BASE_ID":85711},"preorder_date":null,"prices":[{"currency":"TRY","exclude_tax":{"original_price":285,"original_price_formatted":"285.00 TL","price":285,"price_formatted":"285.00 TL","price_per_unit":null,"price_per_unit_formatted":""},"include_tax":{"original_price":285,"original_price_formatted":"285.00 TL","price":285,"price_formatted":"285.00 TL","price_per_unit":null,"price_per_unit_formatted":""},"is_discounted":false}],"purchase_limit":null,"replenishment":{"message":null},"reviews":{"average_rating":null,"number_of_questions":null,"number_of_reviews":null},"set_components":null,"shade_groups":null,"shades":[{"description":"","hex_val":"#EDAB76","image":{"height":null,"src":"","width":null},"name":"WN 22 Ecru","smoosh_design":{"group_id":null,"name":"06::none::none"}}],"sizes":[{"key":1,"value":"30ml"}],"skin":{"tone":null,"type":null,"type_description":null},"sku_badge":null,"sku_badge_image":null,"sku_display_order":0,"sku_id":"K1X523","sku_promo_messaging":null,"sku_type":"SE","sku_url":null,"tags":{"total":3,"items":[{"id":"1599","key":"fondöten","value":"FONDÖTEN"},{"id":"17859","key":"çok-satanlar","value":"ÇOK SATANLAR"},{"id":"1592","key":"makyaj","value":"MAKYAJ"}]},"texture":null,"undertone":null,"unit_of_measure":null,"unit_size":null,"unit_size_formatted":null,"upc":"020714873936","vto":{"is_color_experience":null,"is_foundation_experience":null}},{"color_family":null,"coverage_options":null,"cross_sell":null,"display_status":7,"finish":null,"finish_options":null,"fragrances":[{"family":null,"key":null,"value":null}],"iln_listing":null,"iln_version_number":null,"inventory_status":"Active","is_active":true,"is_coming_soon":null,"is_default_sku":false,"is_discountable":true,"is_displayable":null,"is_engravable":null,"is_fragrance":null,"is_giftable":null,"is_giftwrap":false,"is_inactive":null,"is_multi_shaded":null,"is_out_of_stock":null,"is_preorder":false,"is_preorderable":null,"is_promotional":null,"is_replenishable":false,"is_search_suppressed":null,"is_searchable":true,"is_shaded":null,"is_sized":null,"is_sold_out":null,"is_under_weight_hazmat":false,"is_vto_enabled":null,"life_of_product":"Basic Reorder","material_code":"K1X5190000","media":{"large":[{"alt":"Even Better Glow Makeup SPF 15 Fondöten","height":1200,"position":1,"src":"/media/export/cms/products/1200x1500/cl_sku_K1X519_1200x1500_0.png","type":"image","width":1500}],"medium":[{"alt":"Even Better Glow Makeup SPF 15 Fondöten","height":600,"position":2,"src":"/media/export/cms/products/600x750/cl_sku_K1X519_600x750_0.png","type":"image","width":750}],"model":null,"poster":null,"small":[{"alt":"Even Better Glow Makeup SPF 15 Fondöten","height":1200,"position":3,"src":"/media/export/cms/products/1200x1500/cl_sku_K1X519_1200x1500_0.png","type":"image","width":1500}],"smoosh":[{"alt":"Even Better Glow Makeup SPF 15 Fondöten","height":1200,"position":0,"src":"/media/export/cms/products/1200x1500/swatches_v3/06_ns_ng.png","type":"image","width":1500}],"xl":null},"out_of_stock_threshold":null,"perlgem":{"SKU_BASE_ID":85707},"preorder_date":null,"prices":[{"currency":"TRY","exclude_tax":{"original_price":285,"original_price_formatted":"285.00 TL","price":285,"price_formatted":"285.00 TL","price_per_unit":null,"price_per_unit_formatted":""},"include_tax":{"original_price":285,"original_price_formatted":"285.00 TL","price":285,"price_formatted":"285.00 TL","price_per_unit":null,"price_per_unit_formatted":""},"is_discounted":false}],"purchase_limit":null,"replenishment":{"message":null},"reviews":{"average_rating":null,"number_of_questions":null,"number_of_reviews":null},"set_components":null,"shade_groups":null,"shades":[{"description":"","hex_val":"#935732","image":{"height":null,"src":"","width":null},"name":"WN 122 Clove","smoosh_design":{"group_id":null,"name":"06::none::none"}}],"sizes":[{"key":1,"value":"30ml"}],"skin":{"tone":null,"type":null,"type_description":null},"sku_badge":null,"sku_badge_image":null,"sku_display_order":0,"sku_id":"K1X519","sku_promo_messaging":null,"sku_type":"SE","sku_url":null,"tags":{"total":5,"items":[{"id":"1599","key":"fondöten","value":"FONDÖTEN"},{"id":"1590","key":"i̇ndi̇ri̇mli̇-ürünler","value":"İNDİRİMLİ ÜRÜNLER"},{"id":"13562","key":"yeni̇-yil-makyaj","value":"YENİ YIL MAKYAJ"},{"id":"17859","key":"çok-satanlar","value":"ÇOK SATANLAR"},{"id":"1592","key":"makyaj","value":"MAKYAJ"}]},"texture":null,"undertone":null,"unit_of_measure":null,"unit_size":null,"unit_size_formatted":null,"upc":"020714873899","vto":{"is_color_experience":null,"is_foundation_experience":null}},{"color_family":null,"coverage_options":null,"cross_sell":null,"display_status":7,"finish":null,"finish_options":null,"fragrances":[{"family":null,"key":null,"value":null}],"iln_listing":null,"iln_version_number":null,"inventory_status":"Active","is_active":true,"is_coming_soon":null,"is_default_sku":false,"is_discountable":true,"is_displayable":null,"is_engravable":null,"is_fragrance":null,"is_giftable":null,"is_giftwrap":false,"is_inactive":null,"is_multi_shaded":null,"is_out_of_stock":null,"is_preorder":false,"is_preorderable":null,"is_promotional":null,"is_replenishable":false,"is_search_suppressed":null,"is_searchable":true,"is_shaded":null,"is_sized":null,"is_sold_out":null,"is_under_weight_hazmat":false,"is_vto_enabled":null,"life_of_product":"Basic Reorder","material_code":"K1X5340000","media":{"large":[{"alt":"Even Better Glow Makeup SPF 15 Fondöten","height":1200,"position":1,"src":"/media/export/cms/products/1200x1500/cl_sku_K1X534_1200x1500_0.png","type":"image","width":1500}],"medium":[{"alt":"Even Better Glow Makeup SPF 15 Fondöten","height":600,"position":2,"src":"/media/export/cms/products/600x750/cl_sku_K1X534_600x750_0.png","type":"image","width":750}],"model":null,"poster":null,"small":[{"alt":"Even Better Glow Makeup SPF 15 Fondöten","height":1200,"position":3,"src":"/media/export/cms/products/1200x1500/cl_sku_K1X534_1200x1500_0.png","type":"image","width":1500}],"smoosh":[{"alt":"Even Better Glow Makeup SPF 15 Fondöten","height":1200,"position":0,"src":"/media/export/cms/products/1200x1500/swatches_v3/06_ns_ng.png","type":"image","width":1500}],"xl":null},"out_of_stock_threshold":null,"perlgem":{"SKU_BASE_ID":85713},"preorder_date":null,"prices":[{"currency":"TRY","exclude_tax":{"original_price":285,"original_price_formatted":"285.00 TL","price":285,"price_formatted":"285.00 TL","price_per_unit":null,"price_per_unit_formatted":""},"include_tax":{"original_price":285,"original_price_formatted":"285.00 TL","price":285,"price_formatted":"285.00 TL","price_per_unit":null,"price_per_unit_formatted":""},"is_discounted":false}],"purchase_limit":null,"replenishment":{"message":null},"reviews":{"average_rating":null,"number_of_questions":null,"number_of_reviews":null},"set_components":null,"shade_groups":null,"shades":[{"description":"","hex_val":"#D19567","image":{"height":null,"src":"","width":null},"name":"WN 30 Biscuit","smoosh_design":{"group_id":null,"name":"06::none::none"}}],"sizes":[{"key":1,"value":"30ml"}],"skin":{"tone":null,"type":null,"type_description":null},"sku_badge":null,"sku_badge_image":null,"sku_display_order":0,"sku_id":"K1X534","sku_promo_messaging":null,"sku_type":"SE","sku_url":null,"tags":{"total":3,"items":[{"id":"1599","key":"fondöten","value":"FONDÖTEN"},{"id":"17859","key":"çok-satanlar","value":"ÇOK SATANLAR"},{"id":"1592","key":"makyaj","value":"MAKYAJ"}]},"texture":null,"undertone":null,"unit_of_measure":null,"unit_size":null,"unit_size_formatted":null,"upc":"020714874049","vto":{"is_color_experience":null,"is_foundation_experience":null}},{"color_family":null,"coverage_options":null,"cross_sell":null,"display_status":7,"finish":null,"finish_options":null,"fragrances":[{"family":null,"key":null,"value":null}],"iln_listing":null,"iln_version_number":null,"inventory_status":"Active","is_active":true,"is_coming_soon":null,"is_default_sku":true,"is_discountable":true,"is_displayable":null,"is_engravable":null,"is_fragrance":null,"is_giftable":null,"is_giftwrap":false,"is_inactive":null,"is_multi_shaded":null,"is_out_of_stock":null,"is_preorder":false,"is_preorderable":null,"is_promotional":null,"is_replenishable":false,"is_search_suppressed":null,"is_searchable":true,"is_shaded":null,"is_sized":null,"is_sold_out":null,"is_under_weight_hazmat":false,"is_vto_enabled":null,"life_of_product":"Basic Reorder","material_code":"K1X5050000","media":{"large":[{"alt":"Even Better Glow Makeup SPF 15 Fondöten","height":1200,"position":1,"src":"/media/export/cms/products/1200x1500/cl_sku_K1X505_1200x1500_0.png","type":"image","width":1500}],"medium":[{"alt":"Even Better Glow Makeup SPF 15 Fondöten","height":600,"position":2,"src":"/media/export/cms/products/600x750/cl_sku_K1X505_600x750_0.png","type":"image","width":750}],"model":null,"poster":null,"small":[{"alt":"Even Better Glow Makeup SPF 15 Fondöten","height":1200,"position":3,"src":"/media/export/cms/products/1200x1500/cl_sku_K1X505_1200x1500_0.png","type":"image","width":1500}],"smoosh":[{"alt":"Even Better Glow Makeup SPF 15 Fondöten","height":1200,"position":0,"src":"/media/export/cms/products/1200x1500/swatches_v3/06_ns_ng.png","type":"image","width":1500}],"xl":null},"out_of_stock_threshold":null,"perlgem":{"SKU_BASE_ID":85692},"preorder_date":null,"prices":[{"currency":"TRY","exclude_tax":{"original_price":285,"original_price_formatted":"285.00 TL","price":285,"price_formatted":"285.00 TL","price_per_unit":null,"price_per_unit_formatted":""},"include_tax":{"original_price":285,"original_price_formatted":"285.00 TL","price":285,"price_formatted":"285.00 TL","price_per_unit":null,"price_per_unit_formatted":""},"is_discounted":false}],"purchase_limit":null,"replenishment":{"message":null},"reviews":{"average_rating":null,"number_of_questions":null,"number_of_reviews":null},"set_components":null,"shade_groups":null,"shades":[{"description":"","hex_val":"#E7AF89","image":{"height":null,"src":"","width":null},"name":"CN 52 Neutral","smoosh_design":{"group_id":null,"name":"06::none::none"}}],"sizes":[{"key":1,"value":"30ml"}],"skin":{"tone":null,"type":null,"type_description":null},"sku_badge":null,"sku_badge_image":null,"sku_display_order":0,"sku_id":"K1X505","sku_promo_messaging":null,"sku_type":"SE","sku_url":null,"tags":{"total":11,"items":[{"id":"1599","key":"fondöten","value":"FONDÖTEN"},{"id":"1575","key":"en-çok-satanlar","value":"En Çok Satanlar"},{"id":"13562","key":"yeni̇-yil-makyaj","value":"YENİ YIL MAKYAJ"},{"id":"11265","key":"makyaj-baz-sabi̇tleyi̇ci̇ler","value":"MAKYAJ BAZ & SABİTLEYİCİLER"},{"id":"9425","key":"top-rated-makeup","value":"top rated makeup"},{"id":"24180","key":"tamamlayici-ürünler","value":"TAMAMLAYICI ÜRÜNLER"},{"id":"16370","key":"online-özel","value":"Online Özel"},{"id":"12537","key":"çok-satan-makyaj-ürünleri̇","value":"ÇOK SATAN MAKYAJ ÜRÜNLERİ"},{"id":"1592","key":"makyaj","value":"MAKYAJ"},{"id":"4323","key":"yeni̇-ürünler","value":"YENİ ÜRÜNLER"},{"id":"9420","key":"hotlists","value":"hotlists"}]},"texture":null,"undertone":null,"unit_of_measure":null,"unit_size":null,"unit_size_formatted":null,"upc":"020714873752","vto":{"is_color_experience":null,"is_foundation_experience":null}},{"color_family":null,"coverage_options":null,"cross_sell":null,"display_status":7,"finish":null,"finish_options":null,"fragrances":[{"family":null,"key":null,"value":null}],"iln_listing":null,"iln_version_number":null,"inventory_status":"Active","is_active":true,"is_coming_soon":null,"is_default_sku":false,"is_discountable":true,"is_displayable":null,"is_engravable":null,"is_fragrance":null,"is_giftable":null,"is_giftwrap":false,"is_inactive":null,"is_multi_shaded":null,"is_out_of_stock":null,"is_preorder":false,"is_preorderable":null,"is_promotional":null,"is_replenishable":false,"is_search_suppressed":null,"is_searchable":true,"is_shaded":null,"is_sized":null,"is_sold_out":null,"is_under_weight_hazmat":false,"is_vto_enabled":null,"life_of_product":"Basic Reorder","material_code":"K1X5180000","media":{"large":[{"alt":"Even Better Glow Makeup SPF 15 Fondöten","height":1200,"position":1,"src":"/media/export/cms/products/1200x1500/cl_sku_K1X518_1200x1500_0.png","type":"image","width":1500}],"medium":[{"alt":"Even Better Glow Makeup SPF 15 Fondöten","height":600,"position":2,"src":"/media/export/cms/products/600x750/cl_sku_K1X518_600x750_0.png","type":"image","width":750}],"model":null,"poster":null,"small":[{"alt":"Even Better Glow Makeup SPF 15 Fondöten","height":1200,"position":3,"src":"/media/export/cms/products/1200x1500/cl_sku_K1X518_1200x1500_0.png","type":"image","width":1500}],"smoosh":[{"alt":"Even Better Glow Makeup SPF 15 Fondöten","height":1200,"position":0,"src":"/media/export/cms/products/1200x1500/swatches_v3/06_ns_ng.png","type":"image","width":1500}],"xl":null},"out_of_stock_threshold":null,"perlgem":{"SKU_BASE_ID":85706},"preorder_date":null,"prices":[{"currency":"TRY","exclude_tax":{"original_price":285,"original_price_formatted":"285.00 TL","price":285,"price_formatted":"285.00 TL","price_per_unit":null,"price_per_unit_formatted":""},"include_tax":{"original_price":285,"original_price_formatted":"285.00 TL","price":285,"price_formatted":"285.00 TL","price_per_unit":null,"price_per_unit_formatted":""},"is_discounted":false}],"purchase_limit":null,"replenishment":{"message":null},"reviews":{"average_rating":null,"number_of_questions":null,"number_of_reviews":null},"set_components":null,"shade_groups":null,"shades":[{"description":"","hex_val":"#CB8A5A","image":{"height":null,"src":"","width":null},"name":"WN 92 Toast Almond","smoosh_design":{"group_id":null,"name":"06::none::none"}}],"sizes":[{"key":1,"value":"30ml"}],"skin":{"tone":null,"type":null,"type_description":null},"sku_badge":null,"sku_badge_image":null,"sku_display_order":0,"sku_id":"K1X518","sku_promo_messaging":null,"sku_type":"SE","sku_url":null,"tags":{"total":4,"items":[{"id":"1599","key":"fondöten","value":"FONDÖTEN"},{"id":"1590","key":"i̇ndi̇ri̇mli̇-ürünler","value":"İNDİRİMLİ ÜRÜNLER"},{"id":"17859","key":"çok-satanlar","value":"ÇOK SATANLAR"},{"id":"1592","key":"makyaj","value":"MAKYAJ"}]},"texture":null,"undertone":null,"unit_of_measure":null,"unit_size":null,"unit_size_formatted":null,"upc":"020714873882","vto":{"is_color_experience":null,"is_foundation_experience":null}},{"color_family":null,"coverage_options":null,"cross_sell":null,"display_status":7,"finish":null,"finish_options":null,"fragrances":[{"family":null,"key":null,"value":null}],"iln_listing":null,"iln_version_number":null,"inventory_status":"Active","is_active":true,"is_coming_soon":null,"is_default_sku":true,"is_discountable":true,"is_displayable":null,"is_engravable":null,"is_fragrance":null,"is_giftable":null,"is_giftwrap":false,"is_inactive":null,"is_multi_shaded":null,"is_out_of_stock":null,"is_preorder":false,"is_preorderable":null,"is_promotional":null,"is_replenishable":false,"is_search_suppressed":null,"is_searchable":true,"is_shaded":null,"is_sized":null,"is_sold_out":null,"is_under_weight_hazmat":false,"is_vto_enabled":null,"life_of_product":"Basic Reorder","material_code":"K1X5010000","media":{"large":[{"alt":"Even Better Glow Makeup SPF 15 Fondöten","height":1200,"position":1,"src":"/media/export/cms/products/1200x1500/cl_sku_K1X501_1200x1500_0.png","type":"image","width":1500}],"medium":[{"alt":"Even Better Glow Makeup SPF 15 Fondöten","height":600,"position":2,"src":"/media/export/cms/products/600x750/cl_sku_K1X501_600x750_0.png","type":"image","width":750}],"model":null,"poster":null,"small":[{"alt":"Even Better Glow Makeup SPF 15 Fondöten","height":1200,"position":3,"src":"/media/export/cms/products/1200x1500/cl_sku_K1X501_1200x1500_0.png","type":"image","width":1500}],"smoosh":[{"alt":"Even Better Glow Makeup SPF 15 Fondöten","height":1200,"position":0,"src":"/media/export/cms/products/1200x1500/swatches_v3/06_ns_ng.png","type":"image","width":1500}],"xl":null},"out_of_stock_threshold":null,"perlgem":{"SKU_BASE_ID":85642},"preorder_date":null,"prices":[{"currency":"TRY","exclude_tax":{"original_price":285,"original_price_formatted":"285.00 TL","price":285,"price_formatted":"285.00 TL","price_per_unit":null,"price_per_unit_formatted":""},"include_tax":{"original_price":285,"original_price_formatted":"285.00 TL","price":285,"price_formatted":"285.00 TL","price_per_unit":null,"price_per_unit_formatted":""},"is_discounted":false}],"purchase_limit":null,"replenishment":{"message":null},"reviews":{"average_rating":null,"number_of_questions":null,"number_of_reviews":null},"set_components":null,"shade_groups":null,"shades":[{"description":"","hex_val":"#DAA781","image":{"height":null,"src":"","width":null},"name":"CN 10 Alabaster","smoosh_design":{"group_id":null,"name":"06::none::none"}}],"sizes":[{"key":1,"value":"30ml"}],"skin":{"tone":null,"type":null,"type_description":null},"sku_badge":null,"sku_badge_image":null,"sku_display_order":0,"sku_id":"K1X501","sku_promo_messaging":null,"sku_type":"SE","sku_url":null,"tags":{"total":11,"items":[{"id":"1599","key":"fondöten","value":"FONDÖTEN"},{"id":"1575","key":"en-çok-satanlar","value":"En Çok Satanlar"},{"id":"13562","key":"yeni̇-yil-makyaj","value":"YENİ YIL MAKYAJ"},{"id":"11265","key":"makyaj-baz-sabi̇tleyi̇ci̇ler","value":"MAKYAJ BAZ & SABİTLEYİCİLER"},{"id":"9425","key":"top-rated-makeup","value":"top rated makeup"},{"id":"24180","key":"tamamlayici-ürünler","value":"TAMAMLAYICI ÜRÜNLER"},{"id":"16370","key":"online-özel","value":"Online Özel"},{"id":"17859","key":"çok-satanlar","value":"ÇOK SATANLAR"},{"id":"1592","key":"makyaj","value":"MAKYAJ"},{"id":"4323","key":"yeni̇-ürünler","value":"YENİ ÜRÜNLER"},{"id":"9420","key":"hotlists","value":"hotlists"}]},"texture":null,"undertone":null,"unit_of_measure":null,"unit_size":null,"unit_size_formatted":null,"upc":"020714873714","vto":{"is_color_experience":null,"is_foundation_experience":null}},{"color_family":null,"coverage_options":null,"cross_sell":null,"display_status":7,"finish":null,"finish_options":null,"fragrances":[{"family":null,"key":null,"value":null}],"iln_listing":null,"iln_version_number":null,"inventory_status":"Active","is_active":true,"is_coming_soon":null,"is_default_sku":true,"is_discountable":true,"is_displayable":null,"is_engravable":null,"is_fragrance":null,"is_giftable":null,"is_giftwrap":false,"is_inactive":null,"is_multi_shaded":null,"is_out_of_stock":null,"is_preorder":false,"is_preorderable":null,"is_promotional":null,"is_replenishable":false,"is_search_suppressed":null,"is_searchable":true,"is_shaded":null,"is_sized":null,"is_sold_out":null,"is_under_weight_hazmat":false,"is_vto_enabled":null,"life_of_product":"Basic Reorder","material_code":"K1X5020000","media":{"large":[{"alt":"Even Better Glow Makeup SPF 15 Fondöten","height":1200,"position":1,"src":"/media/export/cms/products/1200x1500/cl_sku_K1X502_1200x1500_0.png","type":"image","width":1500}],"medium":[{"alt":"Even Better Glow Makeup SPF 15 Fondöten","height":600,"position":2,"src":"/media/export/cms/products/600x750/cl_sku_K1X502_600x750_0.png","type":"image","width":750}],"model":null,"poster":null,"small":[{"alt":"Even Better Glow Makeup SPF 15 Fondöten","height":1200,"position":3,"src":"/media/export/cms/products/1200x1500/cl_sku_K1X502_1200x1500_0.png","type":"image","width":1500}],"smoosh":[{"alt":"Even Better Glow Makeup SPF 15 Fondöten","height":1200,"position":0,"src":"/media/export/cms/products/1200x1500/swatches_v3/06_ns_ng.png","type":"image","width":1500}],"xl":null},"out_of_stock_threshold":null,"perlgem":{"SKU_BASE_ID":85644},"preorder_date":null,"prices":[{"currency":"TRY","exclude_tax":{"original_price":285,"original_price_formatted":"285.00 TL","price":285,"price_formatted":"285.00 TL","price_per_unit":null,"price_per_unit_formatted":""},"include_tax":{"original_price":285,"original_price_formatted":"285.00 TL","price":285,"price_formatted":"285.00 TL","price_per_unit":null,"price_per_unit_formatted":""},"is_discounted":false}],"purchase_limit":null,"replenishment":{"message":null},"reviews":{"average_rating":null,"number_of_questions":null,"number_of_reviews":null},"set_components":null,"shade_groups":null,"shades":[{"description":"","hex_val":"#E5AF84","image":{"height":null,"src":"","width":null},"name":"CN 20 Fair","smoosh_design":{"group_id":null,"name":"06::none::none"}}],"sizes":[{"key":1,"value":"30ml"}],"skin":{"tone":null,"type":null,"type_description":null},"sku_badge":null,"sku_badge_image":null,"sku_display_order":0,"sku_id":"K1X502","sku_promo_messaging":null,"sku_type":"SE","sku_url":null,"tags":{"total":10,"items":[{"id":"1599","key":"fondöten","value":"FONDÖTEN"},{"id":"1575","key":"en-çok-satanlar","value":"En Çok Satanlar"},{"id":"13562","key":"yeni̇-yil-makyaj","value":"YENİ YIL MAKYAJ"},{"id":"11265","key":"makyaj-baz-sabi̇tleyi̇ci̇ler","value":"MAKYAJ BAZ & SABİTLEYİCİLER"},{"id":"9425","key":"top-rated-makeup","value":"top rated makeup"},{"id":"16370","key":"online-özel","value":"Online Özel"},{"id":"17859","key":"çok-satanlar","value":"ÇOK SATANLAR"},{"id":"1592","key":"makyaj","value":"MAKYAJ"},{"id":"4323","key":"yeni̇-ürünler","value":"YENİ ÜRÜNLER"},{"id":"9420","key":"hotlists","value":"hotlists"}]},"texture":null,"undertone":null,"unit_of_measure":null,"unit_size":null,"unit_size_formatted":null,"upc":"020714873721","vto":{"is_color_experience":null,"is_foundation_experience":null}},{"color_family":null,"coverage_options":null,"cross_sell":null,"display_status":7,"finish":null,"finish_options":null,"fragrances":[{"family":null,"key":null,"value":null}],"iln_listing":null,"iln_version_number":null,"inventory_status":"Active","is_active":true,"is_coming_soon":null,"is_default_sku":false,"is_discountable":true,"is_displayable":null,"is_engravable":null,"is_fragrance":null,"is_giftable":null,"is_giftwrap":false,"is_inactive":null,"is_multi_shaded":null,"is_out_of_stock":null,"is_preorder":false,"is_preorderable":null,"is_promotional":null,"is_replenishable":false,"is_search_suppressed":null,"is_searchable":true,"is_shaded":null,"is_sized":null,"is_sold_out":null,"is_under_weight_hazmat":false,"is_vto_enabled":null,"life_of_product":"Basic Reorder","material_code":"K1X5220000","media":{"large":[{"alt":"Even Better Glow Makeup SPF 15 Fondöten","height":1200,"position":1,"src":"/media/export/cms/products/1200x1500/cl_sku_K1X522_1200x1500_0.png","type":"image","width":1500}],"medium":[{"alt":"Even Better Glow Makeup SPF 15 Fondöten","height":600,"position":2,"src":"/media/export/cms/products/600x750/cl_sku_K1X522_600x750_0.png","type":"image","width":750}],"model":null,"poster":null,"small":[{"alt":"Even Better Glow Makeup SPF 15 Fondöten","height":1200,"position":3,"src":"/media/export/cms/products/1200x1500/cl_sku_K1X522_1200x1500_0.png","type":"image","width":1500}],"smoosh":[{"alt":"Even Better Glow Makeup SPF 15 Fondöten","height":1200,"position":0,"src":"/media/export/cms/products/1200x1500/swatches_v3/06_ns_ng.png","type":"image","width":1500}],"xl":null},"out_of_stock_threshold":null,"perlgem":{"SKU_BASE_ID":85710},"preorder_date":null,"prices":[{"currency":"TRY","exclude_tax":{"original_price":285,"original_price_formatted":"285.00 TL","price":285,"price_formatted":"285.00 TL","price_per_unit":null,"price_per_unit_formatted":""},"include_tax":{"original_price":285,"original_price_formatted":"285.00 TL","price":285,"price_formatted":"285.00 TL","price_per_unit":null,"price_per_unit_formatted":""},"is_discounted":false}],"purchase_limit":null,"replenishment":{"message":null},"reviews":{"average_rating":null,"number_of_questions":null,"number_of_reviews":null},"set_components":null,"shade_groups":null,"shades":[{"description":"","hex_val":"#E8AE76","image":{"height":null,"src":"","width":null},"name":"WN 12 Meringue","smoosh_design":{"group_id":null,"name":"06::none::none"}}],"sizes":[{"key":1,"value":"30 ml"}],"skin":{"tone":null,"type":null,"type_description":null},"sku_badge":null,"sku_badge_image":null,"sku_display_order":1,"sku_id":"K1X522","sku_promo_messaging":null,"sku_type":"SE","sku_url":null,"tags":{"total":6,"items":[{"id":"1599","key":"fondöten","value":"FONDÖTEN"},{"id":"9425","key":"top-rated-makeup","value":"top rated makeup"},{"id":"24180","key":"tamamlayici-ürünler","value":"TAMAMLAYICI ÜRÜNLER"},{"id":"17859","key":"çok-satanlar","value":"ÇOK SATANLAR"},{"id":"1592","key":"makyaj","value":"MAKYAJ"},{"id":"9420","key":"hotlists","value":"hotlists"}]},"texture":null,"undertone":null,"unit_of_measure":null,"unit_size":null,"unit_size_formatted":null,"upc":"020714873929","vto":{"is_color_experience":null,"is_foundation_experience":null}}]},"sub_display_name":null,"sub_header":null,"tags":{"total":15,"items":[{"id":"13701","key":"online-exclusives","parent_tag_id":"9420","product_display_order":0,"value":"Online Exclusives"},{"id":"9427","key":"whatsnew","parent_tag_id":"9420","product_display_order":0,"value":"what'snew"},{"id":"1599","key":"fondöten","parent_tag_id":"1592","product_display_order":2,"value":"FONDÖTEN"},{"id":"1590","key":"i̇ndi̇ri̇mli̇-ürünler","parent_tag_id":null,"product_display_order":0,"value":"İNDİRİMLİ ÜRÜNLER"},{"id":"1575","key":"en-çok-satanlar","parent_tag_id":null,"product_display_order":18,"value":"En Çok Satanlar"},{"id":"13562","key":"yeni̇-yil-makyaj","parent_tag_id":"13561","product_display_order":0,"value":"YENİ YIL MAKYAJ"},{"id":"11265","key":"makyaj-baz-sabi̇tleyi̇ci̇ler","parent_tag_id":"1592","product_display_order":0,"value":"MAKYAJ BAZ & SABİTLEYİCİLER"},{"id":"9425","key":"top-rated-makeup","parent_tag_id":"9420","product_display_order":0,"value":"top rated makeup"},{"id":"24180","key":"tamamlayici-ürünler","parent_tag_id":"1667","product_display_order":0,"value":"TAMAMLAYICI ÜRÜNLER"},{"id":"16370","key":"online-özel","parent_tag_id":null,"product_display_order":0,"value":"Online Özel"},{"id":"17859","key":"çok-satanlar","parent_tag_id":null,"product_display_order":47,"value":"ÇOK SATANLAR"},{"id":"12537","key":"çok-satan-makyaj-ürünleri̇","parent_tag_id":"1592","product_display_order":0,"value":"ÇOK SATAN MAKYAJ ÜRÜNLERİ"},{"id":"1592","key":"makyaj","parent_tag_id":null,"product_display_order":73,"value":"MAKYAJ"},{"id":"4323","key":"yeni̇-ürünler","parent_tag_id":null,"product_display_order":150,"value":"YENİ ÜRÜNLER"},{"id":"9420","key":"hotlists","parent_tag_id":null,"product_display_order":0,"value":"hotlists"}]},"usage":[{"content":"<P>Elinize küçük bir miktar ürünü alın, yüzününüzün merkezinden çevresine doğru parmak uçlarınızla&nbsp;uygulayınız.</P>","label":"PRODUCT USAGE","type":"product_usage"},{"content":null,"label":"HOW DOES IT WORK","type":"how_does_it_work"},{"content":null,"label":"WHO IT IS FOR","type":"who_it_is_for"},{"content":null,"label":"GREAT TO KNOW","type":"great_to_know"},{"content":null,"label":"WHAT_IT_DOES","type":"what_it_does"},{"content":"<STYLE type=text/css>@font-face {font-family: Cambria Math;}@font-face {font-family: Segoe UI;}@page WordSection1 {size: 612.0pt 792.0pt; margin: 70.85pt 70.85pt 70.85pt 70.85pt; }P.MsoNormal {FONT-SIZE: 11pt; FONT-FAMILY: \"Calibri\",sans-serif; MARGIN: 0cm 0cm 8pt; LINE-HEIGHT: 107%}LI.MsoNormal {FONT-SIZE: 11pt; FONT-FAMILY: \"Calibri\",sans-serif; MARGIN: 0cm 0cm 8pt; LINE-HEIGHT: 107%}DIV.MsoNormal {FONT-SIZE: 11pt; FONT-FAMILY: \"Calibri\",sans-serif; MARGIN: 0cm 0cm 8pt; LINE-HEIGHT: 107%}.MsoChpDefault {FONT-FAMILY: \"Calibri\",sans-serif}.MsoPapDefault {MARGIN-BOTTOM: 8pt; LINE-HEIGHT: 107%}DIV.WordSection1 {page: WordSection1}</STYLE><P>Even Better Glow&nbsp;Fondöten SPF 15. </P><P>İçerdiği pigmentler ile cildinizin nemlenmesine ve ışıltılı bir görünüme kavuşmasına yardımcı olur. C vitamininin ışıltı veren içeriği ile cildiniz besler, makyajsızken bile ! SPF 15&nbsp; ile cildiniz korunmasına yardımcı olur.</P><DIV class=WordSection1><P class=MsoNormal style=\"MARGIN: 2pt 0cm; LINE-HEIGHT: normal; TEXT-AUTOSPACE: \">&nbsp;</P></DIV>","label":"WHAT_IT_IS","type":"what_it_is"}],"objectID":"52574"},{"benefit":{"statement":null,"benefits":null},"brand":null,"collection":null,"coverage":null,"cross_sell":[{"sku_id":null,"sort_key":1},{"sku_id":"6F0K01","sort_key":2},{"sku_id":"645J01","sort_key":3},{"sku_id":"749K01","sort_key":4},{"sku_id":"68A001","sort_key":5},{"sku_id":"62A401","sort_key":6}],"default_category":{"id":"1593","key":"allik"},"description":"<b>Nedir?</b><br>İpeksi formül, doğal bir görünüm için yanaklarda eşit olarak yayılır. Yanaklarınızda taze, canlı bir görünüm için özel olarak tasarlanmış fırçası ile uygulama yapabilirsiniz.  Uzun süre etkili, doğal tonlar. Yağsızdır.","display_mode":null,"display_name":"Blushing Blush Allık","display_status":7,"finish":null,"form":null,"formula_type":null,"fragrance_family":null,"indexable_keywords":[{"value":"allık"},{"value":" yüz"},{"value":" renk"},{"value":" ruj"}],"is_hazmat":false,"is_product_coming_soon":null,"is_product_displayable":true,"is_product_searchable":true,"is_product_shoppable":true,"is_product_sold_out":null,"is_product_temporarily_out_of_stock":null,"is_search_suppressed":null,"key_ingredient":null,"media":{"large":null,"medium":null,"poster":null,"small":null,"videos":[{"position":null,"poster":{"height":null,"src":null,"width":null},"provider":null,"src":null},{"position":null,"poster":{"height":null,"src":null,"width":null},"provider":null,"src":null},{"position":null,"poster":{"height":null,"src":null,"width":null},"provider":null,"src":null}],"xl":null},"meta":{"description":null,"keywords":"cheek, face, color, rouge"},"parent_category":[{"id":"1593","value":"ALLIK"},{"id":"1592","value":"MAKYAJ"}],"product_badge":null,"product_id":"5265","product_title_tag":null,"product_type":"Shaded","product_url":"/product/1593/5265/makyaj/allik/blushing-blush-allk","reviews":{"average_rating":5,"number_of_questions":null,"number_of_reviews":8},"shade_groups":null,"short_description":"Yanaklarınızda taze, canlı bir görünüm için özel olarak tasarlanmış fırçası ile uygulama yapabilirsiniz.  Uzun süre etkili, doğal tonlar. Yağsızdır.","skin":null,"skin_goal":null,"skus":{"total":4,"items":[{"color_family":null,"coverage_options":null,"cross_sell":null,"display_status":7,"finish":null,"finish_options":null,"fragrances":[{"family":null,"key":null,"value":null}],"iln_listing":null,"iln_version_number":null,"inventory_status":"Active","is_active":true,"is_coming_soon":null,"is_default_sku":false,"is_discountable":true,"is_displayable":null,"is_engravable":null,"is_fragrance":null,"is_giftable":null,"is_giftwrap":false,"is_inactive":null,"is_multi_shaded":null,"is_out_of_stock":null,"is_preorder":false,"is_preorderable":null,"is_promotional":null,"is_replenishable":false,"is_search_suppressed":null,"is_searchable":true,"is_shaded":null,"is_sized":null,"is_sold_out":null,"is_under_weight_hazmat":false,"is_vto_enabled":null,"life_of_product":"Basic Reorder","material_code":"6FLK200001","media":{"large":[{"alt":"Blushing Blush Allık","height":1200,"position":1,"src":"/media/export/cms/products/1200x1500/cl_sku_6FLK20_1200x1500_0.png","type":"image","width":1500}],"medium":[{"alt":"Blushing Blush Allık","height":600,"position":2,"src":"/media/export/cms/products/600x750/cl_sku_6FLK20_600x750_0.png","type":"image","width":750}],"model":null,"poster":null,"small":[{"alt":"Blushing Blush Allık","height":1200,"position":3,"src":"/media/export/cms/products/1200x1500/cl_sku_6FLK20_1200x1500_0.png","type":"image","width":1500}],"smoosh":[{"alt":"Blushing Blush Allık","height":1200,"position":0,"src":"/media/export/cms/products/1200x1500/swatches_v3/02_ns_ng.png","type":"image","width":1500}],"xl":null},"out_of_stock_threshold":null,"perlgem":{"SKU_BASE_ID":15841},"preorder_date":null,"prices":[{"currency":"TRY","exclude_tax":{"original_price":290,"original_price_formatted":"290.00 TL","price":290,"price_formatted":"290.00 TL","price_per_unit":null,"price_per_unit_formatted":""},"include_tax":{"original_price":290,"original_price_formatted":"290.00 TL","price":290,"price_formatted":"290.00 TL","price_per_unit":null,"price_per_unit_formatted":""},"is_discounted":false}],"purchase_limit":null,"replenishment":{"message":null},"reviews":{"average_rating":null,"number_of_questions":null,"number_of_reviews":null},"set_components":null,"shade_groups":null,"shades":[{"description":"","hex_val":"#e88d7e","image":{"height":null,"src":"","width":null},"name":"Bashful Blush","smoosh_design":{"group_id":null,"name":"02::none::none"}}],"sizes":[{"key":1,"value":"6 g"}],"skin":{"tone":null,"type":null,"type_description":null},"sku_badge":null,"sku_badge_image":null,"sku_display_order":0,"sku_id":"6FLK20","sku_promo_messaging":null,"sku_type":"SE","sku_url":null,"tags":{"total":3,"items":[{"id":"1592","key":"makyaj","value":"MAKYAJ"},{"id":"1593","key":"allik","value":"ALLIK"},{"id":"13562","key":"yeni̇-yil-makyaj","value":"YENİ YIL MAKYAJ"}]},"texture":null,"undertone":null,"unit_of_measure":null,"unit_size":null,"unit_size_formatted":null,"upc":"020714251055","vto":{"is_color_experience":null,"is_foundation_experience":null}},{"color_family":null,"coverage_options":null,"cross_sell":null,"display_status":7,"finish":null,"finish_options":null,"fragrances":[{"family":null,"key":null,"value":null}],"iln_listing":null,"iln_version_number":null,"inventory_status":"Active","is_active":true,"is_coming_soon":null,"is_default_sku":false,"is_discountable":true,"is_displayable":null,"is_engravable":null,"is_fragrance":null,"is_giftable":null,"is_giftwrap":false,"is_inactive":null,"is_multi_shaded":null,"is_out_of_stock":null,"is_preorder":false,"is_preorderable":null,"is_promotional":null,"is_replenishable":false,"is_search_suppressed":null,"is_searchable":true,"is_shaded":null,"is_sized":null,"is_sold_out":null,"is_under_weight_hazmat":false,"is_vto_enabled":null,"life_of_product":"Basic Reorder","material_code":"6FLK010001","media":{"large":[{"alt":"Blushing Blush Allık","height":1200,"position":1,"src":"/media/export/cms/products/1200x1500/cl_sku_6FLK01_1200x1500_0.png","type":"image","width":1500}],"medium":[{"alt":"Blushing Blush Allık","height":600,"position":2,"src":"/media/export/cms/products/600x750/cl_sku_6FLK01_600x750_0.png","type":"image","width":750}],"model":null,"poster":null,"small":[{"alt":"Blushing Blush Allık","height":1200,"position":3,"src":"/media/export/cms/products/1200x1500/cl_sku_6FLK01_1200x1500_0.png","type":"image","width":1500}],"smoosh":[{"alt":"Blushing Blush Allık","height":1200,"position":0,"src":"/media/export/cms/products/1200x1500/swatches_v3/33_ns_ng.png","type":"image","width":1500}],"xl":null},"out_of_stock_threshold":null,"perlgem":{"SKU_BASE_ID":13414},"preorder_date":null,"prices":[{"currency":"TRY","exclude_tax":{"original_price":290,"original_price_formatted":"290.00 TL","price":290,"price_formatted":"290.00 TL","price_per_unit":null,"price_per_unit_formatted":""},"include_tax":{"original_price":290,"original_price_formatted":"290.00 TL","price":290,"price_formatted":"290.00 TL","price_per_unit":null,"price_per_unit_formatted":""},"is_discounted":false}],"purchase_limit":null,"replenishment":{"message":"Never run low on your favourites. Sign up for Auto-Ship. Learn more >"},"reviews":{"average_rating":null,"number_of_questions":null,"number_of_reviews":null},"set_components":null,"shade_groups":null,"shades":[{"description":"altın ışıltılı bakıra bakan şeftali","hex_val":"#c0705d","image":{"height":null,"src":"","width":null},"name":"Aglow","smoosh_design":{"group_id":null,"name":"33::none::none"}}],"sizes":[{"key":1,"value":"6 g"}],"skin":{"tone":null,"type":null,"type_description":null},"sku_badge":null,"sku_badge_image":null,"sku_display_order":2,"sku_id":"6FLK01","sku_promo_messaging":null,"sku_type":"SE","sku_url":null,"tags":{"total":5,"items":[{"id":"1592","key":"makyaj","value":"MAKYAJ"},{"id":"1575","key":"en-çok-satanlar","value":"En Çok Satanlar"},{"id":"10589","key":"offers-lp","value":"Offers LP"},{"id":"1593","key":"allik","value":"ALLIK"},{"id":"13562","key":"yeni̇-yil-makyaj","value":"YENİ YIL MAKYAJ"}]},"texture":null,"undertone":null,"unit_of_measure":null,"unit_size":null,"unit_size_formatted":null,"upc":"020714235819","vto":{"is_color_experience":null,"is_foundation_experience":null}},{"color_family":null,"coverage_options":null,"cross_sell":null,"display_status":7,"finish":null,"finish_options":null,"fragrances":[{"family":null,"key":null,"value":null}],"iln_listing":null,"iln_version_number":null,"inventory_status":"Active","is_active":true,"is_coming_soon":null,"is_default_sku":false,"is_discountable":true,"is_displayable":null,"is_engravable":null,"is_fragrance":null,"is_giftable":null,"is_giftwrap":false,"is_inactive":null,"is_multi_shaded":null,"is_out_of_stock":null,"is_preorder":false,"is_preorderable":null,"is_promotional":null,"is_replenishable":false,"is_search_suppressed":null,"is_searchable":true,"is_shaded":null,"is_sized":null,"is_sold_out":null,"is_under_weight_hazmat":false,"is_vto_enabled":null,"life_of_product":"Basic Reorder","material_code":"6FLK070001","media":{"large":[{"alt":"Blushing Blush Allık","height":1200,"position":1,"src":"/media/export/cms/products/1200x1500/cl_sku_6FLK07_1200x1500_0.png","type":"image","width":1500}],"medium":[{"alt":"Blushing Blush Allık","height":600,"position":2,"src":"/media/export/cms/products/600x750/cl_sku_6FLK07_600x750_0.png","type":"image","width":750}],"model":null,"poster":null,"small":[{"alt":"Blushing Blush Allık","height":1200,"position":3,"src":"/media/export/cms/products/1200x1500/cl_sku_6FLK07_1200x1500_0.png","type":"image","width":1500}],"smoosh":[{"alt":"Blushing Blush Allık","height":1200,"position":0,"src":"/media/export/cms/products/1200x1500/swatches_v3/33_ns_ng.png","type":"image","width":1500}],"xl":null},"out_of_stock_threshold":null,"perlgem":{"SKU_BASE_ID":13417},"preorder_date":null,"prices":[{"currency":"TRY","exclude_tax":{"original_price":290,"original_price_formatted":"290.00 TL","price":290,"price_formatted":"290.00 TL","price_per_unit":null,"price_per_unit_formatted":""},"include_tax":{"original_price":290,"original_price_formatted":"290.00 TL","price":290,"price_formatted":"290.00 TL","price_per_unit":null,"price_per_unit_formatted":""},"is_discounted":false}],"purchase_limit":null,"replenishment":{"message":"Never run low on your favourites. Sign up for Auto-Ship. Learn more >"},"reviews":{"average_rating":null,"number_of_questions":null,"number_of_reviews":null},"set_components":null,"shade_groups":null,"shades":[{"description":"kırmızımsı bronze","hex_val":"#e98c86","image":{"height":null,"src":"","width":null},"name":"Sunset Glow","smoosh_design":{"group_id":null,"name":"33::none::none"}}],"sizes":[{"key":1,"value":"6 g"}],"skin":{"tone":null,"type":null,"type_description":null},"sku_badge":null,"sku_badge_image":null,"sku_display_order":3,"sku_id":"6FLK07","sku_promo_messaging":null,"sku_type":"SE","sku_url":null,"tags":{"total":6,"items":[{"id":"27171","key":"day4flashsale","value":"Day4FlashSale"},{"id":"27172","key":"day5flashsale","value":"Day5FlashSale"},{"id":"10589","key":"offers-lp","value":"Offers LP"},{"id":"1593","key":"allik","value":"ALLIK"},{"id":"27174","key":"day7flashsale","value":"Day7FlashSale"},{"id":"13562","key":"yeni̇-yil-makyaj","value":"YENİ YIL MAKYAJ"}]},"texture":null,"undertone":null,"unit_of_measure":null,"unit_size":null,"unit_size_formatted":null,"upc":"020714235871","vto":{"is_color_experience":null,"is_foundation_experience":null}},{"color_family":null,"coverage_options":null,"cross_sell":null,"display_status":7,"finish":null,"finish_options":null,"fragrances":[{"family":null,"key":null,"value":null}],"iln_listing":null,"iln_version_number":null,"inventory_status":"Active","is_active":true,"is_coming_soon":null,"is_default_sku":false,"is_discountable":true,"is_displayable":null,"is_engravable":null,"is_fragrance":null,"is_giftable":null,"is_giftwrap":false,"is_inactive":null,"is_multi_shaded":null,"is_out_of_stock":null,"is_preorder":false,"is_preorderable":null,"is_promotional":null,"is_replenishable":false,"is_search_suppressed":null,"is_searchable":true,"is_shaded":null,"is_sized":null,"is_sold_out":null,"is_under_weight_hazmat":false,"is_vto_enabled":null,"life_of_product":"Basic Reorder","material_code":"6FLK100001","media":{"large":[{"alt":"Blushing Blush Allık","height":1200,"position":1,"src":"/media/export/cms/products/1200x1500/cl_sku_6FLK10_1200x1500_0.png","type":"image","width":1500}],"medium":[{"alt":"Blushing Blush Allık","height":600,"position":2,"src":"/media/export/cms/products/600x750/cl_sku_6FLK10_600x750_0.png","type":"image","width":750}],"model":null,"poster":null,"small":[{"alt":"Blushing Blush Allık","height":1200,"position":3,"src":"/media/export/cms/products/1200x1500/cl_sku_6FLK10_1200x1500_0.png","type":"image","width":1500}],"smoosh":[{"alt":"Blushing Blush Allık","height":1200,"position":0,"src":"/media/export/cms/products/1200x1500/swatches_v3/33_ns_ng.png","type":"image","width":1500}],"xl":null},"out_of_stock_threshold":null,"perlgem":{"SKU_BASE_ID":13419},"preorder_date":null,"prices":[{"currency":"TRY","exclude_tax":{"original_price":290,"original_price_formatted":"290.00 TL","price":290,"price_formatted":"290.00 TL","price_per_unit":null,"price_per_unit_formatted":""},"include_tax":{"original_price":290,"original_price_formatted":"290.00 TL","price":290,"price_formatted":"290.00 TL","price_per_unit":null,"price_per_unit_formatted":""},"is_discounted":false}],"purchase_limit":null,"replenishment":{"message":"Never run low on your favourites. Sign up for Auto-Ship. Learn more >"},"reviews":{"average_rating":null,"number_of_questions":null,"number_of_reviews":null},"set_components":null,"shade_groups":null,"shades":[{"description":"altın ışıltılı hareketli şeftali pembe","hex_val":"#f59494","image":{"height":null,"src":"","width":null},"name":"Precious Posy","smoosh_design":{"group_id":null,"name":"33::none::none"}}],"sizes":[{"key":1,"value":"6 g"}],"skin":{"tone":null,"type":null,"type_description":null},"sku_badge":null,"sku_badge_image":null,"sku_display_order":6,"sku_id":"6FLK10","sku_promo_messaging":null,"sku_type":"SE","sku_url":null,"tags":{"total":6,"items":[{"id":"27171","key":"day4flashsale","value":"Day4FlashSale"},{"id":"27172","key":"day5flashsale","value":"Day5FlashSale"},{"id":"1592","key":"makyaj","value":"MAKYAJ"},{"id":"10589","key":"offers-lp","value":"Offers LP"},{"id":"1593","key":"allik","value":"ALLIK"},{"id":"13562","key":"yeni̇-yil-makyaj","value":"YENİ YIL MAKYAJ"}]},"texture":null,"undertone":null,"unit_of_measure":null,"unit_size":null,"unit_size_formatted":null,"upc":"020714235901","vto":{"is_color_experience":null,"is_foundation_experience":null}}]},"sub_display_name":null,"sub_header":null,"tags":{"total":8,"items":[{"id":"27171","key":"day4flashsale","parent_tag_id":"1590","product_display_order":0,"value":"Day4FlashSale"},{"id":"27172","key":"day5flashsale","parent_tag_id":"1590","product_display_order":114,"value":"Day5FlashSale"},{"id":"1592","key":"makyaj","parent_tag_id":null,"product_display_order":91,"value":"MAKYAJ"},{"id":"1575","key":"en-çok-satanlar","parent_tag_id":null,"product_display_order":118,"value":"En Çok Satanlar"},{"id":"10589","key":"offers-lp","parent_tag_id":null,"product_display_order":1,"value":"Offers LP"},{"id":"1593","key":"allik","parent_tag_id":"1592","product_display_order":4,"value":"ALLIK"},{"id":"27174","key":"day7flashsale","parent_tag_id":"1590","product_display_order":0,"value":"Day7FlashSale"},{"id":"13562","key":"yeni̇-yil-makyaj","parent_tag_id":"13561","product_display_order":0,"value":"YENİ YIL MAKYAJ"}]},"usage":[{"content":"<ul><li>Allık fırçası veya içerdiği özel tasarlanmış fırçası ile uygulayınız.</li><li>Yanaklarınıza, elmacık kemiğiniz boyunca uygulayabilirsiniz. </li></ul>","label":"PRODUCT USAGE","type":"product_usage"},{"content":null,"label":"HOW DOES IT WORK","type":"how_does_it_work"},{"content":null,"label":"WHO IT IS FOR","type":"who_it_is_for"},{"content":null,"label":"GREAT TO KNOW","type":"great_to_know"},{"content":null,"label":"WHAT_IT_DOES","type":"what_it_does"},{"content":"İpeksi formül, doğal bir görünüm için yanaklarda eşit olarak yayılır. Yanaklarınızda taze, canlı bir görünüm için özel olarak tasarlanmış fırçası ile uygulama yapabilirsiniz. Uzun süre etkili, doğal tonlar. Yağsızdır.","label":"WHAT_IT_IS","type":"what_it_is"}],"objectID":"5265"},{"benefit":{"statement":null,"benefits":null},"brand":null,"collection":[{"key":"even-better-collection","value":"even_better_collection"}],"coverage":[{"key":"medium-coverage","value":"medium_coverage"}],"cross_sell":[{"sku_id":"645J01","sort_key":1},{"sku_id":"62A401","sort_key":2},{"sku_id":"7K2X01","sort_key":3},{"sku_id":null,"sort_key":4},{"sku_id":"68A001","sort_key":5},{"sku_id":"6F3701","sort_key":6}],"default_category":{"id":"1599","key":"fondöten"},"description":"<b> Kim İçindir? </b><br><b> Yağlı/Karma Ciltler için Uygundur. <br><br><b> Nedir? </b><br> Dermatologlar tarafından geliştirilmiş formülü ile her kullanımda cilt lekelerine, renk eşitsizlikliklerini gidermeye yardımcıdır. Kremsi formülü ile doğal bir görünüm. <br><br><b> Ne işe yarar? </b><br> Orta kapatıcılıktaki fondöten, anında cilt tonunu eşitler. C vitamini ve antioksidan içeren formülü sayesinde sürekli olarak siyah noktaların, yaşlılık lekelerinin ve sivilce izlerinin görünümünü azaltmaya yardımcı olur. daha parlak ve eşit bir cilt görünümü verir. SPF 15  içeren geniş renk skalası ileride oluşacak olan güneş lekelerine karşı koruma sağlar. Artık makyajınız dağılmasın diye sabitlemenize gerek yok. Ter, nem ve suya karşı dayanıklı geliştirildi. <br><br>1 fl. oz. / 30 ml","display_mode":null,"display_name":"Even Better Fondöten SPF 15","display_status":7,"finish":[{"key":"natural-finish","value":"natural_finish"}],"form":[{"key":"liquid-form","value":"liquid_form"}],"formula_type":null,"fragrance_family":null,"indexable_keywords":null,"is_hazmat":false,"is_product_coming_soon":null,"is_product_displayable":true,"is_product_searchable":true,"is_product_shoppable":true,"is_product_sold_out":null,"is_product_temporarily_out_of_stock":null,"is_search_suppressed":null,"key_ingredient":null,"media":{"large":[{"alt":"Even Better Fondöten SPF 15","height":1200,"position":0,"src":"/media/export/cms/products/1200x1500/cl_prod_5276_1200x1500_0.png","type":"image","width":1500},{"alt":"Even Better Fondöten SPF 15","height":1200,"position":1,"src":"/media/export/cms/products/1200x1500/cl_prod_5276_1200x1500_1.png","type":"image","width":1500}],"medium":null,"poster":null,"small":[{"alt":"Even Better Fondöten SPF 15","height":1200,"position":2,"src":"/media/export/cms/products/1200x1500/cl_prod_5276_1200x1500_0.png","type":"image","width":1500},{"alt":"Even Better Fondöten SPF 15","height":1200,"position":3,"src":"/media/export/cms/products/1200x1500/cl_prod_5276_1200x1500_1.png","type":"image","width":1500}],"videos":[{"position":null,"poster":{"height":null,"src":null,"width":null},"provider":"YouTube","src":null},{"position":null,"poster":{"height":null,"src":null,"width":null},"provider":"YouTube","src":null},{"position":null,"poster":{"height":null,"src":null,"width":null},"provider":"YouTube","src":null}],"xl":null},"meta":{"description":null,"keywords":"brightening, brightening makeup, dark spot makeup, dark spot, spot, sun spot, age spots,  power couple, fund, manchas"},"parent_category":[{"id":"1599","value":"FONDÖTEN"},{"id":"1592","value":"MAKYAJ"}],"product_badge":null,"product_id":"5276","product_title_tag":null,"product_type":"Shaded","product_url":"/product/1599/5276/makyaj/fondoten/even-better-fondoten-spf-15","reviews":{"average_rating":4.6,"number_of_questions":null,"number_of_reviews":14},"shade_groups":null,"short_description":"Dermatologlar tarafından geliştirilmiş bu fondöten, 12 hafta içerisinde cilt lekelerinde azalma sağlar.","skin":{"concern":[{"key":"dark-spots-concern","value":"dark_spots_concern"},{"key":"spf-concern","value":"spf_concern"},{"key":"unevenskintone-concern","value":"unevenskintone_concern"}]},"skin_goal":null,"skus":{"total":53,"items":[{"color_family":null,"coverage_options":null,"cross_sell":null,"display_status":7,"finish":null,"finish_options":null,"fragrances":[{"family":null,"key":null,"value":null}],"iln_listing":null,"iln_version_number":null,"inventory_status":"Active","is_active":true,"is_coming_soon":null,"is_default_sku":false,"is_discountable":true,"is_displayable":null,"is_engravable":null,"is_fragrance":null,"is_giftable":null,"is_giftwrap":false,"is_inactive":null,"is_multi_shaded":null,"is_out_of_stock":null,"is_preorder":false,"is_preorderable":null,"is_promotional":null,"is_replenishable":true,"is_search_suppressed":null,"is_searchable":true,"is_shaded":null,"is_sized":null,"is_sold_out":null,"is_under_weight_hazmat":false,"is_vto_enabled":null,"life_of_product":"Basic Reorder","material_code":"6MNY150001","media":{"large":[{"alt":"Even Better Fondöten SPF 15","height":1200,"position":1,"src":"/media/export/cms/products/1200x1500/cl_sku_6MNY15_1200x1500_0.png","type":"image","width":1500}],"medium":[{"alt":"Even Better Fondöten SPF 15","height":600,"position":3,"src":"/media/export/cms/products/600x750/cl_sku_6MNY15_600x750_0.png","type":"image","width":750}],"model":[{"alt":"Even Better Fondöten SPF 15","height":null,"position":2,"src":"/media/export/cms/model/M3.jpg","type":"image","width":null}],"poster":null,"small":[{"alt":"Even Better Fondöten SPF 15","height":1200,"position":4,"src":"/media/export/cms/products/1200x1500/cl_sku_6MNY15_1200x1500_0.png","type":"image","width":1500}],"smoosh":[{"alt":"Even Better Fondöten SPF 15","height":1200,"position":0,"src":"/media/export/cms/products/1200x1500/swatches_v3/06_ns_ng.png","type":"image","width":1500}],"xl":null},"out_of_stock_threshold":null,"perlgem":{"SKU_BASE_ID":14131},"preorder_date":null,"prices":[{"currency":"TRY","exclude_tax":{"original_price":265,"original_price_formatted":"265.00 TL","price":265,"price_formatted":"265.00 TL","price_per_unit":null,"price_per_unit_formatted":""},"include_tax":{"original_price":265,"original_price_formatted":"265.00 TL","price":265,"price_formatted":"265.00 TL","price_per_unit":null,"price_per_unit_formatted":""},"is_discounted":false}],"purchase_limit":null,"replenishment":{"message":null},"reviews":{"average_rating":null,"number_of_questions":null,"number_of_reviews":null},"set_components":null,"shade_groups":null,"shades":[{"description":"","hex_val":"#C8874E","image":{"height":null,"src":"","width":null},"name":"WN 98 Cream Caramel","smoosh_design":{"group_id":null,"name":"06::none::none"}}],"sizes":[{"key":1,"value":"1.0 oz/30 ml"}],"skin":{"tone":null,"type":null,"type_description":null},"sku_badge":null,"sku_badge_image":null,"sku_display_order":0,"sku_id":"6MNY15","sku_promo_messaging":null,"sku_type":"SE","sku_url":null,"tags":{"total":2,"items":[{"id":"17859","key":"çok-satanlar","value":"ÇOK SATANLAR"},{"id":"1599","key":"fondöten","value":"FONDÖTEN"}]},"texture":null,"undertone":null,"unit_of_measure":null,"unit_size":null,"unit_size_formatted":null,"upc":"020714324742","vto":{"is_color_experience":null,"is_foundation_experience":null}},{"color_family":[{"key":"very-fair-color","value":"very_fair_color"}],"coverage_options":null,"cross_sell":{"categories":[{"position":0,"sku_id":"KL3P03"},{"position":1,"sku_id":" KL3P07"},{"position":2,"sku_id":" KL3P17"}]},"display_status":7,"finish":[{"key":"natural-finish","value":"natural_finish"}],"finish_options":[{"key":"natural-finish","value":"natural_finish"}],"fragrances":[{"family":null,"key":null,"value":null}],"iln_listing":null,"iln_version_number":null,"inventory_status":"Active","is_active":true,"is_coming_soon":null,"is_default_sku":false,"is_discountable":true,"is_displayable":null,"is_engravable":null,"is_fragrance":null,"is_giftable":null,"is_giftwrap":false,"is_inactive":null,"is_multi_shaded":null,"is_out_of_stock":null,"is_preorder":false,"is_preorderable":null,"is_promotional":null,"is_replenishable":true,"is_search_suppressed":null,"is_searchable":true,"is_shaded":null,"is_sized":null,"is_sold_out":null,"is_under_weight_hazmat":false,"is_vto_enabled":null,"life_of_product":"Basic Reorder","material_code":"6MNY400000","media":{"large":[{"alt":"Even Better Fondöten SPF 15","height":1200,"position":1,"src":"/media/export/cms/products/1200x1500/cl_sku_6MNY40_1200x1500_0.png","type":"image","width":1500}],"medium":[{"alt":"Even Better Fondöten SPF 15","height":600,"position":2,"src":"/media/export/cms/products/600x750/cl_sku_6MNY40_600x750_0.png","type":"image","width":750}],"model":null,"poster":null,"small":[{"alt":"Even Better Fondöten SPF 15","height":1200,"position":3,"src":"/media/export/cms/products/1200x1500/cl_sku_6MNY40_1200x1500_0.png","type":"image","width":1500}],"smoosh":[{"alt":"Even Better Fondöten SPF 15","height":1200,"position":0,"src":"/media/export/cms/products/1200x1500/swatches_v3/41_ns_ng.png","type":"image","width":1500}],"xl":null},"out_of_stock_threshold":null,"perlgem":{"SKU_BASE_ID":95508},"preorder_date":null,"prices":[{"currency":"TRY","exclude_tax":{"original_price":265,"original_price_formatted":"265.00 TL","price":265,"price_formatted":"265.00 TL","price_per_unit":null,"price_per_unit_formatted":""},"include_tax":{"original_price":265,"original_price_formatted":"265.00 TL","price":265,"price_formatted":"265.00 TL","price_per_unit":null,"price_per_unit_formatted":""},"is_discounted":false}],"purchase_limit":null,"replenishment":{"message":null},"reviews":{"average_rating":null,"number_of_questions":null,"number_of_reviews":null},"set_components":null,"shade_groups":null,"shades":[{"description":"","hex_val":"#f3ddcc","image":{"height":null,"src":"","width":null},"name":"CN 0.75 Custard","smoosh_design":{"group_id":null,"name":"41::none::none"}}],"sizes":[{"key":1,"value":"30 ml"}],"skin":{"tone":null,"type":[{"key":"combination-skintype","value":"combination_skintype"},{"key":"dry-skintype","value":"dry_skintype"}],"type_description":null},"sku_badge":null,"sku_badge_image":null,"sku_display_order":2,"sku_id":"6MNY40","sku_promo_messaging":null,"sku_type":"SE","sku_url":null,"tags":{"total":11,"items":[{"id":"27174","key":"day7flashsale","value":"Day7FlashSale"},{"id":"9428","key":"top10","value":"top10"},{"id":"1590","key":"i̇ndi̇ri̇mli̇-ürünler","value":"İNDİRİMLİ ÜRÜNLER"},{"id":"1599","key":"fondöten","value":"FONDÖTEN"},{"id":"12537","key":"çok-satan-makyaj-ürünleri̇","value":"ÇOK SATAN MAKYAJ ÜRÜNLERİ"},{"id":"1592","key":"makyaj","value":"MAKYAJ"},{"id":"8194","key":"en-çok-satan-10","value":"En Çok Satan 10 "},{"id":"27172","key":"day5flashsale","value":"Day5FlashSale"},{"id":"25016","key":"top-sellers","value":"Top Sellers"},{"id":"27171","key":"day4flashsale","value":"Day4FlashSale"},{"id":"1575","key":"en-çok-satanlar","value":"En Çok Satanlar"}]},"texture":null,"undertone":[{"key":"cool-undertone","value":"cool_undertone"}],"unit_of_measure":null,"unit_size":null,"unit_size_formatted":null,"upc":"020714976989","vto":{"is_color_experience":null,"is_foundation_experience":true}},{"color_family":[{"key":"very-fair-color","value":"very_fair_color"}],"coverage_options":null,"cross_sell":{"categories":[{"position":0,"sku_id":"KL3P03"},{"position":1,"sku_id":" KL3P04"},{"position":2,"sku_id":" KL3P23"}]},"display_status":7,"finish":[{"key":"natural-finish","value":"natural_finish"}],"finish_options":[{"key":"natural-finish","value":"natural_finish"}],"fragrances":[{"family":null,"key":null,"value":null}],"iln_listing":null,"iln_version_number":null,"inventory_status":"Active","is_active":true,"is_coming_soon":null,"is_default_sku":false,"is_discountable":true,"is_displayable":null,"is_engravable":null,"is_fragrance":null,"is_giftable":null,"is_giftwrap":false,"is_inactive":null,"is_multi_shaded":null,"is_out_of_stock":null,"is_preorder":false,"is_preorderable":null,"is_promotional":null,"is_replenishable":false,"is_search_suppressed":null,"is_searchable":true,"is_shaded":null,"is_sized":null,"is_sold_out":null,"is_under_weight_hazmat":false,"is_vto_enabled":null,"life_of_product":"Basic Reorder","material_code":"6MNY410000","media":{"large":[{"alt":"Even Better Fondöten SPF 15","height":1200,"position":1,"src":"/media/export/cms/products/1200x1500/cl_sku_6MNY41_1200x1500_0.png","type":"image","width":1500}],"medium":[{"alt":"Even Better Fondöten SPF 15","height":600,"position":2,"src":"/media/export/cms/products/600x750/cl_sku_6MNY41_600x750_0.png","type":"image","width":750}],"model":null,"poster":null,"small":[{"alt":"Even Better Fondöten SPF 15","height":1200,"position":3,"src":"/media/export/cms/products/1200x1500/cl_sku_6MNY41_1200x1500_0.png","type":"image","width":1500}],"smoosh":[{"alt":"Even Better Fondöten SPF 15","height":1200,"position":0,"src":"/media/export/cms/products/1200x1500/swatches_v3/41_ns_ng.png","type":"image","width":1500}],"xl":null},"out_of_stock_threshold":null,"perlgem":{"SKU_BASE_ID":95509},"preorder_date":null,"prices":[{"currency":"TRY","exclude_tax":{"original_price":285,"original_price_formatted":"285.00 TL","price":285,"price_formatted":"285.00 TL","price_per_unit":null,"price_per_unit_formatted":""},"include_tax":{"original_price":285,"original_price_formatted":"285.00 TL","price":285,"price_formatted":"285.00 TL","price_per_unit":null,"price_per_unit_formatted":""},"is_discounted":false}],"purchase_limit":null,"replenishment":{"message":null},"reviews":{"average_rating":null,"number_of_questions":null,"number_of_reviews":null},"set_components":null,"shade_groups":null,"shades":[{"description":"","hex_val":"#ecdccf","image":{"height":null,"src":"","width":null},"name":"WN 01 Flax","smoosh_design":{"group_id":null,"name":"41::none::none"}}],"sizes":[{"key":1,"value":"30 ml"}],"skin":{"tone":null,"type":[{"key":"combination-skintype","value":"combination_skintype"},{"key":"dry-skintype","value":"dry_skintype"}],"type_description":null},"sku_badge":null,"sku_badge_image":null,"sku_display_order":3,"sku_id":"6MNY41","sku_promo_messaging":null,"sku_type":"SE","sku_url":null,"tags":{"total":9,"items":[{"id":"9428","key":"top10","value":"top10"},{"id":"1599","key":"fondöten","value":"FONDÖTEN"},{"id":"12537","key":"çok-satan-makyaj-ürünleri̇","value":"ÇOK SATAN MAKYAJ ÜRÜNLERİ"},{"id":"1592","key":"makyaj","value":"MAKYAJ"},{"id":"8194","key":"en-çok-satan-10","value":"En Çok Satan 10 "},{"id":"27172","key":"day5flashsale","value":"Day5FlashSale"},{"id":"25016","key":"top-sellers","value":"Top Sellers"},{"id":"27171","key":"day4flashsale","value":"Day4FlashSale"},{"id":"1575","key":"en-çok-satanlar","value":"En Çok Satanlar"}]},"texture":null,"undertone":[{"key":"warm-undertone","value":"warm_undertone"}],"unit_of_measure":null,"unit_size":null,"unit_size_formatted":null,"upc":"020714976996","vto":{"is_color_experience":null,"is_foundation_experience":true}},{"color_family":[{"key":"very-fair-color","value":"very_fair_color"}],"coverage_options":null,"cross_sell":{"categories":[{"position":0,"sku_id":"KL3P03"},{"position":1,"sku_id":" KL3P05"},{"position":2,"sku_id":" KL3P23"}]},"display_status":7,"finish":[{"key":"natural-finish","value":"natural_finish"}],"finish_options":[{"key":"natural-finish","value":"natural_finish"}],"fragrances":[{"family":null,"key":null,"value":null}],"iln_listing":null,"iln_version_number":null,"inventory_status":"Active","is_active":true,"is_coming_soon":null,"is_default_sku":false,"is_discountable":true,"is_displayable":null,"is_engravable":null,"is_fragrance":null,"is_giftable":null,"is_giftwrap":false,"is_inactive":null,"is_multi_shaded":null,"is_out_of_stock":null,"is_preorder":false,"is_preorderable":null,"is_promotional":null,"is_replenishable":true,"is_search_suppressed":null,"is_searchable":true,"is_shaded":null,"is_sized":null,"is_sold_out":null,"is_under_weight_hazmat":false,"is_vto_enabled":null,"life_of_product":"Basic Reorder","material_code":"6MNY430000","media":{"large":[{"alt":"Even Better Fondöten SPF 15","height":1200,"position":1,"src":"/media/export/cms/products/1200x1500/cl_sku_6MNY43_1200x1500_0.png","type":"image","width":1500}],"medium":[{"alt":"Even Better Fondöten SPF 15","height":600,"position":2,"src":"/media/export/cms/products/600x750/cl_sku_6MNY43_600x750_0.png","type":"image","width":750}],"model":null,"poster":null,"small":[{"alt":"Even Better Fondöten SPF 15","height":1200,"position":3,"src":"/media/export/cms/products/1200x1500/cl_sku_6MNY43_1200x1500_0.png","type":"image","width":1500}],"smoosh":[{"alt":"Even Better Fondöten SPF 15","height":1200,"position":0,"src":"/media/export/cms/products/1200x1500/swatches_v3/41_ns_ng.png","type":"image","width":1500}],"xl":null},"out_of_stock_threshold":null,"perlgem":{"SKU_BASE_ID":95511},"preorder_date":null,"prices":[{"currency":"TRY","exclude_tax":{"original_price":265,"original_price_formatted":"265.00 TL","price":265,"price_formatted":"265.00 TL","price_per_unit":null,"price_per_unit_formatted":""},"include_tax":{"original_price":265,"original_price_formatted":"265.00 TL","price":265,"price_formatted":"265.00 TL","price_per_unit":null,"price_per_unit_formatted":""},"is_discounted":false}],"purchase_limit":null,"replenishment":{"message":null},"reviews":{"average_rating":null,"number_of_questions":null,"number_of_reviews":null},"set_components":null,"shade_groups":null,"shades":[{"description":"","hex_val":"#f1cfb2","image":{"height":null,"src":"","width":null},"name":"WN 04 Bone","smoosh_design":{"group_id":null,"name":"41::none::none"}}],"sizes":[{"key":1,"value":"30 ml"}],"skin":{"tone":null,"type":[{"key":"combination-skintype","value":"combination_skintype"},{"key":"dry-skintype","value":"dry_skintype"}],"type_description":null},"sku_badge":null,"sku_badge_image":null,"sku_display_order":5,"sku_id":"6MNY43","sku_promo_messaging":null,"sku_type":"SE","sku_url":null,"tags":{"total":10,"items":[{"id":"27174","key":"day7flashsale","value":"Day7FlashSale"},{"id":"9428","key":"top10","value":"top10"},{"id":"1599","key":"fondöten","value":"FONDÖTEN"},{"id":"12537","key":"çok-satan-makyaj-ürünleri̇","value":"ÇOK SATAN MAKYAJ ÜRÜNLERİ"},{"id":"1592","key":"makyaj","value":"MAKYAJ"},{"id":"8194","key":"en-çok-satan-10","value":"En Çok Satan 10 "},{"id":"27172","key":"day5flashsale","value":"Day5FlashSale"},{"id":"25016","key":"top-sellers","value":"Top Sellers"},{"id":"27171","key":"day4flashsale","value":"Day4FlashSale"},{"id":"1575","key":"en-çok-satanlar","value":"En Çok Satanlar"}]},"texture":null,"undertone":[{"key":"warm-undertone","value":"warm_undertone"}],"unit_of_measure":null,"unit_size":null,"unit_size_formatted":null,"upc":"020714977016","vto":{"is_color_experience":null,"is_foundation_experience":true}},{"color_family":[{"key":"very-fair-color","value":"very_fair_color"}],"coverage_options":null,"cross_sell":{"categories":[{"position":0,"sku_id":"KL3P03"},{"position":1,"sku_id":" KL3P07"},{"position":2,"sku_id":" KL3P23"}]},"display_status":7,"finish":[{"key":"natural-finish","value":"natural_finish"}],"finish_options":[{"key":"natural-finish","value":"natural_finish"}],"fragrances":[{"family":null,"key":null,"value":null}],"iln_listing":null,"iln_version_number":null,"inventory_status":"Active","is_active":true,"is_coming_soon":null,"is_default_sku":false,"is_discountable":true,"is_displayable":null,"is_engravable":null,"is_fragrance":null,"is_giftable":null,"is_giftwrap":false,"is_inactive":null,"is_multi_shaded":null,"is_out_of_stock":null,"is_preorder":false,"is_preorderable":null,"is_promotional":null,"is_replenishable":false,"is_search_suppressed":null,"is_searchable":true,"is_shaded":null,"is_sized":null,"is_sold_out":null,"is_under_weight_hazmat":false,"is_vto_enabled":null,"life_of_product":"Basic Reorder","material_code":"6MNY24A000","media":{"large":[{"alt":"Even Better Fondöten SPF 15","height":1200,"position":1,"src":"/media/export/cms/products/1200x1500/cl_sku_6MNY24_1200x1500_0.png","type":"image","width":1500}],"medium":[{"alt":"Even Better Fondöten SPF 15","height":600,"position":3,"src":"/media/export/cms/products/600x750/cl_sku_6MNY24_600x750_0.png","type":"image","width":750}],"model":[{"alt":"Even Better Fondöten SPF 15","height":null,"position":2,"src":"/media/export/cms/model/VF1.jpg","type":"image","width":null}],"poster":null,"small":[{"alt":"Even Better Fondöten SPF 15","height":1200,"position":4,"src":"/media/export/cms/products/1200x1500/cl_sku_6MNY24_1200x1500_0.png","type":"image","width":1500}],"smoosh":[{"alt":"Even Better Fondöten SPF 15","height":1200,"position":0,"src":"/media/export/cms/products/1200x1500/swatches_v3/41_ns_ng.png","type":"image","width":1500}],"xl":null},"out_of_stock_threshold":null,"perlgem":{"SKU_BASE_ID":31798},"preorder_date":null,"prices":[{"currency":"TRY","exclude_tax":{"original_price":285,"original_price_formatted":"285.00 TL","price":285,"price_formatted":"285.00 TL","price_per_unit":null,"price_per_unit_formatted":""},"include_tax":{"original_price":285,"original_price_formatted":"285.00 TL","price":285,"price_formatted":"285.00 TL","price_per_unit":null,"price_per_unit_formatted":""},"is_discounted":false}],"purchase_limit":null,"replenishment":{"message":"Never run low on your favourites. Sign up for Auto-Ship. Learn more >"},"reviews":{"average_rating":null,"number_of_questions":null,"number_of_reviews":null},"set_components":null,"shade_groups":null,"shades":[{"description":"","hex_val":"#F3D6BF","image":{"height":null,"src":"","width":null},"name":"CN 08 Linen","smoosh_design":{"group_id":null,"name":"41::none::none"}}],"sizes":[{"key":1,"value":"30 ml"}],"skin":{"tone":null,"type":[{"key":"combination-skintype","value":"combination_skintype"},{"key":"dry-skintype","value":"dry_skintype"}],"type_description":null},"sku_badge":null,"sku_badge_image":null,"sku_display_order":6,"sku_id":"6MNY24","sku_promo_messaging":null,"sku_type":"SE","sku_url":null,"tags":{"total":20,"items":[{"id":"27174","key":"day7flashsale","value":"Day7FlashSale"},{"id":"24180","key":"tamamlayici-ürünler","value":"TAMAMLAYICI ÜRÜNLER"},{"id":"9428","key":"top10","value":"top10"},{"id":"1590","key":"i̇ndi̇ri̇mli̇-ürünler","value":"İNDİRİMLİ ÜRÜNLER"},{"id":"17859","key":"çok-satanlar","value":"ÇOK SATANLAR"},{"id":"19400","key":"20-discounted-products","value":"%20 discounted products"},{"id":"1599","key":"fondöten","value":"FONDÖTEN"},{"id":"1693","key":"lekeler","value":"Lekeler"},{"id":"10589","key":"offers-lp","value":"Offers LP"},{"id":"13562","key":"yeni̇-yil-makyaj","value":"YENİ YIL MAKYAJ"},{"id":"12537","key":"çok-satan-makyaj-ürünleri̇","value":"ÇOK SATAN MAKYAJ ÜRÜNLERİ"},{"id":"1592","key":"makyaj","value":"MAKYAJ"},{"id":"8194","key":"en-çok-satan-10","value":"En Çok Satan 10 "},{"id":"9425","key":"top-rated-makeup","value":"top rated makeup"},{"id":"27172","key":"day5flashsale","value":"Day5FlashSale"},{"id":"25016","key":"top-sellers","value":"Top Sellers"},{"id":"9422","key":"socialmediafavs","value":"socialmediafavs"},{"id":"27171","key":"day4flashsale","value":"Day4FlashSale"},{"id":"1575","key":"en-çok-satanlar","value":"En Çok Satanlar"},{"id":"13770","key":"recommended-clinique-favourites","value":"Recommended Clinique Favourites"}]},"texture":null,"undertone":[{"key":"cool-undertone","value":"cool_undertone"}],"unit_of_measure":null,"unit_size":null,"unit_size_formatted":null,"upc":"020714495428","vto":{"is_color_experience":null,"is_foundation_experience":true}},{"color_family":[{"key":"very-fair-color","value":"very_fair_color"}],"coverage_options":null,"cross_sell":{"categories":[{"position":0,"sku_id":"KL3P06"},{"position":1,"sku_id":" KL3P10"},{"position":2,"sku_id":" KL3P23"}]},"display_status":7,"finish":[{"key":"natural-finish","value":"natural_finish"}],"finish_options":[{"key":"natural-finish","value":"natural_finish"}],"fragrances":[{"family":null,"key":null,"value":null}],"iln_listing":null,"iln_version_number":null,"inventory_status":"Active","is_active":true,"is_coming_soon":null,"is_default_sku":false,"is_discountable":true,"is_displayable":null,"is_engravable":null,"is_fragrance":null,"is_giftable":null,"is_giftwrap":false,"is_inactive":null,"is_multi_shaded":null,"is_out_of_stock":null,"is_preorder":false,"is_preorderable":null,"is_promotional":null,"is_replenishable":false,"is_search_suppressed":null,"is_searchable":true,"is_shaded":null,"is_sized":null,"is_sold_out":null,"is_under_weight_hazmat":false,"is_vto_enabled":null,"life_of_product":"Basic Reorder","material_code":"6MNY01A000","media":{"large":[{"alt":"Even Better Fondöten SPF 15","height":1200,"position":1,"src":"/media/export/cms/products/1200x1500/cl_sku_6MNY01_1200x1500_0.png","type":"image","width":1500}],"medium":[{"alt":"Even Better Fondöten SPF 15","height":600,"position":3,"src":"/media/export/cms/products/600x750/cl_sku_6MNY01_600x750_0.png","type":"image","width":750}],"model":[{"alt":"Even Better Fondöten SPF 15","height":null,"position":2,"src":"/media/export/cms/model/VF1.jpg","type":"image","width":null}],"poster":null,"small":[{"alt":"Even Better Fondöten SPF 15","height":1200,"position":4,"src":"/media/export/cms/products/1200x1500/cl_sku_6MNY01_1200x1500_0.png","type":"image","width":1500}],"smoosh":[{"alt":"Even Better Fondöten SPF 15","height":1200,"position":0,"src":"/media/export/cms/products/1200x1500/swatches_v3/41_ns_ng.png","type":"image","width":1500}],"xl":null},"out_of_stock_threshold":null,"perlgem":{"SKU_BASE_ID":14117},"preorder_date":null,"prices":[{"currency":"TRY","exclude_tax":{"original_price":285,"original_price_formatted":"285.00 TL","price":285,"price_formatted":"285.00 TL","price_per_unit":null,"price_per_unit_formatted":""},"include_tax":{"original_price":285,"original_price_formatted":"285.00 TL","price":285,"price_formatted":"285.00 TL","price_per_unit":null,"price_per_unit_formatted":""},"is_discounted":false}],"purchase_limit":null,"replenishment":{"message":"Never run low on your favourites. Sign up for Auto-Ship. Learn more >"},"reviews":{"average_rating":null,"number_of_questions":null,"number_of_reviews":null},"set_components":null,"shade_groups":null,"shades":[{"description":"","hex_val":"#f0c9af","image":{"height":null,"src":"","width":null},"name":"CN 10 Alabaster","smoosh_design":{"group_id":null,"name":"41::none::none"}}],"sizes":[{"key":1,"value":"30 ml"}],"skin":{"tone":null,"type":[{"key":"combination-skintype","value":"combination_skintype"},{"key":"dry-skintype","value":"dry_skintype"}],"type_description":null},"sku_badge":null,"sku_badge_image":null,"sku_display_order":7,"sku_id":"6MNY01","sku_promo_messaging":null,"sku_type":"SE","sku_url":null,"tags":{"total":20,"items":[{"id":"27174","key":"day7flashsale","value":"Day7FlashSale"},{"id":"24180","key":"tamamlayici-ürünler","value":"TAMAMLAYICI ÜRÜNLER"},{"id":"9428","key":"top10","value":"top10"},{"id":"17859","key":"çok-satanlar","value":"ÇOK SATANLAR"},{"id":"19400","key":"20-discounted-products","value":"%20 discounted products"},{"id":"1599","key":"fondöten","value":"FONDÖTEN"},{"id":"1693","key":"lekeler","value":"Lekeler"},{"id":"10589","key":"offers-lp","value":"Offers LP"},{"id":"25565","key":"justarrivednew","value":"justarrivednew"},{"id":"13562","key":"yeni̇-yil-makyaj","value":"YENİ YIL MAKYAJ"},{"id":"12537","key":"çok-satan-makyaj-ürünleri̇","value":"ÇOK SATAN MAKYAJ ÜRÜNLERİ"},{"id":"1592","key":"makyaj","value":"MAKYAJ"},{"id":"8194","key":"en-çok-satan-10","value":"En Çok Satan 10 "},{"id":"9425","key":"top-rated-makeup","value":"top rated makeup"},{"id":"27172","key":"day5flashsale","value":"Day5FlashSale"},{"id":"25016","key":"top-sellers","value":"Top Sellers"},{"id":"9422","key":"socialmediafavs","value":"socialmediafavs"},{"id":"27171","key":"day4flashsale","value":"Day4FlashSale"},{"id":"1575","key":"en-çok-satanlar","value":"En Çok Satanlar"},{"id":"13770","key":"recommended-clinique-favourites","value":"Recommended Clinique Favourites"}]},"texture":null,"undertone":[{"key":"cool-undertone","value":"cool_undertone"}],"unit_of_measure":null,"unit_size":null,"unit_size_formatted":null,"upc":"020714324605","vto":{"is_color_experience":null,"is_foundation_experience":true}},{"color_family":[{"key":"very-fair-color","value":"very_fair_color"}],"coverage_options":null,"cross_sell":{"categories":[{"position":0,"sku_id":"KL3P04"},{"position":1,"sku_id":" KL3P07"},{"position":2,"sku_id":" KL3P23"}]},"display_status":7,"finish":[{"key":"natural-finish","value":"natural_finish"}],"finish_options":[{"key":"natural-finish","value":"natural_finish"}],"fragrances":[{"family":null,"key":null,"value":null}],"iln_listing":null,"iln_version_number":null,"inventory_status":"Active","is_active":true,"is_coming_soon":null,"is_default_sku":false,"is_discountable":true,"is_displayable":null,"is_engravable":null,"is_fragrance":null,"is_giftable":null,"is_giftwrap":false,"is_inactive":null,"is_multi_shaded":null,"is_out_of_stock":null,"is_preorder":false,"is_preorderable":null,"is_promotional":null,"is_replenishable":true,"is_search_suppressed":null,"is_searchable":true,"is_shaded":null,"is_sized":null,"is_sold_out":null,"is_under_weight_hazmat":false,"is_vto_enabled":null,"life_of_product":"Basic Reorder","material_code":"6MNY440000","media":{"large":[{"alt":"Even Better Fondöten SPF 15","height":1200,"position":1,"src":"/media/export/cms/products/1200x1500/cl_sku_6MNY44_1200x1500_0.png","type":"image","width":1500}],"medium":[{"alt":"Even Better Fondöten SPF 15","height":600,"position":2,"src":"/media/export/cms/products/600x750/cl_sku_6MNY44_600x750_0.png","type":"image","width":750}],"model":null,"poster":null,"small":[{"alt":"Even Better Fondöten SPF 15","height":1200,"position":3,"src":"/media/export/cms/products/1200x1500/cl_sku_6MNY44_1200x1500_0.png","type":"image","width":1500}],"smoosh":[{"alt":"Even Better Fondöten SPF 15","height":1200,"position":0,"src":"/media/export/cms/products/1200x1500/swatches_v3/41_ns_ng.png","type":"image","width":1500}],"xl":null},"out_of_stock_threshold":null,"perlgem":{"SKU_BASE_ID":95512},"preorder_date":null,"prices":[{"currency":"TRY","exclude_tax":{"original_price":285,"original_price_formatted":"285.00 TL","price":285,"price_formatted":"285.00 TL","price_per_unit":null,"price_per_unit_formatted":""},"include_tax":{"original_price":285,"original_price_formatted":"285.00 TL","price":285,"price_formatted":"285.00 TL","price_per_unit":null,"price_per_unit_formatted":""},"is_discounted":false}],"purchase_limit":null,"replenishment":{"message":null},"reviews":{"average_rating":null,"number_of_questions":null,"number_of_reviews":null},"set_components":null,"shade_groups":null,"shades":[{"description":"","hex_val":"#e5b88d","image":{"height":null,"src":"","width":null},"name":"WN 12 Meringue","smoosh_design":{"group_id":null,"name":"41::none::none"}}],"sizes":[{"key":1,"value":"30 ml"}],"skin":{"tone":null,"type":[{"key":"combination-skintype","value":"combination_skintype"},{"key":"dry-skintype","value":"dry_skintype"}],"type_description":null},"sku_badge":null,"sku_badge_image":null,"sku_display_order":8,"sku_id":"6MNY44","sku_promo_messaging":null,"sku_type":"SE","sku_url":null,"tags":{"total":10,"items":[{"id":"27174","key":"day7flashsale","value":"Day7FlashSale"},{"id":"9428","key":"top10","value":"top10"},{"id":"1599","key":"fondöten","value":"FONDÖTEN"},{"id":"12537","key":"çok-satan-makyaj-ürünleri̇","value":"ÇOK SATAN MAKYAJ ÜRÜNLERİ"},{"id":"1592","key":"makyaj","value":"MAKYAJ"},{"id":"8194","key":"en-çok-satan-10","value":"En Çok Satan 10 "},{"id":"27172","key":"day5flashsale","value":"Day5FlashSale"},{"id":"25016","key":"top-sellers","value":"Top Sellers"},{"id":"27171","key":"day4flashsale","value":"Day4FlashSale"},{"id":"1575","key":"en-çok-satanlar","value":"En Çok Satanlar"}]},"texture":null,"undertone":[{"key":"warm-undertone","value":"warm_undertone"}],"unit_of_measure":null,"unit_size":null,"unit_size_formatted":null,"upc":"020714977023","vto":{"is_color_experience":null,"is_foundation_experience":true}},{"color_family":[{"key":"very-fair-color","value":"very_fair_color"}],"coverage_options":null,"cross_sell":{"categories":[{"position":0,"sku_id":"KL3P03"},{"position":1,"sku_id":" KL3P04"},{"position":2,"sku_id":" KL3P18"}]},"display_status":7,"finish":[{"key":"natural-finish","value":"natural_finish"}],"finish_options":[{"key":"natural-finish","value":"natural_finish"}],"fragrances":[{"family":null,"key":null,"value":null}],"iln_listing":null,"iln_version_number":null,"inventory_status":"Active","is_active":true,"is_coming_soon":null,"is_default_sku":true,"is_discountable":true,"is_displayable":null,"is_engravable":null,"is_fragrance":null,"is_giftable":null,"is_giftwrap":false,"is_inactive":null,"is_multi_shaded":null,"is_out_of_stock":null,"is_preorder":false,"is_preorderable":null,"is_promotional":null,"is_replenishable":false,"is_search_suppressed":null,"is_searchable":true,"is_shaded":null,"is_sized":null,"is_sold_out":null,"is_under_weight_hazmat":false,"is_vto_enabled":null,"life_of_product":"Basic Reorder","material_code":"6MNY250001","media":{"large":[{"alt":"Even Better Fondöten SPF 15","height":1200,"position":1,"src":"/media/export/cms/products/1200x1500/cl_sku_6MNY25_1200x1500_0.png","type":"image","width":1500}],"medium":[{"alt":"Even Better Fondöten SPF 15","height":600,"position":3,"src":"/media/export/cms/products/600x750/cl_sku_6MNY25_600x750_0.png","type":"image","width":750},{"alt":"Even Better Fondöten SPF 15","height":600,"position":4,"src":"/media/export/cms/products/600x750/cl_sku_6MNY25_600x750_1.png","type":"image","width":750}],"model":[{"alt":"Even Better Fondöten SPF 15","height":null,"position":2,"src":"/media/export/cms/model/VF2.jpg","type":"image","width":null}],"poster":null,"small":[{"alt":"Even Better Fondöten SPF 15","height":1200,"position":5,"src":"/media/export/cms/products/1200x1500/cl_sku_6MNY25_1200x1500_0.png","type":"image","width":1500}],"smoosh":[{"alt":"Even Better Fondöten SPF 15","height":1200,"position":0,"src":"/media/export/cms/products/1200x1500/swatches_v3/41_ns_ng.png","type":"image","width":1500}],"xl":null},"out_of_stock_threshold":null,"perlgem":{"SKU_BASE_ID":31799},"preorder_date":null,"prices":[{"currency":"TRY","exclude_tax":{"original_price":285,"original_price_formatted":"285.00 TL","price":285,"price_formatted":"285.00 TL","price_per_unit":null,"price_per_unit_formatted":""},"include_tax":{"original_price":285,"original_price_formatted":"285.00 TL","price":285,"price_formatted":"285.00 TL","price_per_unit":null,"price_per_unit_formatted":""},"is_discounted":false}],"purchase_limit":null,"replenishment":{"message":"Never run low on your favourites. Sign up for Auto-Ship. Learn more >"},"reviews":{"average_rating":null,"number_of_questions":null,"number_of_reviews":null},"set_components":null,"shade_groups":null,"shades":[{"description":"","hex_val":"#ebbf9d","image":{"height":null,"src":"","width":null},"name":"WN 16 Buff","smoosh_design":{"group_id":null,"name":"41::none::none"}}],"sizes":[{"key":1,"value":"30 ml"}],"skin":{"tone":null,"type":[{"key":"dry-skintype","value":"dry_skintype"}],"type_description":null},"sku_badge":null,"sku_badge_image":null,"sku_display_order":9,"sku_id":"6MNY25","sku_promo_messaging":null,"sku_type":"SE","sku_url":null,"tags":{"total":18,"items":[{"id":"27174","key":"day7flashsale","value":"Day7FlashSale"},{"id":"9428","key":"top10","value":"top10"},{"id":"17859","key":"çok-satanlar","value":"ÇOK SATANLAR"},{"id":"19400","key":"20-discounted-products","value":"%20 discounted products"},{"id":"1599","key":"fondöten","value":"FONDÖTEN"},{"id":"1693","key":"lekeler","value":"Lekeler"},{"id":"10589","key":"offers-lp","value":"Offers LP"},{"id":"13562","key":"yeni̇-yil-makyaj","value":"YENİ YIL MAKYAJ"},{"id":"12537","key":"çok-satan-makyaj-ürünleri̇","value":"ÇOK SATAN MAKYAJ ÜRÜNLERİ"},{"id":"1592","key":"makyaj","value":"MAKYAJ"},{"id":"8194","key":"en-çok-satan-10","value":"En Çok Satan 10 "},{"id":"9425","key":"top-rated-makeup","value":"top rated makeup"},{"id":"27172","key":"day5flashsale","value":"Day5FlashSale"},{"id":"25016","key":"top-sellers","value":"Top Sellers"},{"id":"9422","key":"socialmediafavs","value":"socialmediafavs"},{"id":"27171","key":"day4flashsale","value":"Day4FlashSale"},{"id":"1575","key":"en-çok-satanlar","value":"En Çok Satanlar"},{"id":"13770","key":"recommended-clinique-favourites","value":"Recommended Clinique Favourites"}]},"texture":null,"undertone":[{"key":"warm-undertone","value":"warm_undertone"}],"unit_of_measure":null,"unit_size":null,"unit_size_formatted":null,"upc":"020714495435","vto":{"is_color_experience":null,"is_foundation_experience":true}},{"color_family":[{"key":"very-fair-color","value":"very_fair_color"}],"coverage_options":null,"cross_sell":{"categories":[{"position":0,"sku_id":"KL3P07"},{"position":1,"sku_id":" KL3P12"},{"position":2,"sku_id":" KL3P24"}]},"display_status":7,"finish":[{"key":"natural-finish","value":"natural_finish"}],"finish_options":[{"key":"natural-finish","value":"natural_finish"}],"fragrances":[{"family":null,"key":null,"value":null}],"iln_listing":null,"iln_version_number":null,"inventory_status":"Active","is_active":true,"is_coming_soon":null,"is_default_sku":false,"is_discountable":true,"is_displayable":null,"is_engravable":null,"is_fragrance":null,"is_giftable":null,"is_giftwrap":false,"is_inactive":null,"is_multi_shaded":null,"is_out_of_stock":null,"is_preorder":false,"is_preorderable":null,"is_promotional":null,"is_replenishable":false,"is_search_suppressed":null,"is_searchable":true,"is_shaded":null,"is_sized":null,"is_sold_out":null,"is_under_weight_hazmat":false,"is_vto_enabled":null,"life_of_product":"Basic Reorder","material_code":"6MNY14A000","media":{"large":[{"alt":"Even Better Fondöten SPF 15","height":1200,"position":1,"src":"/media/export/cms/products/1200x1500/cl_sku_6MNY14_1200x1500_0.png","type":"image","width":1500}],"medium":[{"alt":"Even Better Fondöten SPF 15","height":600,"position":3,"src":"/media/export/cms/products/600x750/cl_sku_6MNY14_600x750_0.png","type":"image","width":750}],"model":[{"alt":"Even Better Fondöten SPF 15","height":null,"position":2,"src":"/media/export/cms/model/VF2.jpg","type":"image","width":null}],"poster":null,"small":[{"alt":"Even Better Fondöten SPF 15","height":1200,"position":4,"src":"/media/export/cms/products/1200x1500/cl_sku_6MNY14_1200x1500_0.png","type":"image","width":1500}],"smoosh":[{"alt":"Even Better Fondöten SPF 15","height":1200,"position":0,"src":"/media/export/cms/products/1200x1500/swatches_v3/41_ns_ng.png","type":"image","width":1500}],"xl":null},"out_of_stock_threshold":null,"perlgem":{"SKU_BASE_ID":14130},"preorder_date":null,"prices":[{"currency":"TRY","exclude_tax":{"original_price":285,"original_price_formatted":"285.00 TL","price":285,"price_formatted":"285.00 TL","price_per_unit":null,"price_per_unit_formatted":""},"include_tax":{"original_price":285,"original_price_formatted":"285.00 TL","price":285,"price_formatted":"285.00 TL","price_per_unit":null,"price_per_unit_formatted":""},"is_discounted":false}],"purchase_limit":null,"replenishment":{"message":null},"reviews":{"average_rating":null,"number_of_questions":null,"number_of_reviews":null},"set_components":null,"shade_groups":null,"shades":[{"description":"","hex_val":"#e9bb96","image":{"height":null,"src":"","width":null},"name":"CN 18 Cream Whip","smoosh_design":{"group_id":null,"name":"41::none::none"}}],"sizes":[{"key":1,"value":"30ml"}],"skin":{"tone":null,"type":[{"key":"combination-skintype","value":"combination_skintype"},{"key":"dry-skintype","value":"dry_skintype"}],"type_description":null},"sku_badge":null,"sku_badge_image":null,"sku_display_order":10,"sku_id":"6MNY14","sku_promo_messaging":null,"sku_type":"SE","sku_url":null,"tags":{"total":6,"items":[{"id":"1590","key":"i̇ndi̇ri̇mli̇-ürünler","value":"İNDİRİMLİ ÜRÜNLER"},{"id":"17859","key":"çok-satanlar","value":"ÇOK SATANLAR"},{"id":"1599","key":"fondöten","value":"FONDÖTEN"},{"id":"13562","key":"yeni̇-yil-makyaj","value":"YENİ YIL MAKYAJ"},{"id":"1592","key":"makyaj","value":"MAKYAJ"},{"id":"1596","key":"göz-alti-kapaticilari","value":"GÖZ ALTI KAPATICILARI"}]},"texture":null,"undertone":[{"key":"cool-undertone","value":"cool_undertone"}],"unit_of_measure":null,"unit_size":0,"unit_size_formatted":null,"upc":"020714324735","vto":{"is_color_experience":null,"is_foundation_experience":true}},{"color_family":[{"key":"very-fair-color","value":"very_fair_color"}],"coverage_options":null,"cross_sell":{"categories":[{"position":0,"sku_id":"KL3P04"},{"position":1,"sku_id":" KL3P13"},{"position":2,"sku_id":" KL3P23"}]},"display_status":7,"finish":[{"key":"natural-finish","value":"natural_finish"}],"finish_options":[{"key":"natural-finish","value":"natural_finish"}],"fragrances":[{"family":null,"key":null,"value":null}],"iln_listing":null,"iln_version_number":null,"inventory_status":"Active","is_active":true,"is_coming_soon":null,"is_default_sku":false,"is_discountable":true,"is_displayable":null,"is_engravable":null,"is_fragrance":null,"is_giftable":null,"is_giftwrap":false,"is_inactive":null,"is_multi_shaded":null,"is_out_of_stock":null,"is_preorder":false,"is_preorderable":null,"is_promotional":null,"is_replenishable":true,"is_search_suppressed":null,"is_searchable":true,"is_shaded":null,"is_sized":null,"is_sold_out":null,"is_under_weight_hazmat":false,"is_vto_enabled":null,"life_of_product":"Basic Reorder","material_code":"6MNY02A000","media":{"large":[{"alt":"Even Better Fondöten SPF 15","height":1200,"position":1,"src":"/media/export/cms/products/1200x1500/cl_sku_6MNY02_1200x1500_0.png","type":"image","width":1500}],"medium":[{"alt":"Even Better Fondöten SPF 15","height":600,"position":3,"src":"/media/export/cms/products/600x750/cl_sku_6MNY02_600x750_0.png","type":"image","width":750}],"model":[{"alt":"Even Better Fondöten SPF 15","height":null,"position":2,"src":"/media/export/cms/model/VF3.jpg","type":"image","width":null}],"poster":null,"small":[{"alt":"Even Better Fondöten SPF 15","height":1200,"position":4,"src":"/media/export/cms/products/1200x1500/cl_sku_6MNY02_1200x1500_0.png","type":"image","width":1500}],"smoosh":[{"alt":"Even Better Fondöten SPF 15","height":1200,"position":0,"src":"/media/export/cms/products/1200x1500/swatches_v3/41_ns_ng.png","type":"image","width":1500}],"xl":null},"out_of_stock_threshold":null,"perlgem":{"SKU_BASE_ID":14118},"preorder_date":null,"prices":[{"currency":"TRY","exclude_tax":{"original_price":265,"original_price_formatted":"265.00 TL","price":265,"price_formatted":"265.00 TL","price_per_unit":null,"price_per_unit_formatted":""},"include_tax":{"original_price":265,"original_price_formatted":"265.00 TL","price":265,"price_formatted":"265.00 TL","price_per_unit":null,"price_per_unit_formatted":""},"is_discounted":false}],"purchase_limit":null,"replenishment":{"message":null},"reviews":{"average_rating":null,"number_of_questions":null,"number_of_reviews":null},"set_components":null,"shade_groups":null,"shades":[{"description":"","hex_val":"#f2bf9d","image":{"height":null,"src":"","width":null},"name":"CN 20 Fair","smoosh_design":{"group_id":null,"name":"41::none::none"}}],"sizes":[{"key":1,"value":"30 ml"}],"skin":{"tone":null,"type":[{"key":"combination-skintype","value":"combination_skintype"},{"key":"dry-skintype","value":"dry_skintype"}],"type_description":null},"sku_badge":null,"sku_badge_image":null,"sku_display_order":11,"sku_id":"6MNY02","sku_promo_messaging":null,"sku_type":"SE","sku_url":null,"tags":{"total":1,"items":[{"id":"1599","key":"fondöten","value":"FONDÖTEN"}]},"texture":null,"undertone":[{"key":"cool-undertone","value":"cool_undertone"}],"unit_of_measure":null,"unit_size":null,"unit_size_formatted":null,"upc":"020714324612","vto":{"is_color_experience":null,"is_foundation_experience":true}},{"color_family":[{"key":"very-fair-color","value":"very_fair_color"}],"coverage_options":null,"cross_sell":{"categories":[{"position":0,"sku_id":"KL3P01"},{"position":1,"sku_id":" KL3P07"},{"position":2,"sku_id":" KL3P28"}]},"display_status":7,"finish":[{"key":"natural-finish","value":"natural_finish"}],"finish_options":[{"key":"natural-finish","value":"natural_finish"}],"fragrances":[{"family":null,"key":null,"value":null}],"iln_listing":null,"iln_version_number":null,"inventory_status":"Active","is_active":true,"is_coming_soon":null,"is_default_sku":false,"is_discountable":true,"is_displayable":null,"is_engravable":null,"is_fragrance":null,"is_giftable":null,"is_giftwrap":false,"is_inactive":null,"is_multi_shaded":null,"is_out_of_stock":null,"is_preorder":false,"is_preorderable":null,"is_promotional":null,"is_replenishable":false,"is_search_suppressed":null,"is_searchable":true,"is_shaded":null,"is_sized":null,"is_sold_out":null,"is_under_weight_hazmat":false,"is_vto_enabled":null,"life_of_product":"Basic Reorder","material_code":"6MNY450000","media":{"large":[{"alt":"Even Better Fondöten SPF 15","height":1200,"position":1,"src":"/media/export/cms/products/1200x1500/cl_sku_6MNY45_1200x1500_0.png","type":"image","width":1500}],"medium":[{"alt":"Even Better Fondöten SPF 15","height":600,"position":2,"src":"/media/export/cms/products/600x750/cl_sku_6MNY45_600x750_0.png","type":"image","width":750}],"model":null,"poster":null,"small":[{"alt":"Even Better Fondöten SPF 15","height":1200,"position":3,"src":"/media/export/cms/products/1200x1500/cl_sku_6MNY45_1200x1500_0.png","type":"image","width":1500}],"smoosh":[{"alt":"Even Better Fondöten SPF 15","height":1200,"position":0,"src":"/media/export/cms/products/1200x1500/swatches_v3/41_ns_ng.png","type":"image","width":1500}],"xl":null},"out_of_stock_threshold":null,"perlgem":{"SKU_BASE_ID":95513},"preorder_date":null,"prices":[{"currency":"TRY","exclude_tax":{"original_price":265,"original_price_formatted":"265.00 TL","price":265,"price_formatted":"265.00 TL","price_per_unit":null,"price_per_unit_formatted":""},"include_tax":{"original_price":265,"original_price_formatted":"265.00 TL","price":265,"price_formatted":"265.00 TL","price_per_unit":null,"price_per_unit_formatted":""},"is_discounted":false}],"purchase_limit":null,"replenishment":{"message":null},"reviews":{"average_rating":null,"number_of_questions":null,"number_of_reviews":null},"set_components":null,"shade_groups":null,"shades":[{"description":"","hex_val":"#e7a56e","image":{"height":null,"src":"","width":null},"name":"WN 22 Ecru","smoosh_design":{"group_id":null,"name":"41::none::none"}}],"sizes":[{"key":1,"value":"30 ml"}],"skin":{"tone":null,"type":[{"key":"combination-skintype","value":"combination_skintype"},{"key":"dry-skintype","value":"dry_skintype"}],"type_description":null},"sku_badge":null,"sku_badge_image":null,"sku_display_order":12,"sku_id":"6MNY45","sku_promo_messaging":null,"sku_type":"SE","sku_url":null,"tags":{"total":10,"items":[{"id":"9428","key":"top10","value":"top10"},{"id":"1590","key":"i̇ndi̇ri̇mli̇-ürünler","value":"İNDİRİMLİ ÜRÜNLER"},{"id":"1599","key":"fondöten","value":"FONDÖTEN"},{"id":"12537","key":"çok-satan-makyaj-ürünleri̇","value":"ÇOK SATAN MAKYAJ ÜRÜNLERİ"},{"id":"1592","key":"makyaj","value":"MAKYAJ"},{"id":"8194","key":"en-çok-satan-10","value":"En Çok Satan 10 "},{"id":"27172","key":"day5flashsale","value":"Day5FlashSale"},{"id":"25016","key":"top-sellers","value":"Top Sellers"},{"id":"27171","key":"day4flashsale","value":"Day4FlashSale"},{"id":"1575","key":"en-çok-satanlar","value":"En Çok Satanlar"}]},"texture":null,"undertone":[{"key":"warm-undertone","value":"warm_undertone"}],"unit_of_measure":null,"unit_size":null,"unit_size_formatted":null,"upc":"020714977030","vto":{"is_color_experience":null,"is_foundation_experience":true}},{"color_family":[{"key":"very-fair-color","value":"very_fair_color"}],"coverage_options":null,"cross_sell":{"categories":[{"position":0,"sku_id":"KL3P06"},{"position":1,"sku_id":" KL3P08"},{"position":2,"sku_id":" KL3P23"}]},"display_status":7,"finish":[{"key":"natural-finish","value":"natural_finish"}],"finish_options":[{"key":"natural-finish","value":"natural_finish"}],"fragrances":[{"family":null,"key":null,"value":null}],"iln_listing":null,"iln_version_number":null,"inventory_status":"Active","is_active":true,"is_coming_soon":null,"is_default_sku":false,"is_discountable":true,"is_displayable":null,"is_engravable":null,"is_fragrance":null,"is_giftable":null,"is_giftwrap":false,"is_inactive":null,"is_multi_shaded":null,"is_out_of_stock":null,"is_preorder":false,"is_preorderable":null,"is_promotional":null,"is_replenishable":false,"is_search_suppressed":null,"is_searchable":true,"is_shaded":null,"is_sized":null,"is_sold_out":null,"is_under_weight_hazmat":false,"is_vto_enabled":null,"life_of_product":"Basic Reorder","material_code":"6MNY03A000","media":{"large":[{"alt":"Even Better Fondöten SPF 15","height":1200,"position":1,"src":"/media/export/cms/products/1200x1500/cl_sku_6MNY03_1200x1500_0.png","type":"image","width":1500}],"medium":[{"alt":"Even Better Fondöten SPF 15","height":600,"position":3,"src":"/media/export/cms/products/600x750/cl_sku_6MNY03_600x750_0.png","type":"image","width":750}],"model":[{"alt":"Even Better Fondöten SPF 15","height":null,"position":2,"src":"/media/export/cms/model/VF3.jpg","type":"image","width":null}],"poster":null,"small":[{"alt":"Even Better Fondöten SPF 15","height":1200,"position":4,"src":"/media/export/cms/products/1200x1500/cl_sku_6MNY03_1200x1500_0.png","type":"image","width":1500}],"smoosh":[{"alt":"Even Better Fondöten SPF 15","height":1200,"position":0,"src":"/media/export/cms/products/1200x1500/swatches_v3/41_ns_ng.png","type":"image","width":1500}],"xl":null},"out_of_stock_threshold":null,"perlgem":{"SKU_BASE_ID":14119},"preorder_date":null,"prices":[{"currency":"TRY","exclude_tax":{"original_price":285,"original_price_formatted":"285.00 TL","price":285,"price_formatted":"285.00 TL","price_per_unit":null,"price_per_unit_formatted":""},"include_tax":{"original_price":285,"original_price_formatted":"285.00 TL","price":285,"price_formatted":"285.00 TL","price_per_unit":null,"price_per_unit_formatted":""},"is_discounted":false}],"purchase_limit":null,"replenishment":{"message":"Never run low on your favourites. Sign up for Auto-Ship. Learn more >"},"reviews":{"average_rating":null,"number_of_questions":null,"number_of_reviews":null},"set_components":null,"shade_groups":null,"shades":[{"description":"","hex_val":"#e8bc9e","image":{"height":null,"src":"","width":null},"name":"CN 28 Ivory","smoosh_design":{"group_id":null,"name":"41::none::none"}}],"sizes":[{"key":1,"value":"30 ml"}],"skin":{"tone":null,"type":[{"key":"combination-skintype","value":"combination_skintype"},{"key":"dry-skintype","value":"dry_skintype"}],"type_description":null},"sku_badge":null,"sku_badge_image":null,"sku_display_order":13,"sku_id":"6MNY03","sku_promo_messaging":null,"sku_type":"SE","sku_url":null,"tags":{"total":19,"items":[{"id":"27174","key":"day7flashsale","value":"Day7FlashSale"},{"id":"24180","key":"tamamlayici-ürünler","value":"TAMAMLAYICI ÜRÜNLER"},{"id":"9428","key":"top10","value":"top10"},{"id":"17859","key":"çok-satanlar","value":"ÇOK SATANLAR"},{"id":"19400","key":"20-discounted-products","value":"%20 discounted products"},{"id":"1599","key":"fondöten","value":"FONDÖTEN"},{"id":"1693","key":"lekeler","value":"Lekeler"},{"id":"10589","key":"offers-lp","value":"Offers LP"},{"id":"13562","key":"yeni̇-yil-makyaj","value":"YENİ YIL MAKYAJ"},{"id":"12537","key":"çok-satan-makyaj-ürünleri̇","value":"ÇOK SATAN MAKYAJ ÜRÜNLERİ"},{"id":"1592","key":"makyaj","value":"MAKYAJ"},{"id":"8194","key":"en-çok-satan-10","value":"En Çok Satan 10 "},{"id":"9425","key":"top-rated-makeup","value":"top rated makeup"},{"id":"27172","key":"day5flashsale","value":"Day5FlashSale"},{"id":"25016","key":"top-sellers","value":"Top Sellers"},{"id":"9422","key":"socialmediafavs","value":"socialmediafavs"},{"id":"27171","key":"day4flashsale","value":"Day4FlashSale"},{"id":"1575","key":"en-çok-satanlar","value":"En Çok Satanlar"},{"id":"13770","key":"recommended-clinique-favourites","value":"Recommended Clinique Favourites"}]},"texture":null,"undertone":[{"key":"cool-undertone","value":"cool_undertone"}],"unit_of_measure":null,"unit_size":null,"unit_size_formatted":null,"upc":"020714324629","vto":{"is_color_experience":null,"is_foundation_experience":true}},{"color_family":[{"key":"very-fair-color","value":"very_fair_color"}],"coverage_options":null,"cross_sell":{"categories":[{"position":0,"sku_id":"KL3P06"},{"position":1,"sku_id":" KL3P07"},{"position":2,"sku_id":" KL3P23"}]},"display_status":7,"finish":[{"key":"natural-finish","value":"natural_finish"}],"finish_options":[{"key":"natural-finish","value":"natural_finish"}],"fragrances":[{"family":null,"key":null,"value":null}],"iln_listing":null,"iln_version_number":null,"inventory_status":"Active","is_active":true,"is_coming_soon":null,"is_default_sku":false,"is_discountable":true,"is_displayable":null,"is_engravable":null,"is_fragrance":null,"is_giftable":null,"is_giftwrap":false,"is_inactive":null,"is_multi_shaded":null,"is_out_of_stock":null,"is_preorder":false,"is_preorderable":null,"is_promotional":null,"is_replenishable":false,"is_search_suppressed":null,"is_searchable":true,"is_shaded":null,"is_sized":null,"is_sold_out":null,"is_under_weight_hazmat":false,"is_vto_enabled":null,"life_of_product":"Basic Reorder","material_code":"6MNY460000","media":{"large":[{"alt":"Even Better Fondöten SPF 15","height":1200,"position":1,"src":"/media/export/cms/products/1200x1500/cl_sku_6MNY46_1200x1500_0.png","type":"image","width":1500}],"medium":[{"alt":"Even Better Fondöten SPF 15","height":600,"position":2,"src":"/media/export/cms/products/600x750/cl_sku_6MNY46_600x750_0.png","type":"image","width":750}],"model":null,"poster":null,"small":[{"alt":"Even Better Fondöten SPF 15","height":1200,"position":3,"src":"/media/export/cms/products/1200x1500/cl_sku_6MNY46_1200x1500_0.png","type":"image","width":1500}],"smoosh":[{"alt":"Even Better Fondöten SPF 15","height":1200,"position":0,"src":"/media/export/cms/products/1200x1500/swatches_v3/41_ns_ng.png","type":"image","width":1500}],"xl":null},"out_of_stock_threshold":null,"perlgem":{"SKU_BASE_ID":95514},"preorder_date":null,"prices":[{"currency":"TRY","exclude_tax":{"original_price":285,"original_price_formatted":"285.00 TL","price":285,"price_formatted":"285.00 TL","price_per_unit":null,"price_per_unit_formatted":""},"include_tax":{"original_price":285,"original_price_formatted":"285.00 TL","price":285,"price_formatted":"285.00 TL","price_per_unit":null,"price_per_unit_formatted":""},"is_discounted":false}],"purchase_limit":null,"replenishment":{"message":null},"reviews":{"average_rating":null,"number_of_questions":null,"number_of_reviews":null},"set_components":null,"shade_groups":null,"shades":[{"description":"","hex_val":"#e6b6a2","image":{"height":null,"src":"","width":null},"name":"CN 29 Bisque","smoosh_design":{"group_id":null,"name":"41::none::none"}}],"sizes":[{"key":1,"value":"30 ml"}],"skin":{"tone":null,"type":[{"key":"combination-skintype","value":"combination_skintype"},{"key":"dry-skintype","value":"dry_skintype"}],"type_description":null},"sku_badge":null,"sku_badge_image":null,"sku_display_order":14,"sku_id":"6MNY46","sku_promo_messaging":null,"sku_type":"SE","sku_url":null,"tags":{"total":10,"items":[{"id":"27174","key":"day7flashsale","value":"Day7FlashSale"},{"id":"9428","key":"top10","value":"top10"},{"id":"1599","key":"fondöten","value":"FONDÖTEN"},{"id":"12537","key":"çok-satan-makyaj-ürünleri̇","value":"ÇOK SATAN MAKYAJ ÜRÜNLERİ"},{"id":"1592","key":"makyaj","value":"MAKYAJ"},{"id":"8194","key":"en-çok-satan-10","value":"En Çok Satan 10 "},{"id":"27172","key":"day5flashsale","value":"Day5FlashSale"},{"id":"25016","key":"top-sellers","value":"Top Sellers"},{"id":"27171","key":"day4flashsale","value":"Day4FlashSale"},{"id":"1575","key":"en-çok-satanlar","value":"En Çok Satanlar"}]},"texture":null,"undertone":[{"key":"cool-undertone","value":"cool_undertone"}],"unit_of_measure":null,"unit_size":null,"unit_size_formatted":null,"upc":"020714977047","vto":{"is_color_experience":null,"is_foundation_experience":true}},{"color_family":[{"key":"very-fair-color","value":"very_fair_color"}],"coverage_options":null,"cross_sell":{"categories":[{"position":0,"sku_id":"KL3P01"},{"position":1,"sku_id":" KL3P04"},{"position":2,"sku_id":" KL3P28"}]},"display_status":7,"finish":[{"key":"natural-finish","value":"natural_finish"}],"finish_options":[{"key":"natural-finish","value":"natural_finish"}],"fragrances":[{"family":null,"key":null,"value":null}],"iln_listing":null,"iln_version_number":null,"inventory_status":"Active","is_active":true,"is_coming_soon":null,"is_default_sku":false,"is_discountable":true,"is_displayable":null,"is_engravable":null,"is_fragrance":null,"is_giftable":null,"is_giftwrap":false,"is_inactive":null,"is_multi_shaded":null,"is_out_of_stock":null,"is_preorder":false,"is_preorderable":null,"is_promotional":null,"is_replenishable":false,"is_search_suppressed":null,"is_searchable":true,"is_shaded":null,"is_sized":null,"is_sold_out":null,"is_under_weight_hazmat":false,"is_vto_enabled":null,"life_of_product":"Basic Reorder","material_code":"6MNY470000","media":{"large":[{"alt":"Even Better Fondöten SPF 15","height":1200,"position":1,"src":"/media/export/cms/products/1200x1500/cl_sku_6MNY47_1200x1500_0.png","type":"image","width":1500}],"medium":[{"alt":"Even Better Fondöten SPF 15","height":600,"position":2,"src":"/media/export/cms/products/600x750/cl_sku_6MNY47_600x750_0.png","type":"image","width":750}],"model":null,"poster":null,"small":[{"alt":"Even Better Fondöten SPF 15","height":1200,"position":3,"src":"/media/export/cms/products/1200x1500/cl_sku_6MNY47_1200x1500_0.png","type":"image","width":1500}],"smoosh":[{"alt":"Even Better Fondöten SPF 15","height":1200,"position":0,"src":"/media/export/cms/products/1200x1500/swatches_v3/41_ns_ng.png","type":"image","width":1500}],"xl":null},"out_of_stock_threshold":null,"perlgem":{"SKU_BASE_ID":95515},"preorder_date":null,"prices":[{"currency":"TRY","exclude_tax":{"original_price":265,"original_price_formatted":"265.00 TL","price":265,"price_formatted":"265.00 TL","price_per_unit":null,"price_per_unit_formatted":""},"include_tax":{"original_price":265,"original_price_formatted":"265.00 TL","price":265,"price_formatted":"265.00 TL","price_per_unit":null,"price_per_unit_formatted":""},"is_discounted":false}],"purchase_limit":null,"replenishment":{"message":null},"reviews":{"average_rating":null,"number_of_questions":null,"number_of_reviews":null},"set_components":null,"shade_groups":null,"shades":[{"description":"","hex_val":"#e1aa87","image":{"height":null,"src":"","width":null},"name":"WN 30 Biscuit","smoosh_design":{"group_id":null,"name":"41::none::none"}}],"sizes":[{"key":1,"value":"30 ml"}],"skin":{"tone":null,"type":[{"key":"combination-skintype","value":"combination_skintype"},{"key":"dry-skintype","value":"dry_skintype"}],"type_description":null},"sku_badge":null,"sku_badge_image":null,"sku_display_order":15,"sku_id":"6MNY47","sku_promo_messaging":null,"sku_type":"SE","sku_url":null,"tags":{"total":9,"items":[{"id":"9428","key":"top10","value":"top10"},{"id":"1599","key":"fondöten","value":"FONDÖTEN"},{"id":"12537","key":"çok-satan-makyaj-ürünleri̇","value":"ÇOK SATAN MAKYAJ ÜRÜNLERİ"},{"id":"1592","key":"makyaj","value":"MAKYAJ"},{"id":"8194","key":"en-çok-satan-10","value":"En Çok Satan 10 "},{"id":"27172","key":"day5flashsale","value":"Day5FlashSale"},{"id":"25016","key":"top-sellers","value":"Top Sellers"},{"id":"27171","key":"day4flashsale","value":"Day4FlashSale"},{"id":"1575","key":"en-çok-satanlar","value":"En Çok Satanlar"}]},"texture":null,"undertone":[{"key":"warm-undertone","value":"warm_undertone"}],"unit_of_measure":null,"unit_size":null,"unit_size_formatted":null,"upc":"020714977054","vto":{"is_color_experience":null,"is_foundation_experience":true}},{"color_family":[{"key":"very-fair-color","value":"very_fair_color"}],"coverage_options":null,"cross_sell":{"categories":[{"position":0,"sku_id":"KL3P01"},{"position":1,"sku_id":" KL3P07"},{"position":2,"sku_id":" KL3P27"}]},"display_status":7,"finish":[{"key":"natural-finish","value":"natural_finish"}],"finish_options":[{"key":"natural-finish","value":"natural_finish"}],"fragrances":[{"family":null,"key":null,"value":null}],"iln_listing":null,"iln_version_number":null,"inventory_status":"Active","is_active":true,"is_coming_soon":null,"is_default_sku":false,"is_discountable":true,"is_displayable":null,"is_engravable":null,"is_fragrance":null,"is_giftable":null,"is_giftwrap":false,"is_inactive":null,"is_multi_shaded":null,"is_out_of_stock":null,"is_preorder":false,"is_preorderable":null,"is_promotional":null,"is_replenishable":false,"is_search_suppressed":null,"is_searchable":true,"is_shaded":null,"is_sized":null,"is_sold_out":null,"is_under_weight_hazmat":false,"is_vto_enabled":null,"life_of_product":"Basic Reorder","material_code":"6MNY480000","media":{"large":[{"alt":"Even Better Fondöten SPF 15","height":1200,"position":1,"src":"/media/export/cms/products/1200x1500/cl_sku_6MNY48_1200x1500_0.png","type":"image","width":1500}],"medium":[{"alt":"Even Better Fondöten SPF 15","height":600,"position":2,"src":"/media/export/cms/products/600x750/cl_sku_6MNY48_600x750_0.png","type":"image","width":750}],"model":null,"poster":null,"small":[{"alt":"Even Better Fondöten SPF 15","height":1200,"position":3,"src":"/media/export/cms/products/1200x1500/cl_sku_6MNY48_1200x1500_0.png","type":"image","width":1500}],"smoosh":[{"alt":"Even Better Fondöten SPF 15","height":1200,"position":0,"src":"/media/export/cms/products/1200x1500/swatches_v3/41_ns_ng.png","type":"image","width":1500}],"xl":null},"out_of_stock_threshold":null,"perlgem":{"SKU_BASE_ID":95516},"preorder_date":null,"prices":[{"currency":"TRY","exclude_tax":{"original_price":285,"original_price_formatted":"285.00 TL","price":285,"price_formatted":"285.00 TL","price_per_unit":null,"price_per_unit_formatted":""},"include_tax":{"original_price":285,"original_price_formatted":"285.00 TL","price":285,"price_formatted":"285.00 TL","price_per_unit":null,"price_per_unit_formatted":""},"is_discounted":false}],"purchase_limit":null,"replenishment":{"message":null},"reviews":{"average_rating":null,"number_of_questions":null,"number_of_reviews":null},"set_components":null,"shade_groups":null,"shades":[{"description":"","hex_val":"#dcb08b","image":{"height":null,"src":"","width":null},"name":"WN 38 Stone","smoosh_design":{"group_id":null,"name":"41::none::none"}}],"sizes":[{"key":1,"value":"30 ml"}],"skin":{"tone":null,"type":[{"key":"combination-skintype","value":"combination_skintype"},{"key":"dry-skintype","value":"dry_skintype"}],"type_description":null},"sku_badge":null,"sku_badge_image":null,"sku_display_order":16,"sku_id":"6MNY48","sku_promo_messaging":null,"sku_type":"SE","sku_url":null,"tags":{"total":10,"items":[{"id":"27174","key":"day7flashsale","value":"Day7FlashSale"},{"id":"9428","key":"top10","value":"top10"},{"id":"1599","key":"fondöten","value":"FONDÖTEN"},{"id":"12537","key":"çok-satan-makyaj-ürünleri̇","value":"ÇOK SATAN MAKYAJ ÜRÜNLERİ"},{"id":"1592","key":"makyaj","value":"MAKYAJ"},{"id":"8194","key":"en-çok-satan-10","value":"En Çok Satan 10 "},{"id":"27172","key":"day5flashsale","value":"Day5FlashSale"},{"id":"25016","key":"top-sellers","value":"Top Sellers"},{"id":"27171","key":"day4flashsale","value":"Day4FlashSale"},{"id":"1575","key":"en-çok-satanlar","value":"En Çok Satanlar"}]},"texture":null,"undertone":[{"key":"warm-undertone","value":"warm_undertone"}],"unit_of_measure":null,"unit_size":null,"unit_size_formatted":null,"upc":"020714977061","vto":{"is_color_experience":null,"is_foundation_experience":true}},{"color_family":[{"key":"very-fair-color","value":"very_fair_color"}],"coverage_options":null,"cross_sell":{"categories":[{"position":0,"sku_id":"KL3P01"},{"position":1,"sku_id":" KL3P04"},{"position":2,"sku_id":" KL3P23"}]},"display_status":7,"finish":[{"key":"natural-finish","value":"natural_finish"}],"finish_options":[{"key":"natural-finish","value":"natural_finish"}],"fragrances":[{"family":null,"key":null,"value":null}],"iln_listing":null,"iln_version_number":null,"inventory_status":"Active","is_active":true,"is_coming_soon":null,"is_default_sku":false,"is_discountable":true,"is_displayable":null,"is_engravable":null,"is_fragrance":null,"is_giftable":null,"is_giftwrap":false,"is_inactive":null,"is_multi_shaded":null,"is_out_of_stock":null,"is_preorder":false,"is_preorderable":null,"is_promotional":null,"is_replenishable":false,"is_search_suppressed":null,"is_searchable":true,"is_shaded":null,"is_sized":null,"is_sold_out":null,"is_under_weight_hazmat":false,"is_vto_enabled":null,"life_of_product":"Basic Reorder","material_code":"6MNY04A000","media":{"large":[{"alt":"Even Better Fondöten SPF 15","height":1200,"position":1,"src":"/media/export/cms/products/1200x1500/cl_sku_6MNY04_1200x1500_0.png","type":"image","width":1500}],"medium":[{"alt":"Even Better Fondöten SPF 15","height":600,"position":3,"src":"/media/export/cms/products/600x750/cl_sku_6MNY04_600x750_0.png","type":"image","width":750}],"model":[{"alt":"Even Better Fondöten SPF 15","height":null,"position":2,"src":"/media/export/cms/model/VF3.jpg","type":"image","width":null}],"poster":null,"small":[{"alt":"Even Better Fondöten SPF 15","height":1200,"position":4,"src":"/media/export/cms/products/1200x1500/cl_sku_6MNY04_1200x1500_0.png","type":"image","width":1500}],"smoosh":[{"alt":"Even Better Fondöten SPF 15","height":1200,"position":0,"src":"/media/export/cms/products/1200x1500/swatches_v3/06_ns_ng.png","type":"image","width":1500}],"xl":null},"out_of_stock_threshold":null,"perlgem":{"SKU_BASE_ID":14120},"preorder_date":null,"prices":[{"currency":"TRY","exclude_tax":{"original_price":285,"original_price_formatted":"285.00 TL","price":285,"price_formatted":"285.00 TL","price_per_unit":null,"price_per_unit_formatted":""},"include_tax":{"original_price":285,"original_price_formatted":"285.00 TL","price":285,"price_formatted":"285.00 TL","price_per_unit":null,"price_per_unit_formatted":""},"is_discounted":false}],"purchase_limit":null,"replenishment":{"message":"Never run low on your favourites. Sign up for Auto-Ship. Learn more >"},"reviews":{"average_rating":null,"number_of_questions":null,"number_of_reviews":null},"set_components":null,"shade_groups":null,"shades":[{"description":"","hex_val":"#DEB193","image":{"height":null,"src":"","width":null},"name":"CN 40 Cream Chamois","smoosh_design":{"group_id":null,"name":"06::none::none"}}],"sizes":[{"key":1,"value":"30 ml"}],"skin":{"tone":null,"type":[{"key":"dry-skintype","value":"dry_skintype"},{"key":"combination-skintype","value":"combination_skintype"}],"type_description":null},"sku_badge":null,"sku_badge_image":null,"sku_display_order":17,"sku_id":"6MNY04","sku_promo_messaging":null,"sku_type":"SE","sku_url":null,"tags":{"total":17,"items":[{"id":"24180","key":"tamamlayici-ürünler","value":"TAMAMLAYICI ÜRÜNLER"},{"id":"9428","key":"top10","value":"top10"},{"id":"19400","key":"20-discounted-products","value":"%20 discounted products"},{"id":"1599","key":"fondöten","value":"FONDÖTEN"},{"id":"1693","key":"lekeler","value":"Lekeler"},{"id":"10589","key":"offers-lp","value":"Offers LP"},{"id":"13562","key":"yeni̇-yil-makyaj","value":"YENİ YIL MAKYAJ"},{"id":"12537","key":"çok-satan-makyaj-ürünleri̇","value":"ÇOK SATAN MAKYAJ ÜRÜNLERİ"},{"id":"1592","key":"makyaj","value":"MAKYAJ"},{"id":"8194","key":"en-çok-satan-10","value":"En Çok Satan 10 "},{"id":"9425","key":"top-rated-makeup","value":"top rated makeup"},{"id":"27172","key":"day5flashsale","value":"Day5FlashSale"},{"id":"25016","key":"top-sellers","value":"Top Sellers"},{"id":"9422","key":"socialmediafavs","value":"socialmediafavs"},{"id":"27171","key":"day4flashsale","value":"Day4FlashSale"},{"id":"1575","key":"en-çok-satanlar","value":"En Çok Satanlar"},{"id":"13770","key":"recommended-clinique-favourites","value":"Recommended Clinique Favourites"}]},"texture":null,"undertone":[{"key":"cool-undertone","value":"cool_undertone"}],"unit_of_measure":null,"unit_size":null,"unit_size_formatted":null,"upc":"020714324636","vto":{"is_color_experience":null,"is_foundation_experience":true}},{"color_family":[{"key":"medium-color","value":"medium_color"},{"key":"fair-color","value":"fair_color"}],"coverage_options":null,"cross_sell":{"categories":[{"position":0,"sku_id":"KL3P04"},{"position":1,"sku_id":" KL3P07"},{"position":2,"sku_id":" KL3P23"}]},"display_status":7,"finish":[{"key":"natural-finish","value":"natural_finish"}],"finish_options":[{"key":"natural-finish","value":"natural_finish"}],"fragrances":[{"family":null,"key":null,"value":null}],"iln_listing":null,"iln_version_number":null,"inventory_status":"Active","is_active":true,"is_coming_soon":null,"is_default_sku":false,"is_discountable":true,"is_displayable":null,"is_engravable":null,"is_fragrance":null,"is_giftable":null,"is_giftwrap":false,"is_inactive":null,"is_multi_shaded":null,"is_out_of_stock":null,"is_preorder":false,"is_preorderable":null,"is_promotional":null,"is_replenishable":false,"is_search_suppressed":null,"is_searchable":true,"is_shaded":null,"is_sized":null,"is_sold_out":null,"is_under_weight_hazmat":false,"is_vto_enabled":null,"life_of_product":"Basic Reorder","material_code":"6MNY490000","media":{"large":[{"alt":"Even Better Fondöten SPF 15","height":1200,"position":1,"src":"/media/export/cms/products/1200x1500/cl_sku_6MNY49_1200x1500_0.png","type":"image","width":1500}],"medium":[{"alt":"Even Better Fondöten SPF 15","height":600,"position":2,"src":"/media/export/cms/products/600x750/cl_sku_6MNY49_600x750_0.png","type":"image","width":750}],"model":null,"poster":null,"small":[{"alt":"Even Better Fondöten SPF 15","height":1200,"position":3,"src":"/media/export/cms/products/1200x1500/cl_sku_6MNY49_1200x1500_0.png","type":"image","width":1500}],"smoosh":[{"alt":"Even Better Fondöten SPF 15","height":1200,"position":0,"src":"/media/export/cms/products/1200x1500/swatches_v3/41_ns_ng.png","type":"image","width":1500}],"xl":null},"out_of_stock_threshold":null,"perlgem":{"SKU_BASE_ID":95517},"preorder_date":null,"prices":[{"currency":"TRY","exclude_tax":{"original_price":285,"original_price_formatted":"285.00 TL","price":285,"price_formatted":"285.00 TL","price_per_unit":null,"price_per_unit_formatted":""},"include_tax":{"original_price":285,"original_price_formatted":"285.00 TL","price":285,"price_formatted":"285.00 TL","price_per_unit":null,"price_per_unit_formatted":""},"is_discounted":false}],"purchase_limit":null,"replenishment":{"message":null},"reviews":{"average_rating":null,"number_of_questions":null,"number_of_reviews":null},"set_components":null,"shade_groups":null,"shades":[{"description":"","hex_val":"#e8b382","image":{"height":null,"src":"","width":null},"name":"WN 44 Tea","smoosh_design":{"group_id":null,"name":"41::none::none"}}],"sizes":[{"key":1,"value":"30 ml"}],"skin":{"tone":null,"type":[{"key":"combination-skintype","value":"combination_skintype"},{"key":"dry-skintype","value":"dry_skintype"}],"type_description":null},"sku_badge":null,"sku_badge_image":null,"sku_display_order":18,"sku_id":"6MNY49","sku_promo_messaging":null,"sku_type":"SE","sku_url":null,"tags":{"total":11,"items":[{"id":"27174","key":"day7flashsale","value":"Day7FlashSale"},{"id":"9428","key":"top10","value":"top10"},{"id":"1590","key":"i̇ndi̇ri̇mli̇-ürünler","value":"İNDİRİMLİ ÜRÜNLER"},{"id":"1599","key":"fondöten","value":"FONDÖTEN"},{"id":"12537","key":"çok-satan-makyaj-ürünleri̇","value":"ÇOK SATAN MAKYAJ ÜRÜNLERİ"},{"id":"1592","key":"makyaj","value":"MAKYAJ"},{"id":"8194","key":"en-çok-satan-10","value":"En Çok Satan 10 "},{"id":"27172","key":"day5flashsale","value":"Day5FlashSale"},{"id":"25016","key":"top-sellers","value":"Top Sellers"},{"id":"27171","key":"day4flashsale","value":"Day4FlashSale"},{"id":"1575","key":"en-çok-satanlar","value":"En Çok Satanlar"}]},"texture":null,"undertone":[{"key":"warm-undertone","value":"warm_undertone"}],"unit_of_measure":null,"unit_size":null,"unit_size_formatted":null,"upc":"020714977078","vto":{"is_color_experience":null,"is_foundation_experience":true}},{"color_family":[{"key":"medium-color","value":"medium_color"},{"key":"fair-color","value":"fair_color"}],"coverage_options":null,"cross_sell":{"categories":[{"position":0,"sku_id":"KL3P01"},{"position":1,"sku_id":" KL3P04"},{"position":2,"sku_id":" KL3P26"}]},"display_status":7,"finish":[{"key":"natural-finish","value":"natural_finish"}],"finish_options":[{"key":"natural-finish","value":"natural_finish"}],"fragrances":[{"family":null,"key":null,"value":null}],"iln_listing":null,"iln_version_number":null,"inventory_status":"Active","is_active":true,"is_coming_soon":null,"is_default_sku":false,"is_discountable":true,"is_displayable":null,"is_engravable":null,"is_fragrance":null,"is_giftable":null,"is_giftwrap":false,"is_inactive":null,"is_multi_shaded":null,"is_out_of_stock":null,"is_preorder":false,"is_preorderable":null,"is_promotional":null,"is_replenishable":false,"is_search_suppressed":null,"is_searchable":true,"is_shaded":null,"is_sized":null,"is_sold_out":null,"is_under_weight_hazmat":false,"is_vto_enabled":null,"life_of_product":"Basic Reorder","material_code":"6MNY500000","media":{"large":[{"alt":"Even Better Fondöten SPF 15","height":1200,"position":1,"src":"/media/export/cms/products/1200x1500/cl_sku_6MNY50_1200x1500_0.png","type":"image","width":1500}],"medium":[{"alt":"Even Better Fondöten SPF 15","height":600,"position":2,"src":"/media/export/cms/products/600x750/cl_sku_6MNY50_600x750_0.png","type":"image","width":750}],"model":null,"poster":null,"small":[{"alt":"Even Better Fondöten SPF 15","height":1200,"position":3,"src":"/media/export/cms/products/1200x1500/cl_sku_6MNY50_1200x1500_0.png","type":"image","width":1500}],"smoosh":[{"alt":"Even Better Fondöten SPF 15","height":1200,"position":0,"src":"/media/export/cms/products/1200x1500/swatches_v3/41_ns_ng.png","type":"image","width":1500}],"xl":null},"out_of_stock_threshold":null,"perlgem":{"SKU_BASE_ID":95518},"preorder_date":null,"prices":[{"currency":"TRY","exclude_tax":{"original_price":285,"original_price_formatted":"285.00 TL","price":285,"price_formatted":"285.00 TL","price_per_unit":null,"price_per_unit_formatted":""},"include_tax":{"original_price":285,"original_price_formatted":"285.00 TL","price":285,"price_formatted":"285.00 TL","price_per_unit":null,"price_per_unit_formatted":""},"is_discounted":false}],"purchase_limit":null,"replenishment":{"message":null},"reviews":{"average_rating":null,"number_of_questions":null,"number_of_reviews":null},"set_components":null,"shade_groups":null,"shades":[{"description":"","hex_val":"#dda377","image":{"height":null,"src":"","width":null},"name":"WN 48 Oat","smoosh_design":{"group_id":null,"name":"41::none::none"}}],"sizes":[{"key":1,"value":"30 ml"}],"skin":{"tone":null,"type":[{"key":"combination-skintype","value":"combination_skintype"},{"key":"dry-skintype","value":"dry_skintype"}],"type_description":null},"sku_badge":null,"sku_badge_image":null,"sku_display_order":19,"sku_id":"6MNY50","sku_promo_messaging":null,"sku_type":"SE","sku_url":null,"tags":{"total":10,"items":[{"id":"9428","key":"top10","value":"top10"},{"id":"1590","key":"i̇ndi̇ri̇mli̇-ürünler","value":"İNDİRİMLİ ÜRÜNLER"},{"id":"1599","key":"fondöten","value":"FONDÖTEN"},{"id":"12537","key":"çok-satan-makyaj-ürünleri̇","value":"ÇOK SATAN MAKYAJ ÜRÜNLERİ"},{"id":"1592","key":"makyaj","value":"MAKYAJ"},{"id":"8194","key":"en-çok-satan-10","value":"En Çok Satan 10 "},{"id":"27172","key":"day5flashsale","value":"Day5FlashSale"},{"id":"25016","key":"top-sellers","value":"Top Sellers"},{"id":"27171","key":"day4flashsale","value":"Day4FlashSale"},{"id":"1575","key":"en-çok-satanlar","value":"En Çok Satanlar"}]},"texture":null,"undertone":[{"key":"warm-undertone","value":"warm_undertone"}],"unit_of_measure":null,"unit_size":null,"unit_size_formatted":null,"upc":"020714977085","vto":{"is_color_experience":null,"is_foundation_experience":true}},{"color_family":[{"key":"fair-color","value":"fair_color"}],"coverage_options":null,"cross_sell":{"categories":[{"position":0,"sku_id":"KL3P04"},{"position":1,"sku_id":" KL3P07"},{"position":2,"sku_id":" KL3P28"}]},"display_status":7,"finish":[{"key":"natural-finish","value":"natural_finish"}],"finish_options":[{"key":"natural-finish","value":"natural_finish"}],"fragrances":[{"family":null,"key":null,"value":null}],"iln_listing":null,"iln_version_number":null,"inventory_status":"Active","is_active":true,"is_coming_soon":null,"is_default_sku":false,"is_discountable":true,"is_displayable":null,"is_engravable":null,"is_fragrance":null,"is_giftable":null,"is_giftwrap":false,"is_inactive":null,"is_multi_shaded":null,"is_out_of_stock":null,"is_preorder":false,"is_preorderable":null,"is_promotional":null,"is_replenishable":true,"is_search_suppressed":null,"is_searchable":true,"is_shaded":null,"is_sized":null,"is_sold_out":null,"is_under_weight_hazmat":false,"is_vto_enabled":null,"life_of_product":"Basic Reorder","material_code":"6MNY16A000","media":{"large":[{"alt":"Even Better Fondöten SPF 15","height":1200,"position":1,"src":"/media/export/cms/products/1200x1500/cl_sku_6MNY16_1200x1500_0.png","type":"image","width":1500}],"medium":[{"alt":"Even Better Fondöten SPF 15","height":600,"position":3,"src":"/media/export/cms/products/600x750/cl_sku_6MNY16_600x750_0.png","type":"image","width":750}],"model":[{"alt":"Even Better Fondöten SPF 15","height":null,"position":2,"src":"/media/export/cms/model/MF1.jpg","type":"image","width":null}],"poster":null,"small":[{"alt":"Even Better Fondöten SPF 15","height":1200,"position":4,"src":"/media/export/cms/products/1200x1500/cl_sku_6MNY16_1200x1500_0.png","type":"image","width":1500}],"smoosh":[{"alt":"Even Better Fondöten SPF 15","height":1200,"position":0,"src":"/media/export/cms/products/1200x1500/swatches_v3/41_ns_ng.png","type":"image","width":1500}],"xl":null},"out_of_stock_threshold":null,"perlgem":{"SKU_BASE_ID":14132},"preorder_date":null,"prices":[{"currency":"TRY","exclude_tax":{"original_price":265,"original_price_formatted":"265.00 TL","price":265,"price_formatted":"265.00 TL","price_per_unit":null,"price_per_unit_formatted":""},"include_tax":{"original_price":265,"original_price_formatted":"265.00 TL","price":265,"price_formatted":"265.00 TL","price_per_unit":null,"price_per_unit_formatted":""},"is_discounted":false}],"purchase_limit":null,"replenishment":{"message":"Never run low on your favourites. Sign up for Auto-Ship. Learn more >"},"reviews":{"average_rating":null,"number_of_questions":null,"number_of_reviews":null},"set_components":null,"shade_groups":null,"shades":[{"description":"","hex_val":"#E2B186","image":{"height":null,"src":"","width":null},"name":"WN 46 Golden Neutral","smoosh_design":{"group_id":null,"name":"41::none::none"}}],"sizes":[{"key":1,"value":"30 ml"}],"skin":{"tone":null,"type":[{"key":"combination-skintype","value":"combination_skintype"},{"key":"dry-skintype","value":"dry_skintype"}],"type_description":null},"sku_badge":null,"sku_badge_image":null,"sku_display_order":20,"sku_id":"6MNY16","sku_promo_messaging":null,"sku_type":"SE","sku_url":null,"tags":{"total":15,"items":[{"id":"9428","key":"top10","value":"top10"},{"id":"19400","key":"20-discounted-products","value":"%20 discounted products"},{"id":"1599","key":"fondöten","value":"FONDÖTEN"},{"id":"1693","key":"lekeler","value":"Lekeler"},{"id":"10589","key":"offers-lp","value":"Offers LP"},{"id":"13562","key":"yeni̇-yil-makyaj","value":"YENİ YIL MAKYAJ"},{"id":"12537","key":"çok-satan-makyaj-ürünleri̇","value":"ÇOK SATAN MAKYAJ ÜRÜNLERİ"},{"id":"8194","key":"en-çok-satan-10","value":"En Çok Satan 10 "},{"id":"9425","key":"top-rated-makeup","value":"top rated makeup"},{"id":"27172","key":"day5flashsale","value":"Day5FlashSale"},{"id":"25016","key":"top-sellers","value":"Top Sellers"},{"id":"9422","key":"socialmediafavs","value":"socialmediafavs"},{"id":"27171","key":"day4flashsale","value":"Day4FlashSale"},{"id":"1575","key":"en-çok-satanlar","value":"En Çok Satanlar"},{"id":"13770","key":"recommended-clinique-favourites","value":"Recommended Clinique Favourites"}]},"texture":null,"undertone":[{"key":"warm-undertone","value":"warm_undertone"}],"unit_of_measure":null,"unit_size":null,"unit_size_formatted":null,"upc":"020714324759","vto":{"is_color_experience":null,"is_foundation_experience":true}},{"color_family":[{"key":"fair-color","value":"fair_color"}],"coverage_options":null,"cross_sell":{"categories":[{"position":0,"sku_id":"KL3P04"},{"position":1,"sku_id":" KL3P13"},{"position":2,"sku_id":" KL3P28"}]},"display_status":7,"finish":[{"key":"natural-finish","value":"natural_finish"}],"finish_options":[{"key":"natural-finish","value":"natural_finish"}],"fragrances":[{"family":null,"key":null,"value":null}],"iln_listing":null,"iln_version_number":null,"inventory_status":"Active","is_active":true,"is_coming_soon":null,"is_default_sku":false,"is_discountable":true,"is_displayable":null,"is_engravable":null,"is_fragrance":null,"is_giftable":null,"is_giftwrap":false,"is_inactive":null,"is_multi_shaded":null,"is_out_of_stock":null,"is_preorder":false,"is_preorderable":null,"is_promotional":null,"is_replenishable":false,"is_search_suppressed":null,"is_searchable":true,"is_shaded":null,"is_sized":null,"is_sold_out":null,"is_under_weight_hazmat":false,"is_vto_enabled":null,"life_of_product":"Basic Reorder","material_code":"6MNY05A000","media":{"large":[{"alt":"Even Better Fondöten SPF 15","height":1200,"position":1,"src":"/media/export/cms/products/1200x1500/cl_sku_6MNY05_1200x1500_0.png","type":"image","width":1500}],"medium":[{"alt":"Even Better Fondöten SPF 15","height":600,"position":3,"src":"/media/export/cms/products/600x750/cl_sku_6MNY05_600x750_0.png","type":"image","width":750}],"model":[{"alt":"Even Better Fondöten SPF 15","height":null,"position":2,"src":"/media/export/cms/model/MF1.jpg","type":"image","width":null}],"poster":null,"small":[{"alt":"Even Better Fondöten SPF 15","height":1200,"position":4,"src":"/media/export/cms/products/1200x1500/cl_sku_6MNY05_1200x1500_0.png","type":"image","width":1500}],"smoosh":[{"alt":"Even Better Fondöten SPF 15","height":1200,"position":0,"src":"/media/export/cms/products/1200x1500/swatches_v3/41_ns_ng.png","type":"image","width":1500}],"xl":null},"out_of_stock_threshold":null,"perlgem":{"SKU_BASE_ID":14121},"preorder_date":null,"prices":[{"currency":"TRY","exclude_tax":{"original_price":285,"original_price_formatted":"285.00 TL","price":285,"price_formatted":"285.00 TL","price_per_unit":null,"price_per_unit_formatted":""},"include_tax":{"original_price":285,"original_price_formatted":"285.00 TL","price":285,"price_formatted":"285.00 TL","price_per_unit":null,"price_per_unit_formatted":""},"is_discounted":false}],"purchase_limit":null,"replenishment":{"message":"Never run low on your favourites. Sign up for Auto-Ship. Learn more >"},"reviews":{"average_rating":null,"number_of_questions":null,"number_of_reviews":null},"set_components":null,"shade_groups":null,"shades":[{"description":"","hex_val":"#DCAB86","image":{"height":null,"src":"","width":null},"name":"CN 52 Neutral","smoosh_design":{"group_id":null,"name":"41::none::none"}}],"sizes":[{"key":1,"value":"30 ml"}],"skin":{"tone":null,"type":[{"key":"combination-skintype","value":"combination_skintype"},{"key":"dry-skintype","value":"dry_skintype"}],"type_description":null},"sku_badge":null,"sku_badge_image":null,"sku_display_order":21,"sku_id":"6MNY05","sku_promo_messaging":null,"sku_type":"SE","sku_url":null,"tags":{"total":19,"items":[{"id":"27174","key":"day7flashsale","value":"Day7FlashSale"},{"id":"24180","key":"tamamlayici-ürünler","value":"TAMAMLAYICI ÜRÜNLER"},{"id":"9428","key":"top10","value":"top10"},{"id":"1590","key":"i̇ndi̇ri̇mli̇-ürünler","value":"İNDİRİMLİ ÜRÜNLER"},{"id":"19400","key":"20-discounted-products","value":"%20 discounted products"},{"id":"1599","key":"fondöten","value":"FONDÖTEN"},{"id":"1693","key":"lekeler","value":"Lekeler"},{"id":"10589","key":"offers-lp","value":"Offers LP"},{"id":"13562","key":"yeni̇-yil-makyaj","value":"YENİ YIL MAKYAJ"},{"id":"12537","key":"çok-satan-makyaj-ürünleri̇","value":"ÇOK SATAN MAKYAJ ÜRÜNLERİ"},{"id":"1592","key":"makyaj","value":"MAKYAJ"},{"id":"8194","key":"en-çok-satan-10","value":"En Çok Satan 10 "},{"id":"9425","key":"top-rated-makeup","value":"top rated makeup"},{"id":"27172","key":"day5flashsale","value":"Day5FlashSale"},{"id":"25016","key":"top-sellers","value":"Top Sellers"},{"id":"9422","key":"socialmediafavs","value":"socialmediafavs"},{"id":"27171","key":"day4flashsale","value":"Day4FlashSale"},{"id":"1575","key":"en-çok-satanlar","value":"En Çok Satanlar"},{"id":"13770","key":"recommended-clinique-favourites","value":"Recommended Clinique Favourites"}]},"texture":null,"undertone":[{"key":"cool-undertone","value":"cool_undertone"}],"unit_of_measure":null,"unit_size":null,"unit_size_formatted":null,"upc":"020714324643","vto":{"is_color_experience":null,"is_foundation_experience":true}},{"color_family":[{"key":"medium-color","value":"medium_color"},{"key":"fair-color","value":"fair_color"}],"coverage_options":null,"cross_sell":{"categories":[{"position":0,"sku_id":"KL3P04"},{"position":1,"sku_id":" KL3P15"},{"position":2,"sku_id":" KL3P18"}]},"display_status":7,"finish":[{"key":"natural-finish","value":"natural_finish"}],"finish_options":[{"key":"natural-finish","value":"natural_finish"}],"fragrances":[{"family":null,"key":null,"value":null}],"iln_listing":null,"iln_version_number":null,"inventory_status":"Active","is_active":true,"is_coming_soon":null,"is_default_sku":false,"is_discountable":true,"is_displayable":null,"is_engravable":null,"is_fragrance":null,"is_giftable":null,"is_giftwrap":false,"is_inactive":null,"is_multi_shaded":null,"is_out_of_stock":null,"is_preorder":false,"is_preorderable":null,"is_promotional":null,"is_replenishable":false,"is_search_suppressed":null,"is_searchable":true,"is_shaded":null,"is_sized":null,"is_sold_out":null,"is_under_weight_hazmat":false,"is_vto_enabled":null,"life_of_product":"Basic Reorder","material_code":"6MNY510000","media":{"large":[{"alt":"Even Better Fondöten SPF 15","height":1200,"position":1,"src":"/media/export/cms/products/1200x1500/cl_sku_6MNY51_1200x1500_0.png","type":"image","width":1500}],"medium":[{"alt":"Even Better Fondöten SPF 15","height":600,"position":2,"src":"/media/export/cms/products/600x750/cl_sku_6MNY51_600x750_0.png","type":"image","width":750}],"model":null,"poster":null,"small":[{"alt":"Even Better Fondöten SPF 15","height":1200,"position":3,"src":"/media/export/cms/products/1200x1500/cl_sku_6MNY51_1200x1500_0.png","type":"image","width":1500}],"smoosh":[{"alt":"Even Better Fondöten SPF 15","height":1200,"position":0,"src":"/media/export/cms/products/1200x1500/swatches_v3/41_ns_ng.png","type":"image","width":1500}],"xl":null},"out_of_stock_threshold":null,"perlgem":{"SKU_BASE_ID":95519},"preorder_date":null,"prices":[{"currency":"TRY","exclude_tax":{"original_price":285,"original_price_formatted":"285.00 TL","price":285,"price_formatted":"285.00 TL","price_per_unit":null,"price_per_unit_formatted":""},"include_tax":{"original_price":285,"original_price_formatted":"285.00 TL","price":285,"price_formatted":"285.00 TL","price_per_unit":null,"price_per_unit_formatted":""},"is_discounted":false}],"purchase_limit":null,"replenishment":{"message":null},"reviews":{"average_rating":null,"number_of_questions":null,"number_of_reviews":null},"set_components":null,"shade_groups":null,"shades":[{"description":"","hex_val":"#dda672","image":{"height":null,"src":"","width":null},"name":"WN 54 Honey Wheat","smoosh_design":{"group_id":null,"name":"41::none::none"}}],"sizes":[{"key":1,"value":"30 ml"}],"skin":{"tone":null,"type":[{"key":"combination-skintype","value":"combination_skintype"},{"key":"dry-skintype","value":"dry_skintype"}],"type_description":null},"sku_badge":null,"sku_badge_image":null,"sku_display_order":22,"sku_id":"6MNY51","sku_promo_messaging":null,"sku_type":"SE","sku_url":null,"tags":{"total":9,"items":[{"id":"9428","key":"top10","value":"top10"},{"id":"1599","key":"fondöten","value":"FONDÖTEN"},{"id":"12537","key":"çok-satan-makyaj-ürünleri̇","value":"ÇOK SATAN MAKYAJ ÜRÜNLERİ"},{"id":"1592","key":"makyaj","value":"MAKYAJ"},{"id":"8194","key":"en-çok-satan-10","value":"En Çok Satan 10 "},{"id":"27172","key":"day5flashsale","value":"Day5FlashSale"},{"id":"25016","key":"top-sellers","value":"Top Sellers"},{"id":"27171","key":"day4flashsale","value":"Day4FlashSale"},{"id":"1575","key":"en-çok-satanlar","value":"En Çok Satanlar"}]},"texture":null,"undertone":[{"key":"warm-undertone","value":"warm_undertone"}],"unit_of_measure":null,"unit_size":null,"unit_size_formatted":null,"upc":"020714977092","vto":{"is_color_experience":null,"is_foundation_experience":true}},{"color_family":[{"key":"fair-color","value":"fair_color"}],"coverage_options":null,"cross_sell":{"categories":[{"position":0,"sku_id":"KL3P04"},{"position":1,"sku_id":" KL3P13"},{"position":2,"sku_id":" KL3P23"}]},"display_status":7,"finish":[{"key":"natural-finish","value":"natural_finish"}],"finish_options":[{"key":"natural-finish","value":"natural_finish"}],"fragrances":[{"family":null,"key":null,"value":null}],"iln_listing":null,"iln_version_number":null,"inventory_status":"Active","is_active":true,"is_coming_soon":null,"is_default_sku":false,"is_discountable":true,"is_displayable":null,"is_engravable":null,"is_fragrance":null,"is_giftable":null,"is_giftwrap":false,"is_inactive":null,"is_multi_shaded":null,"is_out_of_stock":null,"is_preorder":false,"is_preorderable":null,"is_promotional":null,"is_replenishable":false,"is_search_suppressed":null,"is_searchable":true,"is_shaded":null,"is_sized":null,"is_sold_out":null,"is_under_weight_hazmat":false,"is_vto_enabled":null,"life_of_product":"Basic Reorder","material_code":"6MNY26A000","media":{"large":[{"alt":"Even Better Fondöten SPF 15","height":1200,"position":1,"src":"/media/export/cms/products/1200x1500/cl_sku_6MNY26_1200x1500_0.png","type":"image","width":1500}],"medium":[{"alt":"Even Better Fondöten SPF 15","height":600,"position":3,"src":"/media/export/cms/products/600x750/cl_sku_6MNY26_600x750_0.png","type":"image","width":750}],"model":[{"alt":"Even Better Fondöten SPF 15","height":null,"position":2,"src":"/media/export/cms/model/MF2.jpg","type":"image","width":null}],"poster":null,"small":[{"alt":"Even Better Fondöten SPF 15","height":1200,"position":4,"src":"/media/export/cms/products/1200x1500/cl_sku_6MNY26_1200x1500_0.png","type":"image","width":1500}],"smoosh":[{"alt":"Even Better Fondöten SPF 15","height":1200,"position":0,"src":"/media/export/cms/products/1200x1500/swatches_v3/41_ns_ng.png","type":"image","width":1500}],"xl":null},"out_of_stock_threshold":null,"perlgem":{"SKU_BASE_ID":31800},"preorder_date":null,"prices":[{"currency":"TRY","exclude_tax":{"original_price":265,"original_price_formatted":"265.00 TL","price":265,"price_formatted":"265.00 TL","price_per_unit":null,"price_per_unit_formatted":""},"include_tax":{"original_price":265,"original_price_formatted":"265.00 TL","price":265,"price_formatted":"265.00 TL","price_per_unit":null,"price_per_unit_formatted":""},"is_discounted":false}],"purchase_limit":null,"replenishment":{"message":null},"reviews":{"average_rating":null,"number_of_questions":null,"number_of_reviews":null},"set_components":null,"shade_groups":null,"shades":[{"description":"","hex_val":"#e5b78c","image":{"height":null,"src":"","width":null},"name":"WN 56 Cashew","smoosh_design":{"group_id":null,"name":"41::none::none"}}],"sizes":[{"key":1,"value":"30 ml"}],"skin":{"tone":null,"type":[{"key":"combination-skintype","value":"combination_skintype"},{"key":"dry-skintype","value":"dry_skintype"}],"type_description":null},"sku_badge":null,"sku_badge_image":null,"sku_display_order":23,"sku_id":"6MNY26","sku_promo_messaging":null,"sku_type":"SE","sku_url":null,"tags":{"total":5,"items":[{"id":"17859","key":"çok-satanlar","value":"ÇOK SATANLAR"},{"id":"1599","key":"fondöten","value":"FONDÖTEN"},{"id":"13562","key":"yeni̇-yil-makyaj","value":"YENİ YIL MAKYAJ"},{"id":"1592","key":"makyaj","value":"MAKYAJ"},{"id":"1596","key":"göz-alti-kapaticilari","value":"GÖZ ALTI KAPATICILARI"}]},"texture":null,"undertone":[{"key":"warm-undertone","value":"warm_undertone"}],"unit_of_measure":null,"unit_size":0,"unit_size_formatted":null,"upc":"020714495442","vto":{"is_color_experience":null,"is_foundation_experience":true}},{"color_family":[{"key":"fair-color","value":"fair_color"}],"coverage_options":null,"cross_sell":{"categories":[{"position":0,"sku_id":"KL3P04"},{"position":1,"sku_id":" KL3P13"},{"position":2,"sku_id":" KL3P18"}]},"display_status":7,"finish":[{"key":"natural-finish","value":"natural_finish"}],"finish_options":[{"key":"natural-finish","value":"natural_finish"}],"fragrances":[{"family":null,"key":null,"value":null}],"iln_listing":null,"iln_version_number":null,"inventory_status":"Active","is_active":true,"is_coming_soon":null,"is_default_sku":false,"is_discountable":true,"is_displayable":null,"is_engravable":null,"is_fragrance":null,"is_giftable":null,"is_giftwrap":false,"is_inactive":null,"is_multi_shaded":null,"is_out_of_stock":null,"is_preorder":false,"is_preorderable":null,"is_promotional":null,"is_replenishable":false,"is_search_suppressed":null,"is_searchable":true,"is_shaded":null,"is_sized":null,"is_sold_out":null,"is_under_weight_hazmat":false,"is_vto_enabled":null,"life_of_product":"Basic Reorder","material_code":"6MNY06A000","media":{"large":[{"alt":"Even Better Fondöten SPF 15","height":1200,"position":1,"src":"/media/export/cms/products/1200x1500/cl_sku_6MNY06_1200x1500_0.png","type":"image","width":1500}],"medium":[{"alt":"Even Better Fondöten SPF 15","height":600,"position":3,"src":"/media/export/cms/products/600x750/cl_sku_6MNY06_600x750_0.png","type":"image","width":750}],"model":[{"alt":"Even Better Fondöten SPF 15","height":null,"position":2,"src":"/media/export/cms/model/MF2.jpg","type":"image","width":null}],"poster":null,"small":[{"alt":"Even Better Fondöten SPF 15","height":1200,"position":4,"src":"/media/export/cms/products/1200x1500/cl_sku_6MNY06_1200x1500_0.png","type":"image","width":1500}],"smoosh":[{"alt":"Even Better Fondöten SPF 15","height":1200,"position":0,"src":"/media/export/cms/products/1200x1500/swatches_v3/41_ns_ng.png","type":"image","width":1500}],"xl":null},"out_of_stock_threshold":null,"perlgem":{"SKU_BASE_ID":14122},"preorder_date":null,"prices":[{"currency":"TRY","exclude_tax":{"original_price":285,"original_price_formatted":"285.00 TL","price":285,"price_formatted":"285.00 TL","price_per_unit":null,"price_per_unit_formatted":""},"include_tax":{"original_price":285,"original_price_formatted":"285.00 TL","price":285,"price_formatted":"285.00 TL","price_per_unit":null,"price_per_unit_formatted":""},"is_discounted":false}],"purchase_limit":null,"replenishment":{"message":"Never run low on your favourites. Sign up for Auto-Ship. Learn more >"},"reviews":{"average_rating":null,"number_of_questions":null,"number_of_reviews":null},"set_components":null,"shade_groups":null,"shades":[{"description":"","hex_val":"#deaa79","image":{"height":null,"src":"","width":null},"name":"CN 58 Honey","smoosh_design":{"group_id":null,"name":"41::none::none"}}],"sizes":[{"key":1,"value":"30 ml"}],"skin":{"tone":null,"type":[{"key":"combination-skintype","value":"combination_skintype"},{"key":"dry-skintype","value":"dry_skintype"}],"type_description":null},"sku_badge":null,"sku_badge_image":null,"sku_display_order":24,"sku_id":"6MNY06","sku_promo_messaging":null,"sku_type":"SE","sku_url":null,"tags":{"total":18,"items":[{"id":"27174","key":"day7flashsale","value":"Day7FlashSale"},{"id":"24180","key":"tamamlayici-ürünler","value":"TAMAMLAYICI ÜRÜNLER"},{"id":"9428","key":"top10","value":"top10"},{"id":"19400","key":"20-discounted-products","value":"%20 discounted products"},{"id":"1599","key":"fondöten","value":"FONDÖTEN"},{"id":"1693","key":"lekeler","value":"Lekeler"},{"id":"10589","key":"offers-lp","value":"Offers LP"},{"id":"13562","key":"yeni̇-yil-makyaj","value":"YENİ YIL MAKYAJ"},{"id":"12537","key":"çok-satan-makyaj-ürünleri̇","value":"ÇOK SATAN MAKYAJ ÜRÜNLERİ"},{"id":"1592","key":"makyaj","value":"MAKYAJ"},{"id":"8194","key":"en-çok-satan-10","value":"En Çok Satan 10 "},{"id":"9425","key":"top-rated-makeup","value":"top rated makeup"},{"id":"27172","key":"day5flashsale","value":"Day5FlashSale"},{"id":"25016","key":"top-sellers","value":"Top Sellers"},{"id":"9422","key":"socialmediafavs","value":"socialmediafavs"},{"id":"27171","key":"day4flashsale","value":"Day4FlashSale"},{"id":"1575","key":"en-çok-satanlar","value":"En Çok Satanlar"},{"id":"13770","key":"recommended-clinique-favourites","value":"Recommended Clinique Favourites"}]},"texture":null,"undertone":[{"key":"cool-undertone","value":"cool_undertone"}],"unit_of_measure":null,"unit_size":null,"unit_size_formatted":null,"upc":"020714324650","vto":{"is_color_experience":null,"is_foundation_experience":true}},{"color_family":[{"key":"fair-color","value":"fair_color"}],"coverage_options":null,"cross_sell":{"categories":[{"position":0,"sku_id":"KL3P04"},{"position":1,"sku_id":" KL3P07"},{"position":2,"sku_id":" KL3P13"}]},"display_status":7,"finish":[{"key":"natural-finish","value":"natural_finish"}],"finish_options":[{"key":"natural-finish","value":"natural_finish"}],"fragrances":[{"family":null,"key":null,"value":null}],"iln_listing":null,"iln_version_number":null,"inventory_status":"Active","is_active":true,"is_coming_soon":null,"is_default_sku":false,"is_discountable":true,"is_displayable":null,"is_engravable":null,"is_fragrance":null,"is_giftable":null,"is_giftwrap":false,"is_inactive":null,"is_multi_shaded":null,"is_out_of_stock":null,"is_preorder":false,"is_preorderable":null,"is_promotional":null,"is_replenishable":false,"is_search_suppressed":null,"is_searchable":true,"is_shaded":null,"is_sized":null,"is_sold_out":null,"is_under_weight_hazmat":false,"is_vto_enabled":null,"life_of_product":"Basic Reorder","material_code":"6MNY11A000","media":{"large":[{"alt":"Even Better Fondöten SPF 15","height":1200,"position":1,"src":"/media/export/cms/products/1200x1500/cl_sku_6MNY11_1200x1500_0.png","type":"image","width":1500}],"medium":[{"alt":"Even Better Fondöten SPF 15","height":600,"position":3,"src":"/media/export/cms/products/600x750/cl_sku_6MNY11_600x750_0.png","type":"image","width":750}],"model":[{"alt":"Even Better Fondöten SPF 15","height":null,"position":2,"src":"/media/export/cms/model/MF3.jpg","type":"image","width":null}],"poster":null,"small":[{"alt":"Even Better Fondöten SPF 15","height":1200,"position":4,"src":"/media/export/cms/products/1200x1500/cl_sku_6MNY11_1200x1500_0.png","type":"image","width":1500}],"smoosh":[{"alt":"Even Better Fondöten SPF 15","height":1200,"position":0,"src":"/media/export/cms/products/1200x1500/swatches_v3/41_ns_ng.png","type":"image","width":1500}],"xl":null},"out_of_stock_threshold":null,"perlgem":{"SKU_BASE_ID":14127},"preorder_date":null,"prices":[{"currency":"TRY","exclude_tax":{"original_price":265,"original_price_formatted":"265.00 TL","price":265,"price_formatted":"265.00 TL","price_per_unit":null,"price_per_unit_formatted":""},"include_tax":{"original_price":265,"original_price_formatted":"265.00 TL","price":265,"price_formatted":"265.00 TL","price_per_unit":null,"price_per_unit_formatted":""},"is_discounted":false}],"purchase_limit":null,"replenishment":{"message":null},"reviews":{"average_rating":null,"number_of_questions":null,"number_of_reviews":null},"set_components":null,"shade_groups":null,"shades":[{"description":"","hex_val":"#d9a681","image":{"height":null,"src":"","width":null},"name":"CN 62 Porcelain Beige","smoosh_design":{"group_id":null,"name":"41::none::none"}}],"sizes":[{"key":1,"value":"30 ml"}],"skin":{"tone":null,"type":[{"key":"combination-skintype","value":"combination_skintype"},{"key":"dry-skintype","value":"dry_skintype"}],"type_description":null},"sku_badge":null,"sku_badge_image":null,"sku_display_order":25,"sku_id":"6MNY11","sku_promo_messaging":null,"sku_type":"SE","sku_url":null,"tags":{"total":4,"items":[{"id":"17859","key":"çok-satanlar","value":"ÇOK SATANLAR"},{"id":"1599","key":"fondöten","value":"FONDÖTEN"},{"id":"1592","key":"makyaj","value":"MAKYAJ"},{"id":"1596","key":"göz-alti-kapaticilari","value":"GÖZ ALTI KAPATICILARI"}]},"texture":null,"undertone":[{"key":"cool-undertone","value":"cool_undertone"}],"unit_of_measure":null,"unit_size":0,"unit_size_formatted":null,"upc":"020714324704","vto":{"is_color_experience":null,"is_foundation_experience":true}},{"color_family":null,"coverage_options":null,"cross_sell":{"categories":[{"position":0,"sku_id":"KL3P04"},{"position":1,"sku_id":" KL3P13"},{"position":2,"sku_id":" KL3P18"}]},"display_status":7,"finish":null,"finish_options":null,"fragrances":[{"family":null,"key":null,"value":null}],"iln_listing":null,"iln_version_number":null,"inventory_status":"Active","is_active":true,"is_coming_soon":null,"is_default_sku":false,"is_discountable":false,"is_displayable":null,"is_engravable":null,"is_fragrance":null,"is_giftable":null,"is_giftwrap":false,"is_inactive":null,"is_multi_shaded":null,"is_out_of_stock":null,"is_preorder":false,"is_preorderable":null,"is_promotional":null,"is_replenishable":false,"is_search_suppressed":null,"is_searchable":true,"is_shaded":null,"is_sized":null,"is_sold_out":null,"is_under_weight_hazmat":false,"is_vto_enabled":null,"life_of_product":"Basic Reorder","material_code":"6MNY27A000","media":{"large":[{"alt":"Even Better Fondöten SPF 15","height":1200,"position":1,"src":"/media/export/cms/products/1200x1500/cl_sku_6MNY27_1200x1500_0.png","type":"image","width":1500}],"medium":[{"alt":"Even Better Fondöten SPF 15","height":600,"position":3,"src":"/media/export/cms/products/600x750/cl_sku_6MNY27_600x750_0.png","type":"image","width":750}],"model":[{"alt":"Even Better Fondöten SPF 15","height":null,"position":2,"src":"/media/export/cms/model/MF3.jpg","type":"image","width":null}],"poster":null,"small":[{"alt":"Even Better Fondöten SPF 15","height":1200,"position":4,"src":"/media/export/cms/products/1200x1500/cl_sku_6MNY27_1200x1500_0.png","type":"image","width":1500}],"smoosh":[{"alt":"Even Better Fondöten SPF 15","height":1200,"position":0,"src":"/media/export/cms/products/1200x1500/swatches_v3/41_ns_ng.png","type":"image","width":1500}],"xl":null},"out_of_stock_threshold":null,"perlgem":{"SKU_BASE_ID":31801},"preorder_date":null,"prices":[{"currency":"TRY","exclude_tax":{"original_price":265,"original_price_formatted":"265.00 TL","price":265,"price_formatted":"265.00 TL","price_per_unit":88.33,"price_per_unit_formatted":"88.33 TL / 10ml"},"include_tax":{"original_price":265,"original_price_formatted":"265.00 TL","price":265,"price_formatted":"265.00 TL","price_per_unit":88.33,"price_per_unit_formatted":"88.33 TL / 10ml"},"is_discounted":false}],"purchase_limit":null,"replenishment":{"message":null},"reviews":{"average_rating":null,"number_of_questions":null,"number_of_reviews":null},"set_components":null,"shade_groups":null,"shades":[{"description":"","hex_val":"#E0AD84","image":{"height":null,"src":"","width":null},"name":"WN 64 Butterscotch","smoosh_design":{"group_id":null,"name":"41::none::none"}}],"sizes":[{"key":1,"value":"30 ml"}],"skin":{"tone":null,"type":null,"type_description":null},"sku_badge":null,"sku_badge_image":null,"sku_display_order":26,"sku_id":"6MNY27","sku_promo_messaging":null,"sku_type":"SE","sku_url":null,"tags":{"total":1,"items":[{"id":"1599","key":"fondöten","value":"FONDÖTEN"}]},"texture":null,"undertone":null,"unit_of_measure":"ml","unit_size":10,"unit_size_formatted":"10ml","upc":"020714495459","vto":{"is_color_experience":null,"is_foundation_experience":true}},{"color_family":[{"key":"medium-color","value":"medium_color"},{"key":"fair-color","value":"fair_color"}],"coverage_options":null,"cross_sell":{"categories":[{"position":0,"sku_id":"KL3P07"},{"position":1,"sku_id":" KL3P15"},{"position":2,"sku_id":" KL3P28"}]},"display_status":7,"finish":[{"key":"natural-finish","value":"natural_finish"}],"finish_options":[{"key":"natural-finish","value":"natural_finish"}],"fragrances":[{"family":null,"key":null,"value":null}],"iln_listing":null,"iln_version_number":null,"inventory_status":"Active","is_active":true,"is_coming_soon":null,"is_default_sku":false,"is_discountable":true,"is_displayable":null,"is_engravable":null,"is_fragrance":null,"is_giftable":null,"is_giftwrap":false,"is_inactive":null,"is_multi_shaded":null,"is_out_of_stock":null,"is_preorder":false,"is_preorderable":null,"is_promotional":null,"is_replenishable":true,"is_search_suppressed":null,"is_searchable":true,"is_shaded":null,"is_sized":null,"is_sold_out":null,"is_under_weight_hazmat":false,"is_vto_enabled":null,"life_of_product":"Basic Reorder","material_code":"6MNY350000","media":{"large":[{"alt":"Even Better Fondöten SPF 15","height":1200,"position":1,"src":"/media/export/cms/products/1200x1500/cl_sku_6MNY35_1200x1500_0.png","type":"image","width":1500}],"medium":[{"alt":"Even Better Fondöten SPF 15","height":600,"position":2,"src":"/media/export/cms/products/600x750/cl_sku_6MNY35_600x750_0.png","type":"image","width":750}],"model":null,"poster":null,"small":[{"alt":"Even Better Fondöten SPF 15","height":1200,"position":3,"src":"/media/export/cms/products/1200x1500/cl_sku_6MNY35_1200x1500_0.png","type":"image","width":1500}],"smoosh":[{"alt":"Even Better Fondöten SPF 15","height":1200,"position":0,"src":"/media/export/cms/products/1200x1500/swatches_v3/41_ns_ng.png","type":"image","width":1500}],"xl":null},"out_of_stock_threshold":null,"perlgem":{"SKU_BASE_ID":82914},"preorder_date":null,"prices":[{"currency":"TRY","exclude_tax":{"original_price":285,"original_price_formatted":"285.00 TL","price":285,"price_formatted":"285.00 TL","price_per_unit":2850,"price_per_unit_formatted":"2850.00 TL / 10ml"},"include_tax":{"original_price":285,"original_price_formatted":"285.00 TL","price":285,"price_formatted":"285.00 TL","price_per_unit":2850,"price_per_unit_formatted":"2850.00 TL / 10ml"},"is_discounted":false}],"purchase_limit":null,"replenishment":{"message":null},"reviews":{"average_rating":null,"number_of_questions":null,"number_of_reviews":null},"set_components":null,"shade_groups":null,"shades":[{"description":"","hex_val":"#d49163","image":{"height":null,"src":"","width":null},"name":"WN 68 Brulee","smoosh_design":{"group_id":null,"name":"41::none::none"}}],"sizes":[{"key":1,"value":"1.0 oz/30 ml"}],"skin":{"tone":null,"type":[{"key":"dry-skintype","value":"dry_skintype"}],"type_description":null},"sku_badge":null,"sku_badge_image":null,"sku_display_order":27,"sku_id":"6MNY35","sku_promo_messaging":null,"sku_type":"SE","sku_url":null,"tags":{"total":11,"items":[{"id":"27174","key":"day7flashsale","value":"Day7FlashSale"},{"id":"9428","key":"top10","value":"top10"},{"id":"1599","key":"fondöten","value":"FONDÖTEN"},{"id":"12537","key":"çok-satan-makyaj-ürünleri̇","value":"ÇOK SATAN MAKYAJ ÜRÜNLERİ"},{"id":"1592","key":"makyaj","value":"MAKYAJ"},{"id":"8194","key":"en-çok-satan-10","value":"En Çok Satan 10 "},{"id":"19288","key":"sale","value":"sale"},{"id":"27172","key":"day5flashsale","value":"Day5FlashSale"},{"id":"25016","key":"top-sellers","value":"Top Sellers"},{"id":"27171","key":"day4flashsale","value":"Day4FlashSale"},{"id":"1575","key":"en-çok-satanlar","value":"En Çok Satanlar"}]},"texture":null,"undertone":[{"key":"warm-undertone","value":"warm_undertone"}],"unit_of_measure":"ml","unit_size":10,"unit_size_formatted":"10ml","upc":"020714870997","vto":{"is_color_experience":null,"is_foundation_experience":true}},{"color_family":[{"key":"medium-color","value":"medium_color"},{"key":"fair-color","value":"fair_color"}],"coverage_options":null,"cross_sell":{"categories":[{"position":0,"sku_id":"KL3P07"},{"position":1,"sku_id":" KL3P13"},{"position":2,"sku_id":" KL3P21"}]},"display_status":7,"finish":[{"key":"natural-finish","value":"natural_finish"}],"finish_options":[{"key":"natural-finish","value":"natural_finish"}],"fragrances":[{"family":null,"key":null,"value":null}],"iln_listing":null,"iln_version_number":null,"inventory_status":"Active","is_active":true,"is_coming_soon":null,"is_default_sku":false,"is_discountable":true,"is_displayable":null,"is_engravable":null,"is_fragrance":null,"is_giftable":null,"is_giftwrap":false,"is_inactive":null,"is_multi_shaded":null,"is_out_of_stock":null,"is_preorder":false,"is_preorderable":null,"is_promotional":null,"is_replenishable":false,"is_search_suppressed":null,"is_searchable":true,"is_shaded":null,"is_sized":null,"is_sold_out":null,"is_under_weight_hazmat":false,"is_vto_enabled":null,"life_of_product":"Basic Reorder","material_code":"6MNY520000","media":{"large":[{"alt":"Even Better Fondöten SPF 15","height":1200,"position":1,"src":"/media/export/cms/products/1200x1500/cl_sku_6MNY52_1200x1500_0.png","type":"image","width":1500}],"medium":[{"alt":"Even Better Fondöten SPF 15","height":600,"position":2,"src":"/media/export/cms/products/600x750/cl_sku_6MNY52_600x750_0.png","type":"image","width":750}],"model":null,"poster":null,"small":[{"alt":"Even Better Fondöten SPF 15","height":1200,"position":3,"src":"/media/export/cms/products/1200x1500/cl_sku_6MNY52_1200x1500_0.png","type":"image","width":1500}],"smoosh":[{"alt":"Even Better Fondöten SPF 15","height":1200,"position":0,"src":"/media/export/cms/products/1200x1500/swatches_v3/41_ns_ng.png","type":"image","width":1500}],"xl":null},"out_of_stock_threshold":null,"perlgem":{"SKU_BASE_ID":95520},"preorder_date":null,"prices":[{"currency":"TRY","exclude_tax":{"original_price":285,"original_price_formatted":"285.00 TL","price":285,"price_formatted":"285.00 TL","price_per_unit":null,"price_per_unit_formatted":""},"include_tax":{"original_price":285,"original_price_formatted":"285.00 TL","price":285,"price_formatted":"285.00 TL","price_per_unit":null,"price_per_unit_formatted":""},"is_discounted":false}],"purchase_limit":null,"replenishment":{"message":null},"reviews":{"average_rating":null,"number_of_questions":null,"number_of_reviews":null},"set_components":null,"shade_groups":null,"shades":[{"description":"","hex_val":"#d8a987","image":{"height":null,"src":"","width":null},"name":"WN 69 Cardamom","smoosh_design":{"group_id":null,"name":"41::none::none"}}],"sizes":[{"key":1,"value":"30 ml"}],"skin":{"tone":null,"type":[{"key":"combination-skintype","value":"combination_skintype"},{"key":"dry-skintype","value":"dry_skintype"}],"type_description":null},"sku_badge":null,"sku_badge_image":null,"sku_display_order":28,"sku_id":"6MNY52","sku_promo_messaging":null,"sku_type":"SE","sku_url":null,"tags":{"total":10,"items":[{"id":"9428","key":"top10","value":"top10"},{"id":"1590","key":"i̇ndi̇ri̇mli̇-ürünler","value":"İNDİRİMLİ ÜRÜNLER"},{"id":"1599","key":"fondöten","value":"FONDÖTEN"},{"id":"12537","key":"çok-satan-makyaj-ürünleri̇","value":"ÇOK SATAN MAKYAJ ÜRÜNLERİ"},{"id":"1592","key":"makyaj","value":"MAKYAJ"},{"id":"8194","key":"en-çok-satan-10","value":"En Çok Satan 10 "},{"id":"27172","key":"day5flashsale","value":"Day5FlashSale"},{"id":"25016","key":"top-sellers","value":"Top Sellers"},{"id":"27171","key":"day4flashsale","value":"Day4FlashSale"},{"id":"1575","key":"en-çok-satanlar","value":"En Çok Satanlar"}]},"texture":null,"undertone":[{"key":"warm-undertone","value":"warm_undertone"}],"unit_of_measure":null,"unit_size":null,"unit_size_formatted":null,"upc":"020714977108","vto":{"is_color_experience":null,"is_foundation_experience":true}},{"color_family":[{"key":"fair-color","value":"fair_color"}],"coverage_options":null,"cross_sell":{"categories":[{"position":0,"sku_id":"KL3P01"},{"position":1,"sku_id":" KL3P07"},{"position":2,"sku_id":" KL3P18"}]},"display_status":7,"finish":[{"key":"natural-finish","value":"natural_finish"}],"finish_options":[{"key":"natural-finish","value":"natural_finish"}],"fragrances":[{"family":null,"key":null,"value":null}],"iln_listing":null,"iln_version_number":null,"inventory_status":"Active","is_active":true,"is_coming_soon":null,"is_default_sku":false,"is_discountable":true,"is_displayable":null,"is_engravable":null,"is_fragrance":null,"is_giftable":null,"is_giftwrap":false,"is_inactive":null,"is_multi_shaded":null,"is_out_of_stock":null,"is_preorder":false,"is_preorderable":null,"is_promotional":null,"is_replenishable":false,"is_search_suppressed":null,"is_searchable":true,"is_shaded":null,"is_sized":null,"is_sold_out":null,"is_under_weight_hazmat":false,"is_vto_enabled":null,"life_of_product":"Basic Reorder","material_code":"6MNY07A000","media":{"large":[{"alt":"Even Better Fondöten SPF 15","height":1200,"position":1,"src":"/media/export/cms/products/1200x1500/cl_sku_6MNY07_1200x1500_0.png","type":"image","width":1500}],"medium":[{"alt":"Even Better Fondöten SPF 15","height":600,"position":3,"src":"/media/export/cms/products/600x750/cl_sku_6MNY07_600x750_0.png","type":"image","width":750}],"model":[{"alt":"Even Better Fondöten SPF 15","height":null,"position":2,"src":"/media/export/cms/model/MF3.jpg","type":"image","width":null}],"poster":null,"small":[{"alt":"Even Better Fondöten SPF 15","height":1200,"position":4,"src":"/media/export/cms/products/1200x1500/cl_sku_6MNY07_1200x1500_0.png","type":"image","width":1500}],"smoosh":[{"alt":"Even Better Fondöten SPF 15","height":1200,"position":0,"src":"/media/export/cms/products/1200x1500/swatches_v3/41_ns_ng.png","type":"image","width":1500}],"xl":null},"out_of_stock_threshold":null,"perlgem":{"SKU_BASE_ID":14123},"preorder_date":null,"prices":[{"currency":"TRY","exclude_tax":{"original_price":285,"original_price_formatted":"285.00 TL","price":285,"price_formatted":"285.00 TL","price_per_unit":null,"price_per_unit_formatted":""},"include_tax":{"original_price":285,"original_price_formatted":"285.00 TL","price":285,"price_formatted":"285.00 TL","price_per_unit":null,"price_per_unit_formatted":""},"is_discounted":false}],"purchase_limit":null,"replenishment":{"message":"Never run low on your favourites. Sign up for Auto-Ship. Learn more >"},"reviews":{"average_rating":null,"number_of_questions":null,"number_of_reviews":null},"set_components":null,"shade_groups":null,"shades":[{"description":"","hex_val":"#d8a884","image":{"height":null,"src":"","width":null},"name":"CN 70 Vanilla","smoosh_design":{"group_id":null,"name":"41::none::none"}}],"sizes":[{"key":1,"value":"30 ml"}],"skin":{"tone":null,"type":[{"key":"combination-skintype","value":"combination_skintype"},{"key":"dry-skintype","value":"dry_skintype"}],"type_description":null},"sku_badge":null,"sku_badge_image":null,"sku_display_order":29,"sku_id":"6MNY07","sku_promo_messaging":null,"sku_type":"SE","sku_url":null,"tags":{"total":18,"items":[{"id":"24180","key":"tamamlayici-ürünler","value":"TAMAMLAYICI ÜRÜNLER"},{"id":"9428","key":"top10","value":"top10"},{"id":"17859","key":"çok-satanlar","value":"ÇOK SATANLAR"},{"id":"19400","key":"20-discounted-products","value":"%20 discounted products"},{"id":"1599","key":"fondöten","value":"FONDÖTEN"},{"id":"1693","key":"lekeler","value":"Lekeler"},{"id":"10589","key":"offers-lp","value":"Offers LP"},{"id":"13562","key":"yeni̇-yil-makyaj","value":"YENİ YIL MAKYAJ"},{"id":"12537","key":"çok-satan-makyaj-ürünleri̇","value":"ÇOK SATAN MAKYAJ ÜRÜNLERİ"},{"id":"1592","key":"makyaj","value":"MAKYAJ"},{"id":"8194","key":"en-çok-satan-10","value":"En Çok Satan 10 "},{"id":"9425","key":"top-rated-makeup","value":"top rated makeup"},{"id":"27172","key":"day5flashsale","value":"Day5FlashSale"},{"id":"25016","key":"top-sellers","value":"Top Sellers"},{"id":"9422","key":"socialmediafavs","value":"socialmediafavs"},{"id":"27171","key":"day4flashsale","value":"Day4FlashSale"},{"id":"1575","key":"en-çok-satanlar","value":"En Çok Satanlar"},{"id":"13770","key":"recommended-clinique-favourites","value":"Recommended Clinique Favourites"}]},"texture":null,"undertone":[{"key":"cool-undertone","value":"cool_undertone"}],"unit_of_measure":null,"unit_size":null,"unit_size_formatted":null,"upc":"020714324667","vto":{"is_color_experience":null,"is_foundation_experience":true}},{"color_family":[{"key":"fair-color","value":"fair_color"},{"key":"medium-color","value":"medium_color"}],"coverage_options":null,"cross_sell":{"categories":[{"position":0,"sku_id":"KL3P04"},{"position":1,"sku_id":" KL3P14"},{"position":2,"sku_id":" KL3P28"}]},"display_status":7,"finish":[{"key":"natural-finish","value":"natural_finish"}],"finish_options":[{"key":"natural-finish","value":"natural_finish"}],"fragrances":[{"family":null,"key":null,"value":null}],"iln_listing":null,"iln_version_number":null,"inventory_status":"Active","is_active":true,"is_coming_soon":null,"is_default_sku":false,"is_discountable":true,"is_displayable":null,"is_engravable":null,"is_fragrance":null,"is_giftable":null,"is_giftwrap":false,"is_inactive":null,"is_multi_shaded":null,"is_out_of_stock":null,"is_preorder":false,"is_preorderable":null,"is_promotional":null,"is_replenishable":true,"is_search_suppressed":null,"is_searchable":true,"is_shaded":null,"is_sized":null,"is_sold_out":null,"is_under_weight_hazmat":false,"is_vto_enabled":null,"life_of_product":"Discontinued","material_code":"6MNY08A000","media":{"large":[{"alt":"Even Better Fondöten SPF 15","height":1200,"position":1,"src":"/media/export/cms/products/1200x1500/cl_sku_6MNY08_1200x1500_0.png","type":"image","width":1500}],"medium":[{"alt":"Even Better Fondöten SPF 15","height":600,"position":3,"src":"/media/export/cms/products/600x750/cl_sku_6MNY08_600x750_0.png","type":"image","width":750}],"model":[{"alt":"Even Better Fondöten SPF 15","height":null,"position":2,"src":"/media/export/cms/model/M1.jpg","type":"image","width":null}],"poster":null,"small":[{"alt":"Even Better Fondöten SPF 15","height":1200,"position":4,"src":"/media/export/cms/products/1200x1500/cl_sku_6MNY08_1200x1500_0.png","type":"image","width":1500}],"smoosh":[{"alt":"Even Better Fondöten SPF 15","height":1200,"position":0,"src":"/media/export/cms/products/1200x1500/swatches_v3/41_ns_ng.png","type":"image","width":1500}],"xl":null},"out_of_stock_threshold":null,"perlgem":{"SKU_BASE_ID":14124},"preorder_date":null,"prices":[{"currency":"TRY","exclude_tax":{"original_price":265,"original_price_formatted":"265.00 TL","price":265,"price_formatted":"265.00 TL","price_per_unit":null,"price_per_unit_formatted":""},"include_tax":{"original_price":265,"original_price_formatted":"265.00 TL","price":265,"price_formatted":"265.00 TL","price_per_unit":null,"price_per_unit_formatted":""},"is_discounted":false}],"purchase_limit":null,"replenishment":{"message":"Never run low on your favourites. Sign up for Auto-Ship. Learn more >"},"reviews":{"average_rating":null,"number_of_questions":null,"number_of_reviews":null},"set_components":null,"shade_groups":null,"shades":[{"description":"","hex_val":"#D09B73","image":{"height":null,"src":"","width":null},"name":"CN 74 Beige","smoosh_design":{"group_id":null,"name":"41::none::none"}}],"sizes":[{"key":1,"value":"30 ml"}],"skin":{"tone":null,"type":[{"key":"combination-skintype","value":"combination_skintype"},{"key":"dry-skintype","value":"dry_skintype"}],"type_description":null},"sku_badge":null,"sku_badge_image":null,"sku_display_order":30,"sku_id":"6MNY08","sku_promo_messaging":null,"sku_type":"SE","sku_url":null,"tags":{"total":17,"items":[{"id":"27174","key":"day7flashsale","value":"Day7FlashSale"},{"id":"9428","key":"top10","value":"top10"},{"id":"1590","key":"i̇ndi̇ri̇mli̇-ürünler","value":"İNDİRİMLİ ÜRÜNLER"},{"id":"19400","key":"20-discounted-products","value":"%20 discounted products"},{"id":"1599","key":"fondöten","value":"FONDÖTEN"},{"id":"1693","key":"lekeler","value":"Lekeler"},{"id":"10589","key":"offers-lp","value":"Offers LP"},{"id":"13562","key":"yeni̇-yil-makyaj","value":"YENİ YIL MAKYAJ"},{"id":"12537","key":"çok-satan-makyaj-ürünleri̇","value":"ÇOK SATAN MAKYAJ ÜRÜNLERİ"},{"id":"8194","key":"en-çok-satan-10","value":"En Çok Satan 10 "},{"id":"9425","key":"top-rated-makeup","value":"top rated makeup"},{"id":"27172","key":"day5flashsale","value":"Day5FlashSale"},{"id":"25016","key":"top-sellers","value":"Top Sellers"},{"id":"9422","key":"socialmediafavs","value":"socialmediafavs"},{"id":"27171","key":"day4flashsale","value":"Day4FlashSale"},{"id":"1575","key":"en-çok-satanlar","value":"En Çok Satanlar"},{"id":"13770","key":"recommended-clinique-favourites","value":"Recommended Clinique Favourites"}]},"texture":null,"undertone":[{"key":"cool-undertone","value":"cool_undertone"}],"unit_of_measure":null,"unit_size":null,"unit_size_formatted":null,"upc":"020714324674","vto":{"is_color_experience":null,"is_foundation_experience":true}},{"color_family":[{"key":"medium-color","value":"medium_color"}],"coverage_options":null,"cross_sell":{"categories":[{"position":0,"sku_id":"KL3P04"},{"position":1,"sku_id":" KL3P07"},{"position":2,"sku_id":" KL3P23"}]},"display_status":7,"finish":[{"key":"natural-finish","value":"natural_finish"}],"finish_options":[{"key":"natural-finish","value":"natural_finish"}],"fragrances":[{"family":null,"key":null,"value":null}],"iln_listing":null,"iln_version_number":null,"inventory_status":"Active","is_active":true,"is_coming_soon":null,"is_default_sku":false,"is_discountable":true,"is_displayable":null,"is_engravable":null,"is_fragrance":null,"is_giftable":null,"is_giftwrap":false,"is_inactive":null,"is_multi_shaded":null,"is_out_of_stock":null,"is_preorder":false,"is_preorderable":null,"is_promotional":null,"is_replenishable":false,"is_search_suppressed":null,"is_searchable":true,"is_shaded":null,"is_sized":null,"is_sold_out":null,"is_under_weight_hazmat":false,"is_vto_enabled":null,"life_of_product":"Basic Reorder","material_code":"6MNY530000","media":{"large":[{"alt":"Even Better Fondöten SPF 15","height":1200,"position":1,"src":"/media/export/cms/products/1200x1500/cl_sku_6MNY53_1200x1500_0.png","type":"image","width":1500}],"medium":[{"alt":"Even Better Fondöten SPF 15","height":600,"position":2,"src":"/media/export/cms/products/600x750/cl_sku_6MNY53_600x750_0.png","type":"image","width":750}],"model":null,"poster":null,"small":[{"alt":"Even Better Fondöten SPF 15","height":1200,"position":3,"src":"/media/export/cms/products/1200x1500/cl_sku_6MNY53_1200x1500_0.png","type":"image","width":1500}],"smoosh":[{"alt":"Even Better Fondöten SPF 15","height":1200,"position":0,"src":"/media/export/cms/products/1200x1500/swatches_v3/41_ns_ng.png","type":"image","width":1500}],"xl":null},"out_of_stock_threshold":null,"perlgem":{"SKU_BASE_ID":95521},"preorder_date":null,"prices":[{"currency":"TRY","exclude_tax":{"original_price":265,"original_price_formatted":"265.00 TL","price":265,"price_formatted":"265.00 TL","price_per_unit":null,"price_per_unit_formatted":""},"include_tax":{"original_price":265,"original_price_formatted":"265.00 TL","price":265,"price_formatted":"265.00 TL","price_per_unit":null,"price_per_unit_formatted":""},"is_discounted":false}],"purchase_limit":null,"replenishment":{"message":null},"reviews":{"average_rating":null,"number_of_questions":null,"number_of_reviews":null},"set_components":null,"shade_groups":null,"shades":[{"description":"","hex_val":"#c99566","image":{"height":null,"src":"","width":null},"name":"WN 76 Toasted Wheat","smoosh_design":{"group_id":null,"name":"41::none::none"}}],"sizes":[{"key":1,"value":"30 ml"}],"skin":{"tone":null,"type":[{"key":"combination-skintype","value":"combination_skintype"},{"key":"dry-skintype","value":"dry_skintype"}],"type_description":null},"sku_badge":null,"sku_badge_image":null,"sku_display_order":31,"sku_id":"6MNY53","sku_promo_messaging":null,"sku_type":"SE","sku_url":null,"tags":{"total":10,"items":[{"id":"9428","key":"top10","value":"top10"},{"id":"1590","key":"i̇ndi̇ri̇mli̇-ürünler","value":"İNDİRİMLİ ÜRÜNLER"},{"id":"1599","key":"fondöten","value":"FONDÖTEN"},{"id":"12537","key":"çok-satan-makyaj-ürünleri̇","value":"ÇOK SATAN MAKYAJ ÜRÜNLERİ"},{"id":"1592","key":"makyaj","value":"MAKYAJ"},{"id":"8194","key":"en-çok-satan-10","value":"En Çok Satan 10 "},{"id":"27172","key":"day5flashsale","value":"Day5FlashSale"},{"id":"25016","key":"top-sellers","value":"Top Sellers"},{"id":"27171","key":"day4flashsale","value":"Day4FlashSale"},{"id":"1575","key":"en-çok-satanlar","value":"En Çok Satanlar"}]},"texture":null,"undertone":[{"key":"warm-undertone","value":"warm_undertone"}],"unit_of_measure":null,"unit_size":null,"unit_size_formatted":null,"upc":"020714977115","vto":{"is_color_experience":null,"is_foundation_experience":true}},{"color_family":[{"key":"medium-color","value":"medium_color"}],"coverage_options":null,"cross_sell":{"categories":[{"position":0,"sku_id":"KL3P13"},{"position":1,"sku_id":" KL3P21"},{"position":2,"sku_id":" KL3P23"}]},"display_status":7,"finish":[{"key":"natural-finish","value":"natural_finish"}],"finish_options":[{"key":"natural-finish","value":"natural_finish"}],"fragrances":[{"family":null,"key":null,"value":null}],"iln_listing":null,"iln_version_number":null,"inventory_status":"Active","is_active":true,"is_coming_soon":null,"is_default_sku":false,"is_discountable":true,"is_displayable":null,"is_engravable":null,"is_fragrance":null,"is_giftable":null,"is_giftwrap":false,"is_inactive":null,"is_multi_shaded":null,"is_out_of_stock":null,"is_preorder":false,"is_preorderable":null,"is_promotional":null,"is_replenishable":true,"is_search_suppressed":null,"is_searchable":true,"is_shaded":null,"is_sized":null,"is_sold_out":null,"is_under_weight_hazmat":false,"is_vto_enabled":null,"life_of_product":"Basic Reorder","material_code":"6MNY17A000","media":{"large":[{"alt":"Even Better Fondöten SPF 15","height":1200,"position":1,"src":"/media/export/cms/products/1200x1500/cl_sku_6MNY17_1200x1500_0.png","type":"image","width":1500}],"medium":[{"alt":"Even Better Fondöten SPF 15","height":600,"position":3,"src":"/media/export/cms/products/600x750/cl_sku_6MNY17_600x750_0.png","type":"image","width":750}],"model":[{"alt":"Even Better Fondöten SPF 15","height":null,"position":2,"src":"/media/export/cms/model/M1.jpg","type":"image","width":null}],"poster":null,"small":[{"alt":"Even Better Fondöten SPF 15","height":1200,"position":4,"src":"/media/export/cms/products/1200x1500/cl_sku_6MNY17_1200x1500_0.png","type":"image","width":1500}],"smoosh":[{"alt":"Even Better Fondöten SPF 15","height":1200,"position":0,"src":"/media/export/cms/products/1200x1500/swatches_v3/41_ns_ng.png","type":"image","width":1500}],"xl":null},"out_of_stock_threshold":null,"perlgem":{"SKU_BASE_ID":14133},"preorder_date":null,"prices":[{"currency":"TRY","exclude_tax":{"original_price":285,"original_price_formatted":"285.00 TL","price":285,"price_formatted":"285.00 TL","price_per_unit":null,"price_per_unit_formatted":""},"include_tax":{"original_price":285,"original_price_formatted":"285.00 TL","price":285,"price_formatted":"285.00 TL","price_per_unit":null,"price_per_unit_formatted":""},"is_discounted":false}],"purchase_limit":null,"replenishment":{"message":"Never run low on your favourites. Sign up for Auto-Ship. Learn more >"},"reviews":{"average_rating":null,"number_of_questions":null,"number_of_reviews":null},"set_components":null,"shade_groups":null,"shades":[{"description":"","hex_val":"#CE9465","image":{"height":null,"src":"","width":null},"name":"CN 78 Nutty","smoosh_design":{"group_id":null,"name":"41::none::none"}}],"sizes":[{"key":1,"value":"30 ml"}],"skin":{"tone":null,"type":[{"key":"combination-skintype","value":"combination_skintype"},{"key":"dry-skintype","value":"dry_skintype"}],"type_description":null},"sku_badge":null,"sku_badge_image":null,"sku_display_order":32,"sku_id":"6MNY17","sku_promo_messaging":null,"sku_type":"SE","sku_url":null,"tags":{"total":18,"items":[{"id":"9428","key":"top10","value":"top10"},{"id":"4323","key":"yeni̇-ürünler","value":"YENİ ÜRÜNLER"},{"id":"17859","key":"çok-satanlar","value":"ÇOK SATANLAR"},{"id":"19400","key":"20-discounted-products","value":"%20 discounted products"},{"id":"1599","key":"fondöten","value":"FONDÖTEN"},{"id":"1693","key":"lekeler","value":"Lekeler"},{"id":"10589","key":"offers-lp","value":"Offers LP"},{"id":"13562","key":"yeni̇-yil-makyaj","value":"YENİ YIL MAKYAJ"},{"id":"12537","key":"çok-satan-makyaj-ürünleri̇","value":"ÇOK SATAN MAKYAJ ÜRÜNLERİ"},{"id":"1592","key":"makyaj","value":"MAKYAJ"},{"id":"8194","key":"en-çok-satan-10","value":"En Çok Satan 10 "},{"id":"9425","key":"top-rated-makeup","value":"top rated makeup"},{"id":"27172","key":"day5flashsale","value":"Day5FlashSale"},{"id":"25016","key":"top-sellers","value":"Top Sellers"},{"id":"9422","key":"socialmediafavs","value":"socialmediafavs"},{"id":"27171","key":"day4flashsale","value":"Day4FlashSale"},{"id":"1575","key":"en-çok-satanlar","value":"En Çok Satanlar"},{"id":"13770","key":"recommended-clinique-favourites","value":"Recommended Clinique Favourites"}]},"texture":null,"undertone":[{"key":"cool-undertone","value":"cool_undertone"}],"unit_of_measure":null,"unit_size":null,"unit_size_formatted":null,"upc":"020714324766","vto":{"is_color_experience":null,"is_foundation_experience":true}},{"color_family":[{"key":"medium-color","value":"medium_color"}],"coverage_options":null,"cross_sell":{"categories":[{"position":0,"sku_id":"KL3P04"},{"position":1,"sku_id":" KL3P13"},{"position":2,"sku_id":" KL3P23"}]},"display_status":7,"finish":[{"key":"natural-finish","value":"natural_finish"}],"finish_options":[{"key":"natural-finish","value":"natural_finish"}],"fragrances":[{"family":null,"key":null,"value":null}],"iln_listing":null,"iln_version_number":null,"inventory_status":"Active","is_active":true,"is_coming_soon":null,"is_default_sku":false,"is_discountable":true,"is_displayable":null,"is_engravable":null,"is_fragrance":null,"is_giftable":null,"is_giftwrap":false,"is_inactive":null,"is_multi_shaded":null,"is_out_of_stock":null,"is_preorder":false,"is_preorderable":null,"is_promotional":null,"is_replenishable":true,"is_search_suppressed":null,"is_searchable":true,"is_shaded":null,"is_sized":null,"is_sold_out":null,"is_under_weight_hazmat":false,"is_vto_enabled":null,"life_of_product":"Basic Reorder","material_code":"6MNY28A000","media":{"large":[{"alt":"Even Better Fondöten SPF 15","height":1200,"position":1,"src":"/media/export/cms/products/1200x1500/cl_sku_6MNY28_1200x1500_0.png","type":"image","width":1500}],"medium":[{"alt":"Even Better Fondöten SPF 15","height":600,"position":3,"src":"/media/export/cms/products/600x750/cl_sku_6MNY28_600x750_0.png","type":"image","width":750}],"model":[{"alt":"Even Better Fondöten SPF 15","height":null,"position":2,"src":"/media/export/cms/model/M1.jpg","type":"image","width":null}],"poster":null,"small":[{"alt":"Even Better Fondöten SPF 15","height":1200,"position":4,"src":"/media/export/cms/products/1200x1500/cl_sku_6MNY28_1200x1500_0.png","type":"image","width":1500}],"smoosh":[{"alt":"Even Better Fondöten SPF 15","height":1200,"position":0,"src":"/media/export/cms/products/1200x1500/swatches_v3/41_ns_ng.png","type":"image","width":1500}],"xl":null},"out_of_stock_threshold":null,"perlgem":{"SKU_BASE_ID":31802},"preorder_date":null,"prices":[{"currency":"TRY","exclude_tax":{"original_price":265,"original_price_formatted":"265.00 TL","price":265,"price_formatted":"265.00 TL","price_per_unit":88.33,"price_per_unit_formatted":"88.33 TL / 10ml"},"include_tax":{"original_price":265,"original_price_formatted":"265.00 TL","price":265,"price_formatted":"265.00 TL","price_per_unit":88.33,"price_per_unit_formatted":"88.33 TL / 10ml"},"is_discounted":false}],"purchase_limit":null,"replenishment":{"message":null},"reviews":{"average_rating":null,"number_of_questions":null,"number_of_reviews":null},"set_components":null,"shade_groups":null,"shades":[{"description":"","hex_val":"#D49C70","image":{"height":null,"src":"","width":null},"name":"WN 80 Tawnied Beige","smoosh_design":{"group_id":null,"name":"41::none::none"}}],"sizes":[{"key":1,"value":"30 ml"}],"skin":{"tone":null,"type":[{"key":"combination-skintype","value":"combination_skintype"},{"key":"dry-skintype","value":"dry_skintype"}],"type_description":null},"sku_badge":null,"sku_badge_image":null,"sku_display_order":33,"sku_id":"6MNY28","sku_promo_messaging":null,"sku_type":"SE","sku_url":null,"tags":{"total":4,"items":[{"id":"17859","key":"çok-satanlar","value":"ÇOK SATANLAR"},{"id":"1599","key":"fondöten","value":"FONDÖTEN"},{"id":"1592","key":"makyaj","value":"MAKYAJ"},{"id":"1596","key":"göz-alti-kapaticilari","value":"GÖZ ALTI KAPATICILARI"}]},"texture":null,"undertone":[{"key":"warm-undertone","value":"warm_undertone"}],"unit_of_measure":"ml","unit_size":10,"unit_size_formatted":"10ml","upc":"020714495466","vto":{"is_color_experience":null,"is_foundation_experience":true}},{"color_family":[{"key":"medium-color","value":"medium_color"}],"coverage_options":null,"cross_sell":{"categories":[{"position":0,"sku_id":"KL3P01"},{"position":1,"sku_id":" KL3P15"},{"position":2,"sku_id":" KL3P28"}]},"display_status":7,"finish":[{"key":"natural-finish","value":"natural_finish"}],"finish_options":[{"key":"natural-finish","value":"natural_finish"}],"fragrances":[{"family":null,"key":null,"value":null}],"iln_listing":null,"iln_version_number":null,"inventory_status":"Active","is_active":true,"is_coming_soon":null,"is_default_sku":false,"is_discountable":true,"is_displayable":null,"is_engravable":null,"is_fragrance":null,"is_giftable":null,"is_giftwrap":false,"is_inactive":null,"is_multi_shaded":null,"is_out_of_stock":null,"is_preorder":false,"is_preorderable":null,"is_promotional":null,"is_replenishable":false,"is_search_suppressed":null,"is_searchable":true,"is_shaded":null,"is_sized":null,"is_sold_out":null,"is_under_weight_hazmat":false,"is_vto_enabled":null,"life_of_product":"Basic Reorder","material_code":"6MNY29A000","media":{"large":[{"alt":"Even Better Fondöten SPF 15","height":1200,"position":1,"src":"/media/export/cms/products/1200x1500/cl_sku_6MNY29_1200x1500_0.png","type":"image","width":1500}],"medium":[{"alt":"Even Better Fondöten SPF 15","height":600,"position":3,"src":"/media/export/cms/products/600x750/cl_sku_6MNY29_600x750_0.png","type":"image","width":750}],"model":[{"alt":"Even Better Fondöten SPF 15","height":null,"position":2,"src":"/media/export/cms/model/M2.jpg","type":"image","width":null}],"poster":null,"small":[{"alt":"Even Better Fondöten SPF 15","height":1200,"position":4,"src":"/media/export/cms/products/1200x1500/cl_sku_6MNY29_1200x1500_0.png","type":"image","width":1500}],"smoosh":[{"alt":"Even Better Fondöten SPF 15","height":1200,"position":0,"src":"/media/export/cms/products/1200x1500/swatches_v3/41_ns_ng.png","type":"image","width":1500}],"xl":null},"out_of_stock_threshold":null,"perlgem":{"SKU_BASE_ID":31803},"preorder_date":null,"prices":[{"currency":"TRY","exclude_tax":{"original_price":265,"original_price_formatted":"265.00 TL","price":265,"price_formatted":"265.00 TL","price_per_unit":null,"price_per_unit_formatted":""},"include_tax":{"original_price":265,"original_price_formatted":"265.00 TL","price":265,"price_formatted":"265.00 TL","price_per_unit":null,"price_per_unit_formatted":""},"is_discounted":false}],"purchase_limit":null,"replenishment":{"message":null},"reviews":{"average_rating":null,"number_of_questions":null,"number_of_reviews":null},"set_components":null,"shade_groups":null,"shades":[{"description":"","hex_val":"#D29560","image":{"height":null,"src":"","width":null},"name":"WN 82 Latte","smoosh_design":{"group_id":null,"name":"41::none::none"}}],"sizes":[{"key":1,"value":"30ml"}],"skin":{"tone":null,"type":[{"key":"combination-skintype","value":"combination_skintype"},{"key":"dry-skintype","value":"dry_skintype"}],"type_description":null},"sku_badge":null,"sku_badge_image":null,"sku_display_order":34,"sku_id":"6MNY29","sku_promo_messaging":null,"sku_type":"SE","sku_url":null,"tags":{"total":4,"items":[{"id":"17859","key":"çok-satanlar","value":"ÇOK SATANLAR"},{"id":"1599","key":"fondöten","value":"FONDÖTEN"},{"id":"1592","key":"makyaj","value":"MAKYAJ"},{"id":"1596","key":"göz-alti-kapaticilari","value":"GÖZ ALTI KAPATICILARI"}]},"texture":null,"undertone":[{"key":"warm-undertone","value":"warm_undertone"}],"unit_of_measure":null,"unit_size":0,"unit_size_formatted":null,"upc":"020714495473","vto":{"is_color_experience":null,"is_foundation_experience":true}},{"color_family":[{"key":"medium-color","value":"medium_color"}],"coverage_options":null,"cross_sell":{"categories":[{"position":0,"sku_id":"KL3P04"},{"position":1,"sku_id":" KL3P21"},{"position":2,"sku_id":" KL3P23"}]},"display_status":7,"finish":[{"key":"natural-finish","value":"natural_finish"}],"finish_options":[{"key":"natural-finish","value":"natural_finish"}],"fragrances":[{"family":null,"key":null,"value":null}],"iln_listing":null,"iln_version_number":null,"inventory_status":"Active","is_active":true,"is_coming_soon":null,"is_default_sku":false,"is_discountable":true,"is_displayable":null,"is_engravable":null,"is_fragrance":null,"is_giftable":null,"is_giftwrap":false,"is_inactive":null,"is_multi_shaded":null,"is_out_of_stock":null,"is_preorder":false,"is_preorderable":null,"is_promotional":null,"is_replenishable":true,"is_search_suppressed":null,"is_searchable":true,"is_shaded":null,"is_sized":null,"is_sold_out":null,"is_under_weight_hazmat":false,"is_vto_enabled":null,"life_of_product":"Discontinued","material_code":"6MNY09A000","media":{"large":[{"alt":"Even Better Fondöten SPF 15","height":1200,"position":1,"src":"/media/export/cms/products/1200x1500/cl_sku_6MNY09_1200x1500_0.png","type":"image","width":1500}],"medium":[{"alt":"Even Better Fondöten SPF 15","height":600,"position":3,"src":"/media/export/cms/products/600x750/cl_sku_6MNY09_600x750_0.png","type":"image","width":750}],"model":[{"alt":"Even Better Fondöten SPF 15","height":null,"position":2,"src":"/media/export/cms/model/M2.jpg","type":"image","width":null}],"poster":null,"small":[{"alt":"Even Better Fondöten SPF 15","height":1200,"position":4,"src":"/media/export/cms/products/1200x1500/cl_sku_6MNY09_1200x1500_0.png","type":"image","width":1500}],"smoosh":[{"alt":"Even Better Fondöten SPF 15","height":1200,"position":0,"src":"/media/export/cms/products/1200x1500/swatches_v3/41_ns_ng.png","type":"image","width":1500}],"xl":null},"out_of_stock_threshold":null,"perlgem":{"SKU_BASE_ID":14125},"preorder_date":null,"prices":[{"currency":"TRY","exclude_tax":{"original_price":265,"original_price_formatted":"265.00 TL","price":265,"price_formatted":"265.00 TL","price_per_unit":null,"price_per_unit_formatted":""},"include_tax":{"original_price":265,"original_price_formatted":"265.00 TL","price":265,"price_formatted":"265.00 TL","price_per_unit":null,"price_per_unit_formatted":""},"is_discounted":false}],"purchase_limit":null,"replenishment":{"message":"Never run low on your favourites. Sign up for Auto-Ship. Learn more >"},"reviews":{"average_rating":null,"number_of_questions":null,"number_of_reviews":null},"set_components":null,"shade_groups":null,"shades":[{"description":"","hex_val":"#ca9c72","image":{"height":null,"src":"","width":null},"name":"CN 90 Sand","smoosh_design":{"group_id":null,"name":"41::none::none"}}],"sizes":[{"key":1,"value":"30 ml"}],"skin":{"tone":null,"type":[{"key":"combination-skintype","value":"combination_skintype"},{"key":"dry-skintype","value":"dry_skintype"}],"type_description":null},"sku_badge":null,"sku_badge_image":null,"sku_display_order":35,"sku_id":"6MNY09","sku_promo_messaging":null,"sku_type":"SE","sku_url":null,"tags":{"total":19,"items":[{"id":"27174","key":"day7flashsale","value":"Day7FlashSale"},{"id":"9428","key":"top10","value":"top10"},{"id":"1590","key":"i̇ndi̇ri̇mli̇-ürünler","value":"İNDİRİMLİ ÜRÜNLER"},{"id":"17859","key":"çok-satanlar","value":"ÇOK SATANLAR"},{"id":"19400","key":"20-discounted-products","value":"%20 discounted products"},{"id":"1599","key":"fondöten","value":"FONDÖTEN"},{"id":"1693","key":"lekeler","value":"Lekeler"},{"id":"10589","key":"offers-lp","value":"Offers LP"},{"id":"13562","key":"yeni̇-yil-makyaj","value":"YENİ YIL MAKYAJ"},{"id":"12537","key":"çok-satan-makyaj-ürünleri̇","value":"ÇOK SATAN MAKYAJ ÜRÜNLERİ"},{"id":"1592","key":"makyaj","value":"MAKYAJ"},{"id":"8194","key":"en-çok-satan-10","value":"En Çok Satan 10 "},{"id":"9425","key":"top-rated-makeup","value":"top rated makeup"},{"id":"27172","key":"day5flashsale","value":"Day5FlashSale"},{"id":"25016","key":"top-sellers","value":"Top Sellers"},{"id":"9422","key":"socialmediafavs","value":"socialmediafavs"},{"id":"27171","key":"day4flashsale","value":"Day4FlashSale"},{"id":"1575","key":"en-çok-satanlar","value":"En Çok Satanlar"},{"id":"13770","key":"recommended-clinique-favourites","value":"Recommended Clinique Favourites"}]},"texture":null,"undertone":[{"key":"cool-undertone","value":"cool_undertone"}],"unit_of_measure":null,"unit_size":null,"unit_size_formatted":null,"upc":"020714324681","vto":{"is_color_experience":null,"is_foundation_experience":true}},{"color_family":[{"key":"medium-color","value":"medium_color"}],"coverage_options":null,"cross_sell":{"categories":[{"position":0,"sku_id":"KL3P04"},{"position":1,"sku_id":" KL3P13"},{"position":2,"sku_id":" KL3P28"}]},"display_status":7,"finish":[{"key":"natural-finish","value":"natural_finish"}],"finish_options":[{"key":"natural-finish","value":"natural_finish"}],"fragrances":[{"family":null,"key":null,"value":null}],"iln_listing":null,"iln_version_number":null,"inventory_status":"Active","is_active":true,"is_coming_soon":null,"is_default_sku":false,"is_discountable":true,"is_displayable":null,"is_engravable":null,"is_fragrance":null,"is_giftable":null,"is_giftwrap":false,"is_inactive":null,"is_multi_shaded":null,"is_out_of_stock":null,"is_preorder":false,"is_preorderable":null,"is_promotional":null,"is_replenishable":false,"is_search_suppressed":null,"is_searchable":true,"is_shaded":null,"is_sized":null,"is_sold_out":null,"is_under_weight_hazmat":false,"is_vto_enabled":null,"life_of_product":"Basic Reorder","material_code":"6MNY540000","media":{"large":[{"alt":"Even Better Fondöten SPF 15","height":1200,"position":1,"src":"/media/export/cms/products/1200x1500/cl_sku_6MNY54_1200x1500_0.png","type":"image","width":1500}],"medium":[{"alt":"Even Better Fondöten SPF 15","height":600,"position":2,"src":"/media/export/cms/products/600x750/cl_sku_6MNY54_600x750_0.png","type":"image","width":750}],"model":null,"poster":null,"small":[{"alt":"Even Better Fondöten SPF 15","height":1200,"position":3,"src":"/media/export/cms/products/1200x1500/cl_sku_6MNY54_1200x1500_0.png","type":"image","width":1500}],"smoosh":[{"alt":"Even Better Fondöten SPF 15","height":1200,"position":0,"src":"/media/export/cms/products/1200x1500/swatches_v3/41_ns_ng.png","type":"image","width":1500}],"xl":null},"out_of_stock_threshold":null,"perlgem":{"SKU_BASE_ID":95522},"preorder_date":null,"prices":[{"currency":"TRY","exclude_tax":{"original_price":285,"original_price_formatted":"285.00 TL","price":285,"price_formatted":"285.00 TL","price_per_unit":null,"price_per_unit_formatted":""},"include_tax":{"original_price":285,"original_price_formatted":"285.00 TL","price":285,"price_formatted":"285.00 TL","price_per_unit":null,"price_per_unit_formatted":""},"is_discounted":false}],"purchase_limit":null,"replenishment":{"message":null},"reviews":{"average_rating":null,"number_of_questions":null,"number_of_reviews":null},"set_components":null,"shade_groups":null,"shades":[{"description":"","hex_val":"#db9465","image":{"height":null,"src":"","width":null},"name":"WN 92 Toasted Almond","smoosh_design":{"group_id":null,"name":"41::none::none"}}],"sizes":[{"key":1,"value":"30 ml"}],"skin":{"tone":null,"type":[{"key":"combination-skintype","value":"combination_skintype"},{"key":"dry-skintype","value":"dry_skintype"}],"type_description":null},"sku_badge":null,"sku_badge_image":null,"sku_display_order":36,"sku_id":"6MNY54","sku_promo_messaging":null,"sku_type":"SE","sku_url":null,"tags":{"total":10,"items":[{"id":"27174","key":"day7flashsale","value":"Day7FlashSale"},{"id":"9428","key":"top10","value":"top10"},{"id":"1599","key":"fondöten","value":"FONDÖTEN"},{"id":"12537","key":"çok-satan-makyaj-ürünleri̇","value":"ÇOK SATAN MAKYAJ ÜRÜNLERİ"},{"id":"1592","key":"makyaj","value":"MAKYAJ"},{"id":"8194","key":"en-çok-satan-10","value":"En Çok Satan 10 "},{"id":"27172","key":"day5flashsale","value":"Day5FlashSale"},{"id":"25016","key":"top-sellers","value":"Top Sellers"},{"id":"27171","key":"day4flashsale","value":"Day4FlashSale"},{"id":"1575","key":"en-çok-satanlar","value":"En Çok Satanlar"}]},"texture":null,"undertone":[{"key":"warm-undertone","value":"warm_undertone"}],"unit_of_measure":null,"unit_size":null,"unit_size_formatted":null,"upc":"020714977122","vto":{"is_color_experience":null,"is_foundation_experience":true}},{"color_family":[{"key":"medium-color","value":"medium_color"}],"coverage_options":null,"cross_sell":{"categories":[{"position":0,"sku_id":"KL3P04"},{"position":1,"sku_id":" KL3P13"},{"position":2,"sku_id":" KL3P18"}]},"display_status":7,"finish":[{"key":"natural-finish","value":"natural_finish"}],"finish_options":[{"key":"natural-finish","value":"natural_finish"}],"fragrances":[{"family":null,"key":null,"value":null}],"iln_listing":null,"iln_version_number":null,"inventory_status":"Active","is_active":true,"is_coming_soon":null,"is_default_sku":false,"is_discountable":true,"is_displayable":null,"is_engravable":null,"is_fragrance":null,"is_giftable":null,"is_giftwrap":false,"is_inactive":null,"is_multi_shaded":null,"is_out_of_stock":null,"is_preorder":false,"is_preorderable":null,"is_promotional":null,"is_replenishable":false,"is_search_suppressed":null,"is_searchable":true,"is_shaded":null,"is_sized":null,"is_sold_out":null,"is_under_weight_hazmat":false,"is_vto_enabled":null,"life_of_product":"Basic Reorder","material_code":"6MNY18A000","media":{"large":[{"alt":"Even Better Fondöten SPF 15","height":1200,"position":1,"src":"/media/export/cms/products/1200x1500/cl_sku_6MNY18_1200x1500_0.png","type":"image","width":1500}],"medium":[{"alt":"Even Better Fondöten SPF 15","height":600,"position":3,"src":"/media/export/cms/products/600x750/cl_sku_6MNY18_600x750_0.png","type":"image","width":750}],"model":[{"alt":"Even Better Fondöten SPF 15","height":null,"position":2,"src":"/media/export/cms/model/M2.jpg","type":"image","width":null}],"poster":null,"small":[{"alt":"Even Better Fondöten SPF 15","height":1200,"position":4,"src":"/media/export/cms/products/1200x1500/cl_sku_6MNY18_1200x1500_0.png","type":"image","width":1500}],"smoosh":[{"alt":"Even Better Fondöten SPF 15","height":1200,"position":0,"src":"/media/export/cms/products/1200x1500/swatches_v3/41_ns_ng.png","type":"image","width":1500}],"xl":null},"out_of_stock_threshold":null,"perlgem":{"SKU_BASE_ID":14134},"preorder_date":null,"prices":[{"currency":"TRY","exclude_tax":{"original_price":265,"original_price_formatted":"265.00 TL","price":265,"price_formatted":"265.00 TL","price_per_unit":null,"price_per_unit_formatted":""},"include_tax":{"original_price":265,"original_price_formatted":"265.00 TL","price":265,"price_formatted":"265.00 TL","price_per_unit":null,"price_per_unit_formatted":""},"is_discounted":false}],"purchase_limit":null,"replenishment":{"message":null},"reviews":{"average_rating":null,"number_of_questions":null,"number_of_reviews":null},"set_components":null,"shade_groups":null,"shades":[{"description":"","hex_val":"#D28E55","image":{"height":null,"src":"","width":null},"name":"WN 94 Deep Neutral","smoosh_design":{"group_id":null,"name":"41::none::none"}}],"sizes":[{"key":1,"value":"30 ml"}],"skin":{"tone":null,"type":[{"key":"combination-skintype","value":"combination_skintype"},{"key":"dry-skintype","value":"dry_skintype"}],"type_description":null},"sku_badge":null,"sku_badge_image":null,"sku_display_order":37,"sku_id":"6MNY18","sku_promo_messaging":null,"sku_type":"SE","sku_url":null,"tags":{"total":3,"items":[{"id":"1590","key":"i̇ndi̇ri̇mli̇-ürünler","value":"İNDİRİMLİ ÜRÜNLER"},{"id":"1599","key":"fondöten","value":"FONDÖTEN"},{"id":"1596","key":"göz-alti-kapaticilari","value":"GÖZ ALTI KAPATICILARI"}]},"texture":null,"undertone":[{"key":"warm-undertone","value":"warm_undertone"}],"unit_of_measure":null,"unit_size":0,"unit_size_formatted":null,"upc":"020714324773","vto":{"is_color_experience":null,"is_foundation_experience":true}},{"color_family":[{"key":"medium-color","value":"medium_color"}],"coverage_options":null,"cross_sell":{"categories":[{"position":0,"sku_id":"KL3P14"},{"position":1,"sku_id":" KL3P21"},{"position":2,"sku_id":" KL3P28"}]},"display_status":7,"finish":[{"key":"natural-finish","value":"natural_finish"}],"finish_options":[{"key":"natural-finish","value":"natural_finish"}],"fragrances":[{"family":null,"key":null,"value":null}],"iln_listing":null,"iln_version_number":null,"inventory_status":"Active","is_active":true,"is_coming_soon":null,"is_default_sku":false,"is_discountable":true,"is_displayable":null,"is_engravable":null,"is_fragrance":null,"is_giftable":null,"is_giftwrap":false,"is_inactive":null,"is_multi_shaded":null,"is_out_of_stock":null,"is_preorder":false,"is_preorderable":null,"is_promotional":null,"is_replenishable":true,"is_search_suppressed":null,"is_searchable":true,"is_shaded":null,"is_sized":null,"is_sold_out":null,"is_under_weight_hazmat":false,"is_vto_enabled":null,"life_of_product":"Basic Reorder","material_code":"6MNY360000","media":{"large":[{"alt":"Even Better Fondöten SPF 15","height":1200,"position":1,"src":"/media/export/cms/products/1200x1500/cl_sku_6MNY36_1200x1500_0.png","type":"image","width":1500}],"medium":[{"alt":"Even Better Fondöten SPF 15","height":600,"position":2,"src":"/media/export/cms/products/600x750/cl_sku_6MNY36_600x750_0.png","type":"image","width":750}],"model":null,"poster":null,"small":[{"alt":"Even Better Fondöten SPF 15","height":1200,"position":3,"src":"/media/export/cms/products/1200x1500/cl_sku_6MNY36_1200x1500_0.png","type":"image","width":1500}],"smoosh":[{"alt":"Even Better Fondöten SPF 15","height":1200,"position":0,"src":"/media/export/cms/products/1200x1500/swatches_v3/41_ns_ng.png","type":"image","width":1500}],"xl":null},"out_of_stock_threshold":null,"perlgem":{"SKU_BASE_ID":82915},"preorder_date":null,"prices":[{"currency":"TRY","exclude_tax":{"original_price":285,"original_price_formatted":"285.00 TL","price":285,"price_formatted":"285.00 TL","price_per_unit":2850,"price_per_unit_formatted":"2850.00 TL / 10ml"},"include_tax":{"original_price":285,"original_price_formatted":"285.00 TL","price":285,"price_formatted":"285.00 TL","price_per_unit":2850,"price_per_unit_formatted":"2850.00 TL / 10ml"},"is_discounted":false}],"purchase_limit":null,"replenishment":{"message":null},"reviews":{"average_rating":null,"number_of_questions":null,"number_of_reviews":null},"set_components":null,"shade_groups":null,"shades":[{"description":"","hex_val":"#d8955a","image":{"height":null,"src":"","width":null},"name":"WN 96 Chai","smoosh_design":{"group_id":null,"name":"41::none::none"}}],"sizes":[{"key":1,"value":"1.0 oz/30 ml"}],"skin":{"tone":null,"type":[{"key":"combination-skintype","value":"combination_skintype"},{"key":"dry-skintype","value":"dry_skintype"}],"type_description":null},"sku_badge":null,"sku_badge_image":null,"sku_display_order":38,"sku_id":"6MNY36","sku_promo_messaging":null,"sku_type":"SE","sku_url":null,"tags":{"total":2,"items":[{"id":"1590","key":"i̇ndi̇ri̇mli̇-ürünler","value":"İNDİRİMLİ ÜRÜNLER"},{"id":"1599","key":"fondöten","value":"FONDÖTEN"}]},"texture":null,"undertone":[{"key":"warm-undertone","value":"warm_undertone"}],"unit_of_measure":"ml","unit_size":10,"unit_size_formatted":"10ml","upc":"020714871000","vto":{"is_color_experience":null,"is_foundation_experience":true}},{"color_family":[{"key":"medium-color","value":"medium_color"}],"coverage_options":null,"cross_sell":{"categories":[{"position":0,"sku_id":"KL3P04"},{"position":1,"sku_id":" KL3P15"},{"position":2,"sku_id":" KL3P28"}]},"display_status":7,"finish":[{"key":"natural-finish","value":"natural_finish"}],"finish_options":[{"key":"natural-finish","value":"natural_finish"}],"fragrances":[{"family":null,"key":null,"value":null}],"iln_listing":null,"iln_version_number":null,"inventory_status":"Active","is_active":true,"is_coming_soon":null,"is_default_sku":false,"is_discountable":true,"is_displayable":null,"is_engravable":null,"is_fragrance":null,"is_giftable":null,"is_giftwrap":false,"is_inactive":null,"is_multi_shaded":null,"is_out_of_stock":null,"is_preorder":false,"is_preorderable":null,"is_promotional":null,"is_replenishable":true,"is_search_suppressed":null,"is_searchable":true,"is_shaded":null,"is_sized":null,"is_sold_out":null,"is_under_weight_hazmat":false,"is_vto_enabled":null,"life_of_product":"Basic Reorder","material_code":"6MNY370000","media":{"large":[{"alt":"Even Better Fondöten SPF 15","height":1200,"position":1,"src":"/media/export/cms/products/1200x1500/cl_sku_6MNY37_1200x1500_0.png","type":"image","width":1500}],"medium":[{"alt":"Even Better Fondöten SPF 15","height":600,"position":2,"src":"/media/export/cms/products/600x750/cl_sku_6MNY37_600x750_0.png","type":"image","width":750}],"model":null,"poster":null,"small":[{"alt":"Even Better Fondöten SPF 15","height":1200,"position":3,"src":"/media/export/cms/products/1200x1500/cl_sku_6MNY37_1200x1500_0.png","type":"image","width":1500}],"smoosh":[{"alt":"Even Better Fondöten SPF 15","height":1200,"position":0,"src":"/media/export/cms/products/1200x1500/swatches_v3/41_ns_ng.png","type":"image","width":1500}],"xl":null},"out_of_stock_threshold":null,"perlgem":{"SKU_BASE_ID":82916},"preorder_date":null,"prices":[{"currency":"TRY","exclude_tax":{"original_price":285,"original_price_formatted":"285.00 TL","price":285,"price_formatted":"285.00 TL","price_per_unit":2850,"price_per_unit_formatted":"2850.00 TL / 10ml"},"include_tax":{"original_price":285,"original_price_formatted":"285.00 TL","price":285,"price_formatted":"285.00 TL","price_per_unit":2850,"price_per_unit_formatted":"2850.00 TL / 10ml"},"is_discounted":false}],"purchase_limit":null,"replenishment":{"message":null},"reviews":{"average_rating":null,"number_of_questions":null,"number_of_reviews":null},"set_components":null,"shade_groups":null,"shades":[{"description":"","hex_val":"#bc8054","image":{"height":null,"src":"","width":null},"name":"WN 100 Deep Honey","smoosh_design":{"group_id":null,"name":"41::none::none"}}],"sizes":[{"key":1,"value":"1.0 oz/30 ml"}],"skin":{"tone":null,"type":[{"key":"combination-skintype","value":"combination_skintype"},{"key":"dry-skintype","value":"dry_skintype"}],"type_description":null},"sku_badge":null,"sku_badge_image":null,"sku_display_order":40,"sku_id":"6MNY37","sku_promo_messaging":null,"sku_type":"SE","sku_url":null,"tags":{"total":11,"items":[{"id":"27174","key":"day7flashsale","value":"Day7FlashSale"},{"id":"9428","key":"top10","value":"top10"},{"id":"1599","key":"fondöten","value":"FONDÖTEN"},{"id":"12537","key":"çok-satan-makyaj-ürünleri̇","value":"ÇOK SATAN MAKYAJ ÜRÜNLERİ"},{"id":"1592","key":"makyaj","value":"MAKYAJ"},{"id":"8194","key":"en-çok-satan-10","value":"En Çok Satan 10 "},{"id":"19288","key":"sale","value":"sale"},{"id":"27172","key":"day5flashsale","value":"Day5FlashSale"},{"id":"25016","key":"top-sellers","value":"Top Sellers"},{"id":"27171","key":"day4flashsale","value":"Day4FlashSale"},{"id":"1575","key":"en-çok-satanlar","value":"En Çok Satanlar"}]},"texture":null,"undertone":[{"key":"warm-undertone","value":"warm_undertone"}],"unit_of_measure":"ml","unit_size":10,"unit_size_formatted":"10ml","upc":"020714871017","vto":{"is_color_experience":null,"is_foundation_experience":true}},{"color_family":[{"key":"medium-color","value":"medium_color"}],"coverage_options":null,"cross_sell":{"categories":[{"position":0,"sku_id":"KL3P01"},{"position":1,"sku_id":" KL3P15"},{"position":2,"sku_id":" KL3P28"}]},"display_status":7,"finish":[{"key":"natural-finish","value":"natural_finish"}],"finish_options":[{"key":"natural-finish","value":"natural_finish"}],"fragrances":[{"family":null,"key":null,"value":null}],"iln_listing":null,"iln_version_number":null,"inventory_status":"Active","is_active":true,"is_coming_soon":null,"is_default_sku":false,"is_discountable":true,"is_displayable":null,"is_engravable":null,"is_fragrance":null,"is_giftable":null,"is_giftwrap":false,"is_inactive":null,"is_multi_shaded":null,"is_out_of_stock":null,"is_preorder":false,"is_preorderable":null,"is_promotional":null,"is_replenishable":false,"is_search_suppressed":null,"is_searchable":true,"is_shaded":null,"is_sized":null,"is_sold_out":null,"is_under_weight_hazmat":false,"is_vto_enabled":null,"life_of_product":"Basic Reorder","material_code":"6MNY30A000","media":{"large":[{"alt":"Even Better Fondöten SPF 15","height":1200,"position":1,"src":"/media/export/cms/products/1200x1500/cl_sku_6MNY30_1200x1500_0.png","type":"image","width":1500}],"medium":[{"alt":"Even Better Fondöten SPF 15","height":600,"position":3,"src":"/media/export/cms/products/600x750/cl_sku_6MNY30_600x750_0.png","type":"image","width":750}],"model":[{"alt":"Even Better Fondöten SPF 15","height":null,"position":2,"src":"/media/export/cms/model/M3.jpg","type":"image","width":null}],"poster":null,"small":[{"alt":"Even Better Fondöten SPF 15","height":1200,"position":4,"src":"/media/export/cms/products/1200x1500/cl_sku_6MNY30_1200x1500_0.png","type":"image","width":1500}],"smoosh":[{"alt":"Even Better Fondöten SPF 15","height":1200,"position":0,"src":"/media/export/cms/products/1200x1500/swatches_v3/41_ns_ng.png","type":"image","width":1500}],"xl":null},"out_of_stock_threshold":null,"perlgem":{"SKU_BASE_ID":31804},"preorder_date":null,"prices":[{"currency":"TRY","exclude_tax":{"original_price":285,"original_price_formatted":"285.00 TL","price":285,"price_formatted":"285.00 TL","price_per_unit":null,"price_per_unit_formatted":""},"include_tax":{"original_price":285,"original_price_formatted":"285.00 TL","price":285,"price_formatted":"285.00 TL","price_per_unit":null,"price_per_unit_formatted":""},"is_discounted":false}],"purchase_limit":null,"replenishment":{"message":null},"reviews":{"average_rating":null,"number_of_questions":null,"number_of_reviews":null},"set_components":null,"shade_groups":null,"shades":[{"description":"","hex_val":"#C58342","image":{"height":null,"src":"","width":null},"name":"WN 104 Toffee","smoosh_design":{"group_id":null,"name":"41::none::none"}}],"sizes":[{"key":1,"value":"30 ml"}],"skin":{"tone":null,"type":[{"key":"combination-skintype","value":"combination_skintype"},{"key":"dry-skintype","value":"dry_skintype"}],"type_description":null},"sku_badge":null,"sku_badge_image":null,"sku_display_order":41,"sku_id":"6MNY30","sku_promo_messaging":null,"sku_type":"SE","sku_url":null,"tags":{"total":6,"items":[{"id":"1590","key":"i̇ndi̇ri̇mli̇-ürünler","value":"İNDİRİMLİ ÜRÜNLER"},{"id":"17859","key":"çok-satanlar","value":"ÇOK SATANLAR"},{"id":"1599","key":"fondöten","value":"FONDÖTEN"},{"id":"13562","key":"yeni̇-yil-makyaj","value":"YENİ YIL MAKYAJ"},{"id":"1592","key":"makyaj","value":"MAKYAJ"},{"id":"1596","key":"göz-alti-kapaticilari","value":"GÖZ ALTI KAPATICILARI"}]},"texture":null,"undertone":[{"key":"warm-undertone","value":"warm_undertone"}],"unit_of_measure":null,"unit_size":0,"unit_size_formatted":null,"upc":"020714495480","vto":{"is_color_experience":null,"is_foundation_experience":true}},{"color_family":[{"key":"dark-color","value":"dark_color"}],"coverage_options":null,"cross_sell":{"categories":[{"position":0,"sku_id":"KL3P04"},{"position":1,"sku_id":" KL3P15"},{"position":2,"sku_id":" KL3P28"}]},"display_status":7,"finish":[{"key":"natural-finish","value":"natural_finish"}],"finish_options":[{"key":"natural-finish","value":"natural_finish"}],"fragrances":[{"family":null,"key":null,"value":null}],"iln_listing":null,"iln_version_number":null,"inventory_status":"Active","is_active":true,"is_coming_soon":null,"is_default_sku":false,"is_discountable":true,"is_displayable":null,"is_engravable":null,"is_fragrance":null,"is_giftable":null,"is_giftwrap":false,"is_inactive":null,"is_multi_shaded":null,"is_out_of_stock":null,"is_preorder":false,"is_preorderable":null,"is_promotional":null,"is_replenishable":true,"is_search_suppressed":null,"is_searchable":true,"is_shaded":null,"is_sized":null,"is_sold_out":null,"is_under_weight_hazmat":false,"is_vto_enabled":null,"life_of_product":"Basic Reorder","material_code":"6MNY12A000","media":{"large":[{"alt":"Even Better Fondöten SPF 15","height":1200,"position":1,"src":"/media/export/cms/products/1200x1500/cl_sku_6MNY12_1200x1500_0.png","type":"image","width":1500}],"medium":[{"alt":"Even Better Fondöten SPF 15","height":600,"position":3,"src":"/media/export/cms/products/600x750/cl_sku_6MNY12_600x750_0.png","type":"image","width":750}],"model":[{"alt":"Even Better Fondöten SPF 15","height":null,"position":2,"src":"/media/export/cms/model/M3,D1.jpg","type":"image","width":null}],"poster":null,"small":[{"alt":"Even Better Fondöten SPF 15","height":1200,"position":4,"src":"/media/export/cms/products/1200x1500/cl_sku_6MNY12_1200x1500_0.png","type":"image","width":1500}],"smoosh":[{"alt":"Even Better Fondöten SPF 15","height":1200,"position":0,"src":"/media/export/cms/products/1200x1500/swatches_v3/41_ns_ng.png","type":"image","width":1500}],"xl":null},"out_of_stock_threshold":null,"perlgem":{"SKU_BASE_ID":14128},"preorder_date":null,"prices":[{"currency":"TRY","exclude_tax":{"original_price":265,"original_price_formatted":"265.00 TL","price":265,"price_formatted":"265.00 TL","price_per_unit":null,"price_per_unit_formatted":""},"include_tax":{"original_price":265,"original_price_formatted":"265.00 TL","price":265,"price_formatted":"265.00 TL","price_per_unit":null,"price_per_unit_formatted":""},"is_discounted":false}],"purchase_limit":null,"replenishment":{"message":null},"reviews":{"average_rating":null,"number_of_questions":null,"number_of_reviews":null},"set_components":null,"shade_groups":null,"shades":[{"description":"","hex_val":"#be793e","image":{"height":null,"src":"","width":null},"name":"WN 112 Ginger","smoosh_design":{"group_id":null,"name":"41::none::none"}}],"sizes":[{"key":1,"value":"30ml"}],"skin":{"tone":null,"type":[{"key":"combination-skintype","value":"combination_skintype"},{"key":"dry-skintype","value":"dry_skintype"}],"type_description":null},"sku_badge":null,"sku_badge_image":null,"sku_display_order":43,"sku_id":"6MNY12","sku_promo_messaging":null,"sku_type":"SE","sku_url":null,"tags":{"total":5,"items":[{"id":"1590","key":"i̇ndi̇ri̇mli̇-ürünler","value":"İNDİRİMLİ ÜRÜNLER"},{"id":"17859","key":"çok-satanlar","value":"ÇOK SATANLAR"},{"id":"1599","key":"fondöten","value":"FONDÖTEN"},{"id":"1592","key":"makyaj","value":"MAKYAJ"},{"id":"1596","key":"göz-alti-kapaticilari","value":"GÖZ ALTI KAPATICILARI"}]},"texture":null,"undertone":[{"key":"warm-undertone","value":"warm_undertone"}],"unit_of_measure":null,"unit_size":0,"unit_size_formatted":null,"upc":"020714324711","vto":{"is_color_experience":null,"is_foundation_experience":true}},{"color_family":[{"key":"medium-color","value":"medium_color"}],"coverage_options":null,"cross_sell":{"categories":[{"position":0,"sku_id":"KL3P09"},{"position":1,"sku_id":" KL3P15"},{"position":2,"sku_id":" KL3P28"}]},"display_status":7,"finish":[{"key":"natural-finish","value":"natural_finish"}],"finish_options":[{"key":"natural-finish","value":"natural_finish"}],"fragrances":[{"family":null,"key":null,"value":null}],"iln_listing":null,"iln_version_number":null,"inventory_status":"Active","is_active":true,"is_coming_soon":null,"is_default_sku":false,"is_discountable":true,"is_displayable":null,"is_engravable":null,"is_fragrance":null,"is_giftable":null,"is_giftwrap":false,"is_inactive":null,"is_multi_shaded":null,"is_out_of_stock":null,"is_preorder":false,"is_preorderable":null,"is_promotional":null,"is_replenishable":false,"is_search_suppressed":null,"is_searchable":true,"is_shaded":null,"is_sized":null,"is_sold_out":null,"is_under_weight_hazmat":false,"is_vto_enabled":null,"life_of_product":"Basic Reorder","material_code":"6MNY550000","media":{"large":[{"alt":"Even Better Fondöten SPF 15","height":1200,"position":1,"src":"/media/export/cms/products/1200x1500/cl_sku_6MNY55_1200x1500_0.png","type":"image","width":1500}],"medium":[{"alt":"Even Better Fondöten SPF 15","height":600,"position":2,"src":"/media/export/cms/products/600x750/cl_sku_6MNY55_600x750_0.png","type":"image","width":750}],"model":null,"poster":null,"small":[{"alt":"Even Better Fondöten SPF 15","height":1200,"position":3,"src":"/media/export/cms/products/1200x1500/cl_sku_6MNY55_1200x1500_0.png","type":"image","width":1500}],"smoosh":[{"alt":"Even Better Fondöten SPF 15","height":1200,"position":0,"src":"/media/export/cms/products/1200x1500/swatches_v3/41_ns_ng.png","type":"image","width":1500}],"xl":null},"out_of_stock_threshold":null,"perlgem":{"SKU_BASE_ID":95523},"preorder_date":null,"prices":[{"currency":"TRY","exclude_tax":{"original_price":265,"original_price_formatted":"265.00 TL","price":265,"price_formatted":"265.00 TL","price_per_unit":null,"price_per_unit_formatted":""},"include_tax":{"original_price":265,"original_price_formatted":"265.00 TL","price":265,"price_formatted":"265.00 TL","price_per_unit":null,"price_per_unit_formatted":""},"is_discounted":false}],"purchase_limit":null,"replenishment":{"message":null},"reviews":{"average_rating":null,"number_of_questions":null,"number_of_reviews":null},"set_components":null,"shade_groups":null,"shades":[{"description":"","hex_val":"#bc764c","image":{"height":null,"src":"","width":null},"name":"CN 113 Sepia","smoosh_design":{"group_id":null,"name":"41::none::none"}}],"sizes":[{"key":1,"value":"30 ml"}],"skin":{"tone":null,"type":[{"key":"combination-skintype","value":"combination_skintype"},{"key":"dry-skintype","value":"dry_skintype"}],"type_description":null},"sku_badge":null,"sku_badge_image":null,"sku_display_order":44,"sku_id":"6MNY55","sku_promo_messaging":null,"sku_type":"SE","sku_url":null,"tags":{"total":12,"items":[{"id":"27174","key":"day7flashsale","value":"Day7FlashSale"},{"id":"9428","key":"top10","value":"top10"},{"id":"1590","key":"i̇ndi̇ri̇mli̇-ürünler","value":"İNDİRİMLİ ÜRÜNLER"},{"id":"1599","key":"fondöten","value":"FONDÖTEN"},{"id":"12537","key":"çok-satan-makyaj-ürünleri̇","value":"ÇOK SATAN MAKYAJ ÜRÜNLERİ"},{"id":"1592","key":"makyaj","value":"MAKYAJ"},{"id":"8194","key":"en-çok-satan-10","value":"En Çok Satan 10 "},{"id":"19288","key":"sale","value":"sale"},{"id":"27172","key":"day5flashsale","value":"Day5FlashSale"},{"id":"25016","key":"top-sellers","value":"Top Sellers"},{"id":"27171","key":"day4flashsale","value":"Day4FlashSale"},{"id":"1575","key":"en-çok-satanlar","value":"En Çok Satanlar"}]},"texture":null,"undertone":[{"key":"cool-undertone","value":"cool_undertone"}],"unit_of_measure":null,"unit_size":null,"unit_size_formatted":null,"upc":"020714977139","vto":{"is_color_experience":null,"is_foundation_experience":true}},{"color_family":[{"key":"dark-color","value":"dark_color"}],"coverage_options":null,"cross_sell":{"categories":[{"position":0,"sku_id":"KL3P04"},{"position":1,"sku_id":" KL3P13"},{"position":2,"sku_id":" KL3P29"}]},"display_status":7,"finish":[{"key":"natural-finish","value":"natural_finish"}],"finish_options":[{"key":"natural-finish","value":"natural_finish"}],"fragrances":[{"family":null,"key":null,"value":null}],"iln_listing":null,"iln_version_number":null,"inventory_status":"Active","is_active":true,"is_coming_soon":null,"is_default_sku":false,"is_discountable":true,"is_displayable":null,"is_engravable":null,"is_fragrance":null,"is_giftable":null,"is_giftwrap":false,"is_inactive":null,"is_multi_shaded":null,"is_out_of_stock":null,"is_preorder":false,"is_preorderable":null,"is_promotional":null,"is_replenishable":true,"is_search_suppressed":null,"is_searchable":true,"is_shaded":null,"is_sized":null,"is_sold_out":null,"is_under_weight_hazmat":false,"is_vto_enabled":null,"life_of_product":"Basic Reorder","material_code":"6MNY10A000","media":{"large":[{"alt":"Even Better Fondöten SPF 15","height":1200,"position":1,"src":"/media/export/cms/products/1200x1500/cl_sku_6MNY10_1200x1500_0.png","type":"image","width":1500}],"medium":[{"alt":"Even Better Fondöten SPF 15","height":600,"position":3,"src":"/media/export/cms/products/600x750/cl_sku_6MNY10_600x750_0.png","type":"image","width":750}],"model":[{"alt":"Even Better Fondöten SPF 15","height":null,"position":2,"src":"/media/export/cms/model/D1.jpg","type":"image","width":null}],"poster":null,"small":[{"alt":"Even Better Fondöten SPF 15","height":1200,"position":4,"src":"/media/export/cms/products/1200x1500/cl_sku_6MNY10_1200x1500_0.png","type":"image","width":1500}],"smoosh":[{"alt":"Even Better Fondöten SPF 15","height":1200,"position":0,"src":"/media/export/cms/products/1200x1500/swatches_v3/41_ns_ng.png","type":"image","width":1500}],"xl":null},"out_of_stock_threshold":null,"perlgem":{"SKU_BASE_ID":14126},"preorder_date":null,"prices":[{"currency":"TRY","exclude_tax":{"original_price":265,"original_price_formatted":"265.00 TL","price":265,"price_formatted":"265.00 TL","price_per_unit":null,"price_per_unit_formatted":""},"include_tax":{"original_price":265,"original_price_formatted":"265.00 TL","price":265,"price_formatted":"265.00 TL","price_per_unit":null,"price_per_unit_formatted":""},"is_discounted":false}],"purchase_limit":null,"replenishment":{"message":null},"reviews":{"average_rating":null,"number_of_questions":null,"number_of_reviews":null},"set_components":null,"shade_groups":null,"shades":[{"description":"","hex_val":"#b47640","image":{"height":null,"src":"","width":null},"name":"WN 114 Golden","smoosh_design":{"group_id":null,"name":"41::none::none"}}],"sizes":[{"key":1,"value":"30ml"}],"skin":{"tone":null,"type":[{"key":"combination-skintype","value":"combination_skintype"},{"key":"dry-skintype","value":"dry_skintype"}],"type_description":null},"sku_badge":null,"sku_badge_image":null,"sku_display_order":45,"sku_id":"6MNY10","sku_promo_messaging":null,"sku_type":"SE","sku_url":null,"tags":{"total":5,"items":[{"id":"1590","key":"i̇ndi̇ri̇mli̇-ürünler","value":"İNDİRİMLİ ÜRÜNLER"},{"id":"17859","key":"çok-satanlar","value":"ÇOK SATANLAR"},{"id":"1599","key":"fondöten","value":"FONDÖTEN"},{"id":"1592","key":"makyaj","value":"MAKYAJ"},{"id":"1596","key":"göz-alti-kapaticilari","value":"GÖZ ALTI KAPATICILARI"}]},"texture":null,"undertone":[{"key":"warm-undertone","value":"warm_undertone"}],"unit_of_measure":null,"unit_size":0,"unit_size_formatted":null,"upc":"020714324698","vto":{"is_color_experience":null,"is_foundation_experience":true}},{"color_family":[{"key":"dark-color","value":"dark_color"}],"coverage_options":null,"cross_sell":{"categories":[{"position":0,"sku_id":"KL3P04"},{"position":1,"sku_id":" KL3P15"},{"position":2,"sku_id":" KL3P28"}]},"display_status":7,"finish":[{"key":"natural-finish","value":"natural_finish"}],"finish_options":[{"key":"natural-finish","value":"natural_finish"}],"fragrances":[{"family":null,"key":null,"value":null}],"iln_listing":null,"iln_version_number":null,"inventory_status":"Active","is_active":true,"is_coming_soon":null,"is_default_sku":false,"is_discountable":true,"is_displayable":null,"is_engravable":null,"is_fragrance":null,"is_giftable":null,"is_giftwrap":false,"is_inactive":null,"is_multi_shaded":null,"is_out_of_stock":null,"is_preorder":false,"is_preorderable":null,"is_promotional":null,"is_replenishable":false,"is_search_suppressed":null,"is_searchable":true,"is_shaded":null,"is_sized":null,"is_sold_out":null,"is_under_weight_hazmat":false,"is_vto_enabled":null,"life_of_product":"Basic Reorder","material_code":"6MNY560000","media":{"large":[{"alt":"Even Better Fondöten SPF 15","height":1200,"position":1,"src":"/media/export/cms/products/1200x1500/cl_sku_6MNY56_1200x1500_0.png","type":"image","width":1500}],"medium":[{"alt":"Even Better Fondöten SPF 15","height":600,"position":2,"src":"/media/export/cms/products/600x750/cl_sku_6MNY56_600x750_0.png","type":"image","width":750}],"model":null,"poster":null,"small":[{"alt":"Even Better Fondöten SPF 15","height":1200,"position":3,"src":"/media/export/cms/products/1200x1500/cl_sku_6MNY56_1200x1500_0.png","type":"image","width":1500}],"smoosh":[{"alt":"Even Better Fondöten SPF 15","height":1200,"position":0,"src":"/media/export/cms/products/1200x1500/swatches_v3/41_ns_ng.png","type":"image","width":1500}],"xl":null},"out_of_stock_threshold":null,"perlgem":{"SKU_BASE_ID":95524},"preorder_date":null,"prices":[{"currency":"TRY","exclude_tax":{"original_price":285,"original_price_formatted":"285.00 TL","price":285,"price_formatted":"285.00 TL","price_per_unit":null,"price_per_unit_formatted":""},"include_tax":{"original_price":285,"original_price_formatted":"285.00 TL","price":285,"price_formatted":"285.00 TL","price_per_unit":null,"price_per_unit_formatted":""},"is_discounted":false}],"purchase_limit":null,"replenishment":{"message":null},"reviews":{"average_rating":null,"number_of_questions":null,"number_of_reviews":null},"set_components":null,"shade_groups":null,"shades":[{"description":"","hex_val":"#b67f54","image":{"height":null,"src":"","width":null},"name":"WN 115.5 Mocha","smoosh_design":{"group_id":null,"name":"41::none::none"}}],"sizes":[{"key":1,"value":"30 ml"}],"skin":{"tone":null,"type":[{"key":"combination-skintype","value":"combination_skintype"},{"key":"dry-skintype","value":"dry_skintype"}],"type_description":null},"sku_badge":null,"sku_badge_image":null,"sku_display_order":46,"sku_id":"6MNY56","sku_promo_messaging":null,"sku_type":"SE","sku_url":null,"tags":{"total":10,"items":[{"id":"27174","key":"day7flashsale","value":"Day7FlashSale"},{"id":"9428","key":"top10","value":"top10"},{"id":"1599","key":"fondöten","value":"FONDÖTEN"},{"id":"12537","key":"çok-satan-makyaj-ürünleri̇","value":"ÇOK SATAN MAKYAJ ÜRÜNLERİ"},{"id":"1592","key":"makyaj","value":"MAKYAJ"},{"id":"8194","key":"en-çok-satan-10","value":"En Çok Satan 10 "},{"id":"27172","key":"day5flashsale","value":"Day5FlashSale"},{"id":"25016","key":"top-sellers","value":"Top Sellers"},{"id":"27171","key":"day4flashsale","value":"Day4FlashSale"},{"id":"1575","key":"en-çok-satanlar","value":"En Çok Satanlar"}]},"texture":null,"undertone":[{"key":"warm-undertone","value":"warm_undertone"}],"unit_of_measure":null,"unit_size":null,"unit_size_formatted":null,"upc":"020714977146","vto":{"is_color_experience":null,"is_foundation_experience":true}},{"color_family":[{"key":"dark-color","value":"dark_color"}],"coverage_options":null,"cross_sell":{"categories":[{"position":0,"sku_id":"KL3P19"},{"position":1,"sku_id":" KL3P22"},{"position":2,"sku_id":" KL3P29"}]},"display_status":7,"finish":[{"key":"natural-finish","value":"natural_finish"}],"finish_options":[{"key":"natural-finish","value":"natural_finish"}],"fragrances":[{"family":null,"key":null,"value":null}],"iln_listing":null,"iln_version_number":null,"inventory_status":"Active","is_active":true,"is_coming_soon":null,"is_default_sku":false,"is_discountable":true,"is_displayable":null,"is_engravable":null,"is_fragrance":null,"is_giftable":null,"is_giftwrap":false,"is_inactive":null,"is_multi_shaded":null,"is_out_of_stock":null,"is_preorder":false,"is_preorderable":null,"is_promotional":null,"is_replenishable":false,"is_search_suppressed":null,"is_searchable":true,"is_shaded":null,"is_sized":null,"is_sold_out":null,"is_under_weight_hazmat":false,"is_vto_enabled":null,"life_of_product":"Basic Reorder","material_code":"6MNY31A000","media":{"large":[{"alt":"Even Better Fondöten SPF 15","height":1200,"position":1,"src":"/media/export/cms/products/1200x1500/cl_sku_6MNY31_1200x1500_0.png","type":"image","width":1500}],"medium":[{"alt":"Even Better Fondöten SPF 15","height":600,"position":3,"src":"/media/export/cms/products/600x750/cl_sku_6MNY31_600x750_0.png","type":"image","width":750}],"model":[{"alt":"Even Better Fondöten SPF 15","height":null,"position":2,"src":"/media/export/cms/model/D2.jpg","type":"image","width":null}],"poster":null,"small":[{"alt":"Even Better Fondöten SPF 15","height":1200,"position":4,"src":"/media/export/cms/products/1200x1500/cl_sku_6MNY31_1200x1500_0.png","type":"image","width":1500}],"smoosh":[{"alt":"Even Better Fondöten SPF 15","height":1200,"position":0,"src":"/media/export/cms/products/1200x1500/swatches_v3/41_ns_ng.png","type":"image","width":1500}],"xl":null},"out_of_stock_threshold":null,"perlgem":{"SKU_BASE_ID":31805},"preorder_date":null,"prices":[{"currency":"TRY","exclude_tax":{"original_price":265,"original_price_formatted":"265.00 TL","price":265,"price_formatted":"265.00 TL","price_per_unit":null,"price_per_unit_formatted":""},"include_tax":{"original_price":265,"original_price_formatted":"265.00 TL","price":265,"price_formatted":"265.00 TL","price_per_unit":null,"price_per_unit_formatted":""},"is_discounted":false}],"purchase_limit":null,"replenishment":{"message":null},"reviews":{"average_rating":null,"number_of_questions":null,"number_of_reviews":null},"set_components":null,"shade_groups":null,"shades":[{"description":"","hex_val":"#b97e4f","image":{"height":null,"src":"","width":null},"name":"CN 116 Spice","smoosh_design":{"group_id":null,"name":"41::none::none"}}],"sizes":[{"key":1,"value":"30 ml"}],"skin":{"tone":null,"type":[{"key":"dry-skintype","value":"dry_skintype"},{"key":"combination-skintype","value":"combination_skintype"}],"type_description":null},"sku_badge":null,"sku_badge_image":null,"sku_display_order":47,"sku_id":"6MNY31","sku_promo_messaging":null,"sku_type":"SE","sku_url":null,"tags":{"total":6,"items":[{"id":"1590","key":"i̇ndi̇ri̇mli̇-ürünler","value":"İNDİRİMLİ ÜRÜNLER"},{"id":"17859","key":"çok-satanlar","value":"ÇOK SATANLAR"},{"id":"1599","key":"fondöten","value":"FONDÖTEN"},{"id":"13562","key":"yeni̇-yil-makyaj","value":"YENİ YIL MAKYAJ"},{"id":"1592","key":"makyaj","value":"MAKYAJ"},{"id":"1596","key":"göz-alti-kapaticilari","value":"GÖZ ALTI KAPATICILARI"}]},"texture":null,"undertone":[{"key":"cool-undertone","value":"cool_undertone"}],"unit_of_measure":null,"unit_size":0,"unit_size_formatted":null,"upc":"020714495497","vto":{"is_color_experience":null,"is_foundation_experience":true}},{"color_family":[{"key":"dark-color","value":"dark_color"}],"coverage_options":null,"cross_sell":{"categories":[{"position":0,"sku_id":"KL3P25"},{"position":1,"sku_id":" KL3P30"},{"position":2,"sku_id":" KL3P29"}]},"display_status":7,"finish":[{"key":"natural-finish","value":"natural_finish"}],"finish_options":[{"key":"natural-finish","value":"natural_finish"}],"fragrances":[{"family":null,"key":null,"value":null}],"iln_listing":null,"iln_version_number":null,"inventory_status":"Active","is_active":true,"is_coming_soon":null,"is_default_sku":false,"is_discountable":true,"is_displayable":null,"is_engravable":null,"is_fragrance":null,"is_giftable":null,"is_giftwrap":false,"is_inactive":null,"is_multi_shaded":null,"is_out_of_stock":null,"is_preorder":false,"is_preorderable":null,"is_promotional":null,"is_replenishable":false,"is_search_suppressed":null,"is_searchable":true,"is_shaded":null,"is_sized":null,"is_sold_out":null,"is_under_weight_hazmat":false,"is_vto_enabled":null,"life_of_product":"Basic Reorder","material_code":"6MNY570000","media":{"large":[{"alt":"Even Better Fondöten SPF 15","height":1200,"position":1,"src":"/media/export/cms/products/1200x1500/cl_sku_6MNY57_1200x1500_0.png","type":"image","width":1500}],"medium":[{"alt":"Even Better Fondöten SPF 15","height":600,"position":2,"src":"/media/export/cms/products/600x750/cl_sku_6MNY57_600x750_0.png","type":"image","width":750}],"model":null,"poster":null,"small":[{"alt":"Even Better Fondöten SPF 15","height":1200,"position":3,"src":"/media/export/cms/products/1200x1500/cl_sku_6MNY57_1200x1500_0.png","type":"image","width":1500}],"smoosh":[{"alt":"Even Better Fondöten SPF 15","height":1200,"position":0,"src":"/media/export/cms/products/1200x1500/swatches_v3/41_ns_ng.png","type":"image","width":1500}],"xl":null},"out_of_stock_threshold":null,"perlgem":{"SKU_BASE_ID":95525},"preorder_date":null,"prices":[{"currency":"TRY","exclude_tax":{"original_price":265,"original_price_formatted":"265.00 TL","price":265,"price_formatted":"265.00 TL","price_per_unit":null,"price_per_unit_formatted":""},"include_tax":{"original_price":265,"original_price_formatted":"265.00 TL","price":265,"price_formatted":"265.00 TL","price_per_unit":null,"price_per_unit_formatted":""},"is_discounted":false}],"purchase_limit":null,"replenishment":{"message":null},"reviews":{"average_rating":null,"number_of_questions":null,"number_of_reviews":null},"set_components":null,"shade_groups":null,"shades":[{"description":"","hex_val":"#996c54","image":{"height":null,"src":"","width":null},"name":"CN 117 Carob","smoosh_design":{"group_id":null,"name":"41::none::none"}}],"sizes":[{"key":1,"value":"30 ml"}],"skin":{"tone":null,"type":[{"key":"dry-skintype","value":"dry_skintype"},{"key":"combination-skintype","value":"combination_skintype"}],"type_description":null},"sku_badge":null,"sku_badge_image":null,"sku_display_order":48,"sku_id":"6MNY57","sku_promo_messaging":null,"sku_type":"SE","sku_url":null,"tags":{"total":11,"items":[{"id":"27174","key":"day7flashsale","value":"Day7FlashSale"},{"id":"9428","key":"top10","value":"top10"},{"id":"1590","key":"i̇ndi̇ri̇mli̇-ürünler","value":"İNDİRİMLİ ÜRÜNLER"},{"id":"1599","key":"fondöten","value":"FONDÖTEN"},{"id":"12537","key":"çok-satan-makyaj-ürünleri̇","value":"ÇOK SATAN MAKYAJ ÜRÜNLERİ"},{"id":"1592","key":"makyaj","value":"MAKYAJ"},{"id":"8194","key":"en-çok-satan-10","value":"En Çok Satan 10 "},{"id":"27172","key":"day5flashsale","value":"Day5FlashSale"},{"id":"25016","key":"top-sellers","value":"Top Sellers"},{"id":"27171","key":"day4flashsale","value":"Day4FlashSale"},{"id":"1575","key":"en-çok-satanlar","value":"En Çok Satanlar"}]},"texture":null,"undertone":[{"key":"cool-undertone","value":"cool_undertone"}],"unit_of_measure":null,"unit_size":null,"unit_size_formatted":null,"upc":"020714977153","vto":{"is_color_experience":null,"is_foundation_experience":true}},{"color_family":[{"key":"medium-color","value":"medium_color"}],"coverage_options":null,"cross_sell":{"categories":[{"position":0,"sku_id":"KL3P19"},{"position":1,"sku_id":" KL3P22"},{"position":2,"sku_id":" KL3P29"}]},"display_status":7,"finish":[{"key":"natural-finish","value":"natural_finish"}],"finish_options":[{"key":"natural-finish","value":"natural_finish"}],"fragrances":[{"family":null,"key":null,"value":null}],"iln_listing":null,"iln_version_number":null,"inventory_status":"Active","is_active":true,"is_coming_soon":null,"is_default_sku":false,"is_discountable":true,"is_displayable":null,"is_engravable":null,"is_fragrance":null,"is_giftable":null,"is_giftwrap":false,"is_inactive":null,"is_multi_shaded":null,"is_out_of_stock":null,"is_preorder":false,"is_preorderable":null,"is_promotional":null,"is_replenishable":false,"is_search_suppressed":null,"is_searchable":true,"is_shaded":null,"is_sized":null,"is_sold_out":null,"is_under_weight_hazmat":false,"is_vto_enabled":null,"life_of_product":"Basic Reorder","material_code":"6MNY13A000","media":{"large":[{"alt":"Even Better Fondöten SPF 15","height":1200,"position":1,"src":"/media/export/cms/products/1200x1500/cl_sku_6MNY13_1200x1500_0.png","type":"image","width":1500}],"medium":[{"alt":"Even Better Fondöten SPF 15","height":600,"position":3,"src":"/media/export/cms/products/600x750/cl_sku_6MNY13_600x750_0.png","type":"image","width":750}],"model":[{"alt":"Even Better Fondöten SPF 15","height":null,"position":2,"src":"/media/export/cms/model/D2.jpg","type":"image","width":null}],"poster":null,"small":[{"alt":"Even Better Fondöten SPF 15","height":1200,"position":4,"src":"/media/export/cms/products/1200x1500/cl_sku_6MNY13_1200x1500_0.png","type":"image","width":1500}],"smoosh":[{"alt":"Even Better Fondöten SPF 15","height":1200,"position":0,"src":"/media/export/cms/products/1200x1500/swatches_v3/41_ns_ng.png","type":"image","width":1500}],"xl":null},"out_of_stock_threshold":null,"perlgem":{"SKU_BASE_ID":14129},"preorder_date":null,"prices":[{"currency":"TRY","exclude_tax":{"original_price":265,"original_price_formatted":"265.00 TL","price":265,"price_formatted":"265.00 TL","price_per_unit":null,"price_per_unit_formatted":""},"include_tax":{"original_price":265,"original_price_formatted":"265.00 TL","price":265,"price_formatted":"265.00 TL","price_per_unit":null,"price_per_unit_formatted":""},"is_discounted":false}],"purchase_limit":null,"replenishment":{"message":null},"reviews":{"average_rating":null,"number_of_questions":null,"number_of_reviews":null},"set_components":null,"shade_groups":null,"shades":[{"description":"","hex_val":"#ab6c35","image":{"height":null,"src":"","width":null},"name":"WN 118 Amber","smoosh_design":{"group_id":null,"name":"41::none::none"}}],"sizes":[{"key":1,"value":"30ml"}],"skin":{"tone":null,"type":[{"key":"dry-skintype","value":"dry_skintype"},{"key":"combination-skintype","value":"combination_skintype"}],"type_description":null},"sku_badge":null,"sku_badge_image":null,"sku_display_order":49,"sku_id":"6MNY13","sku_promo_messaging":null,"sku_type":"SE","sku_url":null,"tags":{"total":4,"items":[{"id":"17859","key":"çok-satanlar","value":"ÇOK SATANLAR"},{"id":"1599","key":"fondöten","value":"FONDÖTEN"},{"id":"1592","key":"makyaj","value":"MAKYAJ"},{"id":"1596","key":"göz-alti-kapaticilari","value":"GÖZ ALTI KAPATICILARI"}]},"texture":null,"undertone":[{"key":"warm-undertone","value":"warm_undertone"}],"unit_of_measure":null,"unit_size":0,"unit_size_formatted":null,"upc":"020714324728","vto":{"is_color_experience":null,"is_foundation_experience":true}},{"color_family":[{"key":"dark-color","value":"dark_color"}],"coverage_options":null,"cross_sell":{"categories":[{"position":0,"sku_id":"KL3P22"},{"position":1,"sku_id":" KL3P25"},{"position":2,"sku_id":" KL3P29"}]},"display_status":7,"finish":[{"key":"natural-finish","value":"natural_finish"}],"finish_options":[{"key":"natural-finish","value":"natural_finish"}],"fragrances":[{"family":null,"key":null,"value":null}],"iln_listing":null,"iln_version_number":null,"inventory_status":"Active","is_active":true,"is_coming_soon":null,"is_default_sku":false,"is_discountable":true,"is_displayable":null,"is_engravable":null,"is_fragrance":null,"is_giftable":null,"is_giftwrap":false,"is_inactive":null,"is_multi_shaded":null,"is_out_of_stock":null,"is_preorder":false,"is_preorderable":null,"is_promotional":null,"is_replenishable":true,"is_search_suppressed":null,"is_searchable":true,"is_shaded":null,"is_sized":null,"is_sold_out":null,"is_under_weight_hazmat":false,"is_vto_enabled":null,"life_of_product":"Basic Reorder","material_code":"6MNY32A000","media":{"large":[{"alt":"Even Better Fondöten SPF 15","height":1200,"position":1,"src":"/media/export/cms/products/1200x1500/cl_sku_6MNY32_1200x1500_0.png","type":"image","width":1500}],"medium":[{"alt":"Even Better Fondöten SPF 15","height":600,"position":3,"src":"/media/export/cms/products/600x750/cl_sku_6MNY32_600x750_0.png","type":"image","width":750}],"model":[{"alt":"Even Better Fondöten SPF 15","height":null,"position":2,"src":"/media/export/cms/model/D2.jpg","type":"image","width":null}],"poster":null,"small":[{"alt":"Even Better Fondöten SPF 15","height":1200,"position":4,"src":"/media/export/cms/products/1200x1500/cl_sku_6MNY32_1200x1500_0.png","type":"image","width":1500}],"smoosh":[{"alt":"Even Better Fondöten SPF 15","height":1200,"position":0,"src":"/media/export/cms/products/1200x1500/swatches_v3/41_ns_ng.png","type":"image","width":1500}],"xl":null},"out_of_stock_threshold":null,"perlgem":{"SKU_BASE_ID":31806},"preorder_date":null,"prices":[{"currency":"TRY","exclude_tax":{"original_price":265,"original_price_formatted":"265.00 TL","price":265,"price_formatted":"265.00 TL","price_per_unit":null,"price_per_unit_formatted":""},"include_tax":{"original_price":265,"original_price_formatted":"265.00 TL","price":265,"price_formatted":"265.00 TL","price_per_unit":null,"price_per_unit_formatted":""},"is_discounted":false}],"purchase_limit":null,"replenishment":{"message":null},"reviews":{"average_rating":null,"number_of_questions":null,"number_of_reviews":null},"set_components":null,"shade_groups":null,"shades":[{"description":"","hex_val":"#B3774E","image":{"height":null,"src":"","width":null},"name":"WN 120 Pecan","smoosh_design":{"group_id":null,"name":"41::none::none"}}],"sizes":[{"key":1,"value":"30ml"}],"skin":{"tone":null,"type":[{"key":"dry-skintype","value":"dry_skintype"},{"key":"combination-skintype","value":"combination_skintype"}],"type_description":null},"sku_badge":null,"sku_badge_image":null,"sku_display_order":50,"sku_id":"6MNY32","sku_promo_messaging":null,"sku_type":"SE","sku_url":null,"tags":{"total":5,"items":[{"id":"1590","key":"i̇ndi̇ri̇mli̇-ürünler","value":"İNDİRİMLİ ÜRÜNLER"},{"id":"17859","key":"çok-satanlar","value":"ÇOK SATANLAR"},{"id":"1599","key":"fondöten","value":"FONDÖTEN"},{"id":"1592","key":"makyaj","value":"MAKYAJ"},{"id":"1596","key":"göz-alti-kapaticilari","value":"GÖZ ALTI KAPATICILARI"}]},"texture":null,"undertone":[{"key":"warm-undertone","value":"warm_undertone"}],"unit_of_measure":null,"unit_size":0,"unit_size_formatted":null,"upc":"020714495503","vto":{"is_color_experience":null,"is_foundation_experience":true}},{"color_family":[{"key":"dark-color","value":"dark_color"}],"coverage_options":null,"cross_sell":{"categories":[{"position":0,"sku_id":"KL3P19"},{"position":1,"sku_id":" KL3P25"},{"position":2,"sku_id":" KL3P29"}]},"display_status":7,"finish":[{"key":"natural-finish","value":"natural_finish"}],"finish_options":[{"key":"natural-finish","value":"natural_finish"}],"fragrances":[{"family":null,"key":null,"value":null}],"iln_listing":null,"iln_version_number":null,"inventory_status":"Active","is_active":true,"is_coming_soon":null,"is_default_sku":false,"is_discountable":true,"is_displayable":null,"is_engravable":null,"is_fragrance":null,"is_giftable":null,"is_giftwrap":false,"is_inactive":null,"is_multi_shaded":null,"is_out_of_stock":null,"is_preorder":false,"is_preorderable":null,"is_promotional":null,"is_replenishable":true,"is_search_suppressed":null,"is_searchable":true,"is_shaded":null,"is_sized":null,"is_sold_out":null,"is_under_weight_hazmat":false,"is_vto_enabled":null,"life_of_product":"Basic Reorder","material_code":"6MNY580000","media":{"large":[{"alt":"Even Better Fondöten SPF 15","height":1200,"position":1,"src":"/media/export/cms/products/1200x1500/cl_sku_6MNY58_1200x1500_0.png","type":"image","width":1500}],"medium":[{"alt":"Even Better Fondöten SPF 15","height":600,"position":2,"src":"/media/export/cms/products/600x750/cl_sku_6MNY58_600x750_0.png","type":"image","width":750}],"model":null,"poster":null,"small":[{"alt":"Even Better Fondöten SPF 15","height":1200,"position":3,"src":"/media/export/cms/products/1200x1500/cl_sku_6MNY58_1200x1500_0.png","type":"image","width":1500}],"smoosh":[{"alt":"Even Better Fondöten SPF 15","height":1200,"position":0,"src":"/media/export/cms/products/1200x1500/swatches_v3/41_ns_ng.png","type":"image","width":1500}],"xl":null},"out_of_stock_threshold":null,"perlgem":{"SKU_BASE_ID":95527},"preorder_date":null,"prices":[{"currency":"TRY","exclude_tax":{"original_price":285,"original_price_formatted":"285.00 TL","price":285,"price_formatted":"285.00 TL","price_per_unit":null,"price_per_unit_formatted":""},"include_tax":{"original_price":285,"original_price_formatted":"285.00 TL","price":285,"price_formatted":"285.00 TL","price_per_unit":null,"price_per_unit_formatted":""},"is_discounted":false}],"purchase_limit":null,"replenishment":{"message":null},"reviews":{"average_rating":null,"number_of_questions":null,"number_of_reviews":null},"set_components":null,"shade_groups":null,"shades":[{"description":"","hex_val":"#a1653a","image":{"height":null,"src":"","width":null},"name":"WN 121 Nutmeg","smoosh_design":{"group_id":null,"name":"41::none::none"}}],"sizes":[{"key":1,"value":"1.0 oz/30 ml"}],"skin":{"tone":null,"type":[{"key":"combination-skintype","value":"combination_skintype"},{"key":"dry-skintype","value":"dry_skintype"}],"type_description":null},"sku_badge":null,"sku_badge_image":null,"sku_display_order":51,"sku_id":"6MNY58","sku_promo_messaging":null,"sku_type":"SE","sku_url":null,"tags":{"total":2,"items":[{"id":"1590","key":"i̇ndi̇ri̇mli̇-ürünler","value":"İNDİRİMLİ ÜRÜNLER"},{"id":"1599","key":"fondöten","value":"FONDÖTEN"}]},"texture":null,"undertone":[{"key":"warm-undertone","value":"warm_undertone"}],"unit_of_measure":null,"unit_size":null,"unit_size_formatted":null,"upc":"020714977160","vto":{"is_color_experience":null,"is_foundation_experience":true}},{"color_family":[{"key":"dark-color","value":"dark_color"}],"coverage_options":null,"cross_sell":{"categories":[{"position":0,"sku_id":"KL3P22"},{"position":1,"sku_id":" KL3P25"},{"position":2,"sku_id":" KL3P29"}]},"display_status":7,"finish":[{"key":"natural-finish","value":"natural_finish"}],"finish_options":[{"key":"natural-finish","value":"natural_finish"}],"fragrances":[{"family":null,"key":null,"value":null}],"iln_listing":null,"iln_version_number":null,"inventory_status":"Active","is_active":true,"is_coming_soon":null,"is_default_sku":false,"is_discountable":true,"is_displayable":null,"is_engravable":null,"is_fragrance":null,"is_giftable":null,"is_giftwrap":false,"is_inactive":null,"is_multi_shaded":null,"is_out_of_stock":null,"is_preorder":false,"is_preorderable":null,"is_promotional":null,"is_replenishable":true,"is_search_suppressed":null,"is_searchable":true,"is_shaded":null,"is_sized":null,"is_sold_out":null,"is_under_weight_hazmat":false,"is_vto_enabled":null,"life_of_product":"Basic Reorder","material_code":"6MNY19A000","media":{"large":[{"alt":"Even Better Fondöten SPF 15","height":1200,"position":1,"src":"/media/export/cms/products/1200x1500/cl_sku_6MNY19_1200x1500_0.png","type":"image","width":1500}],"medium":[{"alt":"Even Better Fondöten SPF 15","height":600,"position":3,"src":"/media/export/cms/products/600x750/cl_sku_6MNY19_600x750_0.png","type":"image","width":750}],"model":[{"alt":"Even Better Fondöten SPF 15","height":null,"position":2,"src":"/media/export/cms/model/D3.jpg","type":"image","width":null}],"poster":null,"small":[{"alt":"Even Better Fondöten SPF 15","height":1200,"position":4,"src":"/media/export/cms/products/1200x1500/cl_sku_6MNY19_1200x1500_0.png","type":"image","width":1500}],"smoosh":[{"alt":"Even Better Fondöten SPF 15","height":1200,"position":0,"src":"/media/export/cms/products/1200x1500/swatches_v3/41_ns_ng.png","type":"image","width":1500}],"xl":null},"out_of_stock_threshold":null,"perlgem":{"SKU_BASE_ID":14135},"preorder_date":null,"prices":[{"currency":"TRY","exclude_tax":{"original_price":265,"original_price_formatted":"265.00 TL","price":265,"price_formatted":"265.00 TL","price_per_unit":null,"price_per_unit_formatted":""},"include_tax":{"original_price":265,"original_price_formatted":"265.00 TL","price":265,"price_formatted":"265.00 TL","price_per_unit":null,"price_per_unit_formatted":""},"is_discounted":false}],"purchase_limit":null,"replenishment":{"message":null},"reviews":{"average_rating":null,"number_of_questions":null,"number_of_reviews":null},"set_components":null,"shade_groups":null,"shades":[{"description":"","hex_val":"#9b5e3b","image":{"height":null,"src":"","width":null},"name":"WN 122 Clove","smoosh_design":{"group_id":null,"name":"41::none::none"}}],"sizes":[{"key":1,"value":"30ml"}],"skin":{"tone":null,"type":[{"key":"dry-skintype","value":"dry_skintype"}],"type_description":null},"sku_badge":null,"sku_badge_image":null,"sku_display_order":52,"sku_id":"6MNY19","sku_promo_messaging":null,"sku_type":"SE","sku_url":null,"tags":{"total":5,"items":[{"id":"1590","key":"i̇ndi̇ri̇mli̇-ürünler","value":"İNDİRİMLİ ÜRÜNLER"},{"id":"17859","key":"çok-satanlar","value":"ÇOK SATANLAR"},{"id":"1599","key":"fondöten","value":"FONDÖTEN"},{"id":"1592","key":"makyaj","value":"MAKYAJ"},{"id":"1596","key":"göz-alti-kapaticilari","value":"GÖZ ALTI KAPATICILARI"}]},"texture":null,"undertone":[{"key":"warm-undertone","value":"warm_undertone"}],"unit_of_measure":null,"unit_size":0,"unit_size_formatted":null,"upc":"020714404611","vto":{"is_color_experience":null,"is_foundation_experience":true}},{"color_family":[{"key":"dark-color","value":"dark_color"}],"coverage_options":null,"cross_sell":{"categories":[{"position":0,"sku_id":"KL3P16"},{"position":1,"sku_id":" KL3P22"},{"position":2,"sku_id":" KL3P25"}]},"display_status":7,"finish":[{"key":"natural-finish","value":"natural_finish"}],"finish_options":[{"key":"natural-finish","value":"natural_finish"}],"fragrances":[{"family":null,"key":null,"value":null}],"iln_listing":null,"iln_version_number":null,"inventory_status":"Active","is_active":true,"is_coming_soon":null,"is_default_sku":false,"is_discountable":true,"is_displayable":null,"is_engravable":null,"is_fragrance":null,"is_giftable":null,"is_giftwrap":false,"is_inactive":null,"is_multi_shaded":null,"is_out_of_stock":null,"is_preorder":false,"is_preorderable":null,"is_promotional":null,"is_replenishable":true,"is_search_suppressed":null,"is_searchable":true,"is_shaded":null,"is_sized":null,"is_sold_out":null,"is_under_weight_hazmat":false,"is_vto_enabled":null,"life_of_product":"Basic Reorder","material_code":"6MNY200001","media":{"large":[{"alt":"Even Better Fondöten SPF 15","height":1200,"position":1,"src":"/media/export/cms/products/1200x1500/cl_sku_6MNY20_1200x1500_0.png","type":"image","width":1500}],"medium":[{"alt":"Even Better Fondöten SPF 15","height":600,"position":3,"src":"/media/export/cms/products/600x750/cl_sku_6MNY20_600x750_0.png","type":"image","width":750}],"model":[{"alt":"Even Better Fondöten SPF 15","height":null,"position":2,"src":"/media/export/cms/model/D3.jpg","type":"image","width":null}],"poster":null,"small":[{"alt":"Even Better Fondöten SPF 15","height":1200,"position":4,"src":"/media/export/cms/products/1200x1500/cl_sku_6MNY20_1200x1500_0.png","type":"image","width":1500}],"smoosh":[{"alt":"Even Better Fondöten SPF 15","height":1200,"position":0,"src":"/media/export/cms/products/1200x1500/swatches_v3/41_ns_ng.png","type":"image","width":1500}],"xl":null},"out_of_stock_threshold":null,"perlgem":{"SKU_BASE_ID":14136},"preorder_date":null,"prices":[{"currency":"TRY","exclude_tax":{"original_price":265,"original_price_formatted":"265.00 TL","price":265,"price_formatted":"265.00 TL","price_per_unit":null,"price_per_unit_formatted":""},"include_tax":{"original_price":265,"original_price_formatted":"265.00 TL","price":265,"price_formatted":"265.00 TL","price_per_unit":null,"price_per_unit_formatted":""},"is_discounted":false}],"purchase_limit":null,"replenishment":{"message":null},"reviews":{"average_rating":null,"number_of_questions":null,"number_of_reviews":null},"set_components":null,"shade_groups":null,"shades":[{"description":"","hex_val":"#94603e","image":{"height":null,"src":"","width":null},"name":"WN 124 Sienna","smoosh_design":{"group_id":null,"name":"41::none::none"}}],"sizes":[{"key":1,"value":"30ml"}],"skin":{"tone":null,"type":[{"key":"dry-skintype","value":"dry_skintype"},{"key":"combination-skintype","value":"combination_skintype"}],"type_description":null},"sku_badge":null,"sku_badge_image":null,"sku_display_order":53,"sku_id":"6MNY20","sku_promo_messaging":null,"sku_type":"SE","sku_url":null,"tags":{"total":5,"items":[{"id":"1590","key":"i̇ndi̇ri̇mli̇-ürünler","value":"İNDİRİMLİ ÜRÜNLER"},{"id":"17859","key":"çok-satanlar","value":"ÇOK SATANLAR"},{"id":"1599","key":"fondöten","value":"FONDÖTEN"},{"id":"1592","key":"makyaj","value":"MAKYAJ"},{"id":"1596","key":"göz-alti-kapaticilari","value":"GÖZ ALTI KAPATICILARI"}]},"texture":null,"undertone":[{"key":"warm-undertone","value":"warm_undertone"}],"unit_of_measure":null,"unit_size":0,"unit_size_formatted":null,"upc":"020714404628","vto":{"is_color_experience":null,"is_foundation_experience":true}},{"color_family":[{"key":"dark-color","value":"dark_color"}],"coverage_options":null,"cross_sell":{"categories":[{"position":0,"sku_id":"KL3P16"},{"position":1,"sku_id":" KL3P25"},{"position":2,"sku_id":" KL3P29"}]},"display_status":7,"finish":[{"key":"natural-finish","value":"natural_finish"}],"finish_options":[{"key":"natural-finish","value":"natural_finish"}],"fragrances":[{"family":null,"key":null,"value":null}],"iln_listing":null,"iln_version_number":null,"inventory_status":"Active","is_active":true,"is_coming_soon":null,"is_default_sku":false,"is_discountable":true,"is_displayable":null,"is_engravable":null,"is_fragrance":null,"is_giftable":null,"is_giftwrap":false,"is_inactive":null,"is_multi_shaded":null,"is_out_of_stock":null,"is_preorder":false,"is_preorderable":null,"is_promotional":null,"is_replenishable":false,"is_search_suppressed":null,"is_searchable":true,"is_shaded":null,"is_sized":null,"is_sold_out":null,"is_under_weight_hazmat":false,"is_vto_enabled":null,"life_of_product":"Basic Reorder","material_code":"6MNY590000","media":{"large":[{"alt":"Even Better Fondöten SPF 15","height":1200,"position":1,"src":"/media/export/cms/products/1200x1500/cl_sku_6MNY59_1200x1500_0.png","type":"image","width":1500}],"medium":[{"alt":"Even Better Fondöten SPF 15","height":600,"position":2,"src":"/media/export/cms/products/600x750/cl_sku_6MNY59_600x750_0.png","type":"image","width":750}],"model":null,"poster":null,"small":[{"alt":"Even Better Fondöten SPF 15","height":1200,"position":3,"src":"/media/export/cms/products/1200x1500/cl_sku_6MNY59_1200x1500_0.png","type":"image","width":1500}],"smoosh":[{"alt":"Even Better Fondöten SPF 15","height":1200,"position":0,"src":"/media/export/cms/products/1200x1500/swatches_v3/41_ns_ng.png","type":"image","width":1500}],"xl":null},"out_of_stock_threshold":null,"perlgem":{"SKU_BASE_ID":95528},"preorder_date":null,"prices":[{"currency":"TRY","exclude_tax":{"original_price":285,"original_price_formatted":"285.00 TL","price":285,"price_formatted":"285.00 TL","price_per_unit":null,"price_per_unit_formatted":""},"include_tax":{"original_price":285,"original_price_formatted":"285.00 TL","price":285,"price_formatted":"285.00 TL","price_per_unit":null,"price_per_unit_formatted":""},"is_discounted":false}],"purchase_limit":null,"replenishment":{"message":null},"reviews":{"average_rating":null,"number_of_questions":null,"number_of_reviews":null},"set_components":null,"shade_groups":null,"shades":[{"description":"","hex_val":"#7f533c","image":{"height":null,"src":"","width":null},"name":"WN 125 Mahogany","smoosh_design":{"group_id":null,"name":"41::none::none"}}],"sizes":[{"key":1,"value":"30 ml"}],"skin":{"tone":null,"type":[{"key":"combination-skintype","value":"combination_skintype"},{"key":"dry-skintype","value":"dry_skintype"}],"type_description":null},"sku_badge":null,"sku_badge_image":null,"sku_display_order":54,"sku_id":"6MNY59","sku_promo_messaging":null,"sku_type":"SE","sku_url":null,"tags":{"total":11,"items":[{"id":"27174","key":"day7flashsale","value":"Day7FlashSale"},{"id":"9428","key":"top10","value":"top10"},{"id":"1590","key":"i̇ndi̇ri̇mli̇-ürünler","value":"İNDİRİMLİ ÜRÜNLER"},{"id":"1599","key":"fondöten","value":"FONDÖTEN"},{"id":"12537","key":"çok-satan-makyaj-ürünleri̇","value":"ÇOK SATAN MAKYAJ ÜRÜNLERİ"},{"id":"1592","key":"makyaj","value":"MAKYAJ"},{"id":"8194","key":"en-çok-satan-10","value":"En Çok Satan 10 "},{"id":"27172","key":"day5flashsale","value":"Day5FlashSale"},{"id":"25016","key":"top-sellers","value":"Top Sellers"},{"id":"27171","key":"day4flashsale","value":"Day4FlashSale"},{"id":"1575","key":"en-çok-satanlar","value":"En Çok Satanlar"}]},"texture":null,"undertone":[{"key":"warm-undertone","value":"warm_undertone"}],"unit_of_measure":null,"unit_size":null,"unit_size_formatted":null,"upc":"020714977177","vto":{"is_color_experience":null,"is_foundation_experience":true}},{"color_family":null,"coverage_options":null,"cross_sell":{"categories":[{"position":0,"sku_id":"KL3P19"},{"position":1,"sku_id":" KL3P25"},{"position":2,"sku_id":" KL3P29"}]},"display_status":7,"finish":null,"finish_options":null,"fragrances":[{"family":null,"key":null,"value":null}],"iln_listing":null,"iln_version_number":null,"inventory_status":"Active","is_active":true,"is_coming_soon":null,"is_default_sku":false,"is_discountable":true,"is_displayable":null,"is_engravable":null,"is_fragrance":null,"is_giftable":null,"is_giftwrap":false,"is_inactive":null,"is_multi_shaded":null,"is_out_of_stock":null,"is_preorder":false,"is_preorderable":null,"is_promotional":null,"is_replenishable":false,"is_search_suppressed":null,"is_searchable":true,"is_shaded":null,"is_sized":null,"is_sold_out":null,"is_under_weight_hazmat":false,"is_vto_enabled":null,"life_of_product":"Basic Reorder","material_code":"6MNY33A000","media":{"large":[{"alt":"Even Better Fondöten SPF 15","height":1200,"position":1,"src":"/media/export/cms/products/1200x1500/cl_sku_6MNY33_1200x1500_0.png","type":"image","width":1500}],"medium":[{"alt":"Even Better Fondöten SPF 15","height":600,"position":3,"src":"/media/export/cms/products/600x750/cl_sku_6MNY33_600x750_0.png","type":"image","width":750}],"model":[{"alt":"Even Better Fondöten SPF 15","height":null,"position":2,"src":"/media/export/cms/model/D3.jpg","type":"image","width":null}],"poster":null,"small":[{"alt":"Even Better Fondöten SPF 15","height":1200,"position":4,"src":"/media/export/cms/products/1200x1500/cl_sku_6MNY33_1200x1500_0.png","type":"image","width":1500}],"smoosh":[{"alt":"Even Better Fondöten SPF 15","height":1200,"position":0,"src":"/media/export/cms/products/1200x1500/swatches_v3/41_ns_ng.png","type":"image","width":1500}],"xl":null},"out_of_stock_threshold":null,"perlgem":{"SKU_BASE_ID":31807},"preorder_date":null,"prices":[{"currency":"TRY","exclude_tax":{"original_price":265,"original_price_formatted":"265.00 TL","price":265,"price_formatted":"265.00 TL","price_per_unit":88.33,"price_per_unit_formatted":"88.33 TL / 10ml"},"include_tax":{"original_price":265,"original_price_formatted":"265.00 TL","price":265,"price_formatted":"265.00 TL","price_per_unit":88.33,"price_per_unit_formatted":"88.33 TL / 10ml"},"is_discounted":false}],"purchase_limit":null,"replenishment":{"message":null},"reviews":{"average_rating":null,"number_of_questions":null,"number_of_reviews":null},"set_components":null,"shade_groups":null,"shades":[{"description":"","hex_val":"#694534","image":{"height":null,"src":"","width":null},"name":"CN 126 Espresso","smoosh_design":{"group_id":null,"name":"41::none::none"}}],"sizes":[{"key":1,"value":"30 ml"}],"skin":{"tone":null,"type":null,"type_description":null},"sku_badge":null,"sku_badge_image":null,"sku_display_order":55,"sku_id":"6MNY33","sku_promo_messaging":null,"sku_type":"SE","sku_url":null,"tags":{"total":1,"items":[{"id":"1599","key":"fondöten","value":"FONDÖTEN"}]},"texture":null,"undertone":null,"unit_of_measure":"ml","unit_size":10,"unit_size_formatted":"10ml","upc":"020714495510","vto":{"is_color_experience":null,"is_foundation_experience":true}},{"color_family":[{"key":"dark-color","value":"dark_color"}],"coverage_options":null,"cross_sell":{"categories":[{"position":0,"sku_id":"KL3P25"},{"position":1,"sku_id":" KL3P30"},{"position":2,"sku_id":" KL3P29"}]},"display_status":7,"finish":[{"key":"natural-finish","value":"natural_finish"}],"finish_options":[{"key":"natural-finish","value":"natural_finish"}],"fragrances":[{"family":null,"key":null,"value":null}],"iln_listing":null,"iln_version_number":null,"inventory_status":"Active","is_active":true,"is_coming_soon":null,"is_default_sku":false,"is_discountable":true,"is_displayable":null,"is_engravable":null,"is_fragrance":null,"is_giftable":null,"is_giftwrap":false,"is_inactive":null,"is_multi_shaded":null,"is_out_of_stock":null,"is_preorder":false,"is_preorderable":null,"is_promotional":null,"is_replenishable":false,"is_search_suppressed":null,"is_searchable":true,"is_shaded":null,"is_sized":null,"is_sold_out":null,"is_under_weight_hazmat":false,"is_vto_enabled":null,"life_of_product":"Basic Reorder","material_code":"6MNY600000","media":{"large":[{"alt":"Even Better Fondöten SPF 15","height":1200,"position":1,"src":"/media/export/cms/products/1200x1500/cl_sku_6MNY60_1200x1500_0.png","type":"image","width":1500}],"medium":[{"alt":"Even Better Fondöten SPF 15","height":600,"position":2,"src":"/media/export/cms/products/600x750/cl_sku_6MNY60_600x750_0.png","type":"image","width":750}],"model":null,"poster":null,"small":[{"alt":"Even Better Fondöten SPF 15","height":1200,"position":3,"src":"/media/export/cms/products/1200x1500/cl_sku_6MNY60_1200x1500_0.png","type":"image","width":1500}],"smoosh":[{"alt":"Even Better Fondöten SPF 15","height":1200,"position":0,"src":"/media/export/cms/products/1200x1500/swatches_v3/41_ns_ng.png","type":"image","width":1500}],"xl":null},"out_of_stock_threshold":null,"perlgem":{"SKU_BASE_ID":95530},"preorder_date":null,"prices":[{"currency":"TRY","exclude_tax":{"original_price":285,"original_price_formatted":"285.00 TL","price":285,"price_formatted":"285.00 TL","price_per_unit":null,"price_per_unit_formatted":""},"include_tax":{"original_price":285,"original_price_formatted":"285.00 TL","price":285,"price_formatted":"285.00 TL","price_per_unit":null,"price_per_unit_formatted":""},"is_discounted":false}],"purchase_limit":null,"replenishment":{"message":null},"reviews":{"average_rating":null,"number_of_questions":null,"number_of_reviews":null},"set_components":null,"shade_groups":null,"shades":[{"description":"","hex_val":"#6d4735","image":{"height":null,"src":"","width":null},"name":"CN 127 Truffle","smoosh_design":{"group_id":null,"name":"41::none::none"}}],"sizes":[{"key":1,"value":"30 ml"}],"skin":{"tone":null,"type":[{"key":"combination-skintype","value":"combination_skintype"},{"key":"dry-skintype","value":"dry_skintype"}],"type_description":null},"sku_badge":null,"sku_badge_image":null,"sku_display_order":56,"sku_id":"6MNY60","sku_promo_messaging":null,"sku_type":"SE","sku_url":null,"tags":{"total":11,"items":[{"id":"27174","key":"day7flashsale","value":"Day7FlashSale"},{"id":"9428","key":"top10","value":"top10"},{"id":"1590","key":"i̇ndi̇ri̇mli̇-ürünler","value":"İNDİRİMLİ ÜRÜNLER"},{"id":"1599","key":"fondöten","value":"FONDÖTEN"},{"id":"12537","key":"çok-satan-makyaj-ürünleri̇","value":"ÇOK SATAN MAKYAJ ÜRÜNLERİ"},{"id":"1592","key":"makyaj","value":"MAKYAJ"},{"id":"8194","key":"en-çok-satan-10","value":"En Çok Satan 10 "},{"id":"27172","key":"day5flashsale","value":"Day5FlashSale"},{"id":"25016","key":"top-sellers","value":"Top Sellers"},{"id":"27171","key":"day4flashsale","value":"Day4FlashSale"},{"id":"1575","key":"en-çok-satanlar","value":"En Çok Satanlar"}]},"texture":null,"undertone":[{"key":"cool-undertone","value":"cool_undertone"}],"unit_of_measure":null,"unit_size":null,"unit_size_formatted":null,"upc":"020714977184","vto":{"is_color_experience":null,"is_foundation_experience":true}}]},"sub_display_name":null,"sub_header":null,"tags":{"total":24,"items":[{"id":"27174","key":"day7flashsale","parent_tag_id":"1590","product_display_order":0,"value":"Day7FlashSale"},{"id":"24180","key":"tamamlayici-ürünler","parent_tag_id":"1667","product_display_order":0,"value":"TAMAMLAYICI ÜRÜNLER"},{"id":"9428","key":"top10","parent_tag_id":"9420","product_display_order":0,"value":"top10"},{"id":"4323","key":"yeni̇-ürünler","parent_tag_id":null,"product_display_order":322,"value":"YENİ ÜRÜNLER"},{"id":"1590","key":"i̇ndi̇ri̇mli̇-ürünler","parent_tag_id":null,"product_display_order":0,"value":"İNDİRİMLİ ÜRÜNLER"},{"id":"17859","key":"çok-satanlar","parent_tag_id":null,"product_display_order":49,"value":"ÇOK SATANLAR"},{"id":"19400","key":"20-discounted-products","parent_tag_id":"1599","product_display_order":0,"value":"%20 discounted products"},{"id":"1599","key":"fondöten","parent_tag_id":"1592","product_display_order":4,"value":"FONDÖTEN"},{"id":"1693","key":"lekeler","parent_tag_id":"1667","product_display_order":8,"value":"Lekeler"},{"id":"10589","key":"offers-lp","parent_tag_id":null,"product_display_order":1,"value":"Offers LP"},{"id":"25565","key":"justarrivednew","parent_tag_id":null,"product_display_order":1,"value":"justarrivednew"},{"id":"13562","key":"yeni̇-yil-makyaj","parent_tag_id":"13561","product_display_order":20,"value":"YENİ YIL MAKYAJ"},{"id":"12537","key":"çok-satan-makyaj-ürünleri̇","parent_tag_id":"1592","product_display_order":8,"value":"ÇOK SATAN MAKYAJ ÜRÜNLERİ"},{"id":"1592","key":"makyaj","parent_tag_id":null,"product_display_order":80,"value":"MAKYAJ"},{"id":"8194","key":"en-çok-satan-10","parent_tag_id":null,"product_display_order":6,"value":"En Çok Satan 10 "},{"id":"19288","key":"sale","parent_tag_id":"1590","product_display_order":0,"value":"sale"},{"id":"9425","key":"top-rated-makeup","parent_tag_id":"9420","product_display_order":0,"value":"top rated makeup"},{"id":"27172","key":"day5flashsale","parent_tag_id":"1590","product_display_order":56,"value":"Day5FlashSale"},{"id":"25016","key":"top-sellers","parent_tag_id":"4323","product_display_order":0,"value":"Top Sellers"},{"id":"9422","key":"socialmediafavs","parent_tag_id":"9420","product_display_order":0,"value":"socialmediafavs"},{"id":"27171","key":"day4flashsale","parent_tag_id":"1590","product_display_order":0,"value":"Day4FlashSale"},{"id":"1575","key":"en-çok-satanlar","parent_tag_id":null,"product_display_order":139,"value":"En Çok Satanlar"},{"id":"1596","key":"göz-alti-kapaticilari","parent_tag_id":"1592","product_display_order":0,"value":"GÖZ ALTI KAPATICILARI"},{"id":"13770","key":"recommended-clinique-favourites","parent_tag_id":null,"product_display_order":30,"value":"Recommended Clinique Favourites"}]},"usage":[{"content":"<ul><li> Yüzün ortasından başlayarak, dışarı doğru yayın. İhtiyacınıza göre üzerine tekrar uygulayarak kapatıcılığı artırın. </li><li>Favori Clinique makyaj temizleyiciniz ile temizleyin. </li></ul>","label":"PRODUCT USAGE","type":"product_usage"},{"content":null,"label":"HOW DOES IT WORK","type":"how_does_it_work"},{"content":"Kuru karma ve karma yağlı ciltler","label":"WHO IT IS FOR","type":"who_it_is_for"},{"content":null,"label":"GREAT TO KNOW","type":"great_to_know"},{"content":"Kuru-karma ile karma-yağlı arası ciltlere uygundur. Dermatologlar tarafından geliştirilmiş fondöten, her kullanımda cildin kusursuz görünmesine ve renk farklılıklarının, koyu lekelerin ve ton eşitsizliklerinin görünümünün aktif biçimde azaltılmasına yardımcı olur. Kremsi formülü ciltte doğal bir görünüm elde etmeye katkı sağlar. Orta kapatıcılıktaki fondöten, cildin kusursuz görünmesine ve ton eşitsizliklerinin görünümünün giderilmesine destek verir. İçeriğindeki C vitamini ve antioksidanlar koyu renkli lekelerin, yaşlanma lekelerinin ve sivilce izlerinin görünümünü azaltmaya yardımcı olur. Daha aydınlık ve eşit bir cilt tonu yakalanmasına katkı sağlar. Geniş spektrumlu SPF 15 cildin renk eşitsizliklerine karşı korunmasına yardımcı olur. Özel pigmentleri ile cilt renginde değişiklik yapmadan doğal bir kapatıcılık sağlar. Uygulama izi bırakmaz, çizgilerde birikim yapmaz. Terlemeye, neme ve suya dayanıklıdır.<br><br><b>Nasıl Kullanılır?</b><br><ul><li>Yüzün ortasından başlayın, dışa doğru uygulayın. Kapatıcılığı, ihtiyaç olan bölgelere göre arttırın.</li><li>En sevdiğiniz Clinique makyaj temizleyiciyle çıkarın.</li></ul>","label":"WHAT_IT_DOES","type":"what_it_does"},{"content":"Dermatologlar tarafından geliştirilmiş fondöten, her kullanımda cildin kusursuz görünmesine ve renk farklılıklarının, koyu lekelerin ve ton eşitsizliklerinin görünümünün aktif biçimde azaltılmasına yardımcı olur Kremsi formülü ciltte doğal bir görünüm elde etmeye katkı sağlar","label":"WHAT_IT_IS","type":"what_it_is"}],"objectID":"5276"},{"benefit":{"statement":null,"benefits":null},"brand":null,"collection":null,"coverage":null,"cross_sell":[{"sku_id":"6K0G01","sort_key":1},{"sku_id":"6KNA01","sort_key":2},{"sku_id":"6KWG01","sort_key":3},{"sku_id":"6WPR01","sort_key":4},{"sku_id":"6KNW01","sort_key":5},{"sku_id":"6LMC01","sort_key":6}],"default_category":{"id":"23296","key":"yüz-ci̇lt-temi̇zleyi̇ci̇"},"description":"<P><BR>Cilt kirliliği ve yağı nedeniyle oluşabilecek sivilcelerin önlenmesine katkıda bulunur. Kir ve fazla yağı yok etmeyi destekler. Gözeneklerin temizlenmesine katkıda bulunur.</P><P>&nbsp;Alerji Testinden Geçirilmiştir. %100 Parfümsüzdür. Yağsızdır.</P><P>&nbsp;İçeriğindeki Kafein, Sükroz, Deniz Mercanı Özü ve Kola Özü sivilcelenme sonucu oluşan irritasyonu ve kızarıklık görünümünün yatışmasına yardımcı olur.<BR></P>","display_mode":null,"display_name":"Anti-Blemish Sivilce Karşıtı Çözüm Serisi Temizleyici Köpük","display_status":7,"finish":null,"form":null,"formula_type":null,"fragrance_family":null,"indexable_keywords":[{"value":"sivilce"},{"value":" retinol"},{"value":" temiz cilt"}],"is_hazmat":false,"is_product_coming_soon":null,"is_product_displayable":true,"is_product_searchable":true,"is_product_shoppable":true,"is_product_sold_out":null,"is_product_temporarily_out_of_stock":null,"is_search_suppressed":null,"key_ingredient":null,"media":{"large":[{"alt":"Anti-Blemish Sivilce Karşıtı Çözüm Serisi Temizleyici Köpük","height":1200,"position":0,"src":"/media/export/cms/products/1200x1500/cl_prod_5375_1200x1500_0.png","type":"image","width":1500}],"medium":null,"poster":null,"small":[{"alt":"Anti-Blemish Sivilce Karşıtı Çözüm Serisi Temizleyici Köpük","height":1200,"position":1,"src":"/media/export/cms/products/1200x1500/cl_prod_5375_1200x1500_0.png","type":"image","width":1500}],"videos":[{"position":null,"poster":{"height":null,"src":null,"width":null},"provider":null,"src":null},{"position":null,"poster":{"height":null,"src":null,"width":null},"provider":null,"src":null},{"position":null,"poster":{"height":null,"src":null,"width":null},"provider":null,"src":null}],"xl":null},"meta":{"description":null,"keywords":"blemish, retinol, acne, acne soap,antiblemish, anti blemish, anti-blemish"},"parent_category":[{"id":"23296","value":"YÜZ & CİLT TEMİZLEYİCİ"},{"id":"1667","value":"CİLT BAKIMI"}],"product_badge":null,"product_id":"5375","product_title_tag":null,"product_type":"Sized","product_url":"/product/23296/5375/cilt-bakimi/yuz-cilt-temizleyici/anti-blemish-sivilce-karst-cozum-serisi-temizleyici-kopuk","reviews":{"average_rating":3.5,"number_of_questions":null,"number_of_reviews":10},"shade_groups":null,"short_description":"Hassas, tedavi edici akne karşıtı köpük","skin":null,"skin_goal":null,"skus":{"total":1,"items":[{"color_family":null,"coverage_options":null,"cross_sell":null,"display_status":7,"finish":null,"finish_options":null,"fragrances":[{"family":null,"key":null,"value":null}],"iln_listing":null,"iln_version_number":null,"inventory_status":"Active","is_active":true,"is_coming_soon":null,"is_default_sku":true,"is_discountable":true,"is_displayable":null,"is_engravable":null,"is_fragrance":null,"is_giftable":null,"is_giftwrap":false,"is_inactive":null,"is_multi_shaded":null,"is_out_of_stock":null,"is_preorder":false,"is_preorderable":null,"is_promotional":null,"is_replenishable":false,"is_search_suppressed":null,"is_searchable":true,"is_shaded":null,"is_sized":null,"is_sold_out":null,"is_under_weight_hazmat":false,"is_vto_enabled":null,"life_of_product":"Basic Reorder","material_code":"6KN9010001","media":{"large":[{"alt":"Anti-Blemish Sivilce Karşıtı Çözüm Serisi Temizleyici Köpük","height":1200,"position":0,"src":"/media/export/cms/products/1200x1500/cl_sku_6KN901_1200x1500_0.png","type":"image","width":1500}],"medium":[{"alt":"Anti-Blemish Sivilce Karşıtı Çözüm Serisi Temizleyici Köpük","height":600,"position":1,"src":"/media/export/cms/products/600x750/cl_sku_6KN901_600x750_0.png","type":"image","width":750},{"alt":"Anti-Blemish Sivilce Karşıtı Çözüm Serisi Temizleyici Köpük","height":600,"position":2,"src":"/media/export/cms/products/600x750/cl_sku_6KN901_600x750_1.png","type":"image","width":750}],"model":null,"poster":null,"small":[{"alt":"Anti-Blemish Sivilce Karşıtı Çözüm Serisi Temizleyici Köpük","height":1200,"position":3,"src":"/media/export/cms/products/1200x1500/cl_sku_6KN901_1200x1500_0.png","type":"image","width":1500}],"smoosh":null,"xl":null},"out_of_stock_threshold":null,"perlgem":{"SKU_BASE_ID":13868},"preorder_date":null,"prices":[{"currency":"TRY","exclude_tax":{"original_price":209,"original_price_formatted":"209.00 TL","price":209,"price_formatted":"209.00 TL","price_per_unit":null,"price_per_unit_formatted":""},"include_tax":{"original_price":209,"original_price_formatted":"209.00 TL","price":209,"price_formatted":"209.00 TL","price_per_unit":null,"price_per_unit_formatted":""},"is_discounted":false}],"purchase_limit":null,"replenishment":{"message":"Recommended Auto-Ship cycle: 8 weeks  Learn more >"},"reviews":{"average_rating":null,"number_of_questions":null,"number_of_reviews":null},"set_components":null,"shade_groups":null,"shades":null,"sizes":[{"key":1,"value":"125 ml"}],"skin":{"tone":null,"type":null,"type_description":null},"sku_badge":null,"sku_badge_image":null,"sku_display_order":1,"sku_id":"6KN901","sku_promo_messaging":null,"sku_type":"SE","sku_url":null,"tags":{"total":30,"items":[{"id":"25565","key":"justarrivednew","value":"justarrivednew"},{"id":"8194","key":"en-çok-satan-10","value":"En Çok Satan 10 "},{"id":"15513","key":"recommended-for-students","value":"Recommended for Students"},{"id":"16741","key":"siyah-nokta-karşıtı","value":"Siyah Nokta Karşıtı"},{"id":"12537","key":"çok-satan-makyaj-ürünleri̇","value":"ÇOK SATAN MAKYAJ ÜRÜNLERİ"},{"id":"10589","key":"offers-lp","value":"Offers LP"},{"id":"27174","key":"day7flashsale","value":"Day7FlashSale"},{"id":"1621","key":"erkek-özel-cilt-bakımı","value":"Erkek Özel Cilt Bakımı"},{"id":"23296","key":"yüz-ci̇lt-temi̇zleyi̇ci̇","value":"YÜZ & CİLT TEMİZLEYİCİ"},{"id":"1684","key":"hediyeler","value":"Hediyeler"},{"id":"13051","key":"skin-care-best-sellers","value":"Skin Care Best Sellers"},{"id":"1685","key":"hedi̇yeler-setler","value":"HEDİYELER & SETLER"},{"id":"13563","key":"yeni̇-yil-ci̇lt-bakimi","value":"YENİ YIL CİLT BAKIMI"},{"id":"2752","key":"çok-satan-ci̇lt-bakim-ürünleri̇","value":"ÇOK SATAN CİLT BAKIM ÜRÜNLERİ"},{"id":"1673","key":"makyaj-temi̇zli̇yi̇ci̇leri̇","value":"MAKYAJ TEMİZLİYİCİLERİ"},{"id":"27173","key":"day6flashsale","value":"Day6FlashSale"},{"id":"13562","key":"yeni̇-yil-makyaj","value":"YENİ YIL MAKYAJ"},{"id":"1672","key":"cilt-bakım-uzmanları","value":"Cilt Bakım Uzmanları"},{"id":"25016","key":"top-sellers","value":"Top Sellers"},{"id":"1979","key":"sivilce","value":"Sivilce"},{"id":"12517","key":"yağsiz-ci̇lt-bakim-ürünleri̇","value":"YAĞSIZ CİLT BAKIM ÜRÜNLERİ"},{"id":"24180","key":"tamamlayici-ürünler","value":"TAMAMLAYICI ÜRÜNLER"},{"id":"9422","key":"socialmediafavs","value":"socialmediafavs"},{"id":"17859","key":"çok-satanlar","value":"ÇOK SATANLAR"},{"id":"1670","key":"harika-cilt-sistemi","value":"Harika Cilt Sistemi"},{"id":"9428","key":"top10","value":"top10"},{"id":"1575","key":"en-çok-satanlar","value":"En Çok Satanlar"},{"id":"1668","key":"sivilce","value":"Sivilce"},{"id":"27172","key":"day5flashsale","value":"Day5FlashSale"},{"id":"1667","key":"ci̇lt-bakimi","value":"CİLT BAKIMI"}]},"texture":null,"undertone":null,"unit_of_measure":null,"unit_size":null,"unit_size_formatted":null,"upc":"020714291822","vto":{"is_color_experience":null,"is_foundation_experience":null}}]},"sub_display_name":null,"sub_header":null,"tags":{"total":30,"items":[{"id":"25565","key":"justarrivednew","parent_tag_id":null,"product_display_order":0,"value":"justarrivednew"},{"id":"8194","key":"en-çok-satan-10","parent_tag_id":null,"product_display_order":1,"value":"En Çok Satan 10 "},{"id":"15513","key":"recommended-for-students","parent_tag_id":"4323","product_display_order":0,"value":"Recommended for Students"},{"id":"16741","key":"siyah-nokta-karşıtı","parent_tag_id":"1667","product_display_order":0,"value":"Siyah Nokta Karşıtı"},{"id":"12537","key":"çok-satan-makyaj-ürünleri̇","parent_tag_id":"1592","product_display_order":0,"value":"ÇOK SATAN MAKYAJ ÜRÜNLERİ"},{"id":"10589","key":"offers-lp","parent_tag_id":null,"product_display_order":1,"value":"Offers LP"},{"id":"27174","key":"day7flashsale","parent_tag_id":"1590","product_display_order":0,"value":"Day7FlashSale"},{"id":"1621","key":"erkek-özel-cilt-bakımı","parent_tag_id":"1620","product_display_order":0,"value":"Erkek Özel Cilt Bakımı"},{"id":"23296","key":"yüz-ci̇lt-temi̇zleyi̇ci̇","parent_tag_id":"1667","product_display_order":1,"value":"YÜZ & CİLT TEMİZLEYİCİ"},{"id":"1684","key":"hediyeler","parent_tag_id":"1667","product_display_order":1,"value":"Hediyeler"},{"id":"13051","key":"skin-care-best-sellers","parent_tag_id":"1667","product_display_order":13,"value":"Skin Care Best Sellers"},{"id":"1685","key":"hedi̇yeler-setler","parent_tag_id":"1684","product_display_order":1,"value":"HEDİYELER & SETLER"},{"id":"13563","key":"yeni̇-yil-ci̇lt-bakimi","parent_tag_id":"13561","product_display_order":1,"value":"YENİ YIL CİLT BAKIMI"},{"id":"2752","key":"çok-satan-ci̇lt-bakim-ürünleri̇","parent_tag_id":"1667","product_display_order":0,"value":"ÇOK SATAN CİLT BAKIM ÜRÜNLERİ"},{"id":"1673","key":"makyaj-temi̇zli̇yi̇ci̇leri̇","parent_tag_id":"1667","product_display_order":13,"value":"MAKYAJ TEMİZLİYİCİLERİ"},{"id":"27173","key":"day6flashsale","parent_tag_id":"1590","product_display_order":0,"value":"Day6FlashSale"},{"id":"13562","key":"yeni̇-yil-makyaj","parent_tag_id":"13561","product_display_order":0,"value":"YENİ YIL MAKYAJ"},{"id":"1672","key":"cilt-bakım-uzmanları","parent_tag_id":"1668","product_display_order":1,"value":"Cilt Bakım Uzmanları"},{"id":"25016","key":"top-sellers","parent_tag_id":"4323","product_display_order":0,"value":"Top Sellers"},{"id":"1979","key":"sivilce","parent_tag_id":"1668","product_display_order":0,"value":"Sivilce"},{"id":"12517","key":"yağsiz-ci̇lt-bakim-ürünleri̇","parent_tag_id":"1667","product_display_order":25,"value":"YAĞSIZ CİLT BAKIM ÜRÜNLERİ"},{"id":"24180","key":"tamamlayici-ürünler","parent_tag_id":"1667","product_display_order":0,"value":"TAMAMLAYICI ÜRÜNLER"},{"id":"9422","key":"socialmediafavs","parent_tag_id":"9420","product_display_order":0,"value":"socialmediafavs"},{"id":"17859","key":"çok-satanlar","parent_tag_id":null,"product_display_order":76,"value":"ÇOK SATANLAR"},{"id":"1670","key":"harika-cilt-sistemi","parent_tag_id":"1668","product_display_order":0,"value":"Harika Cilt Sistemi"},{"id":"9428","key":"top10","parent_tag_id":"9420","product_display_order":1,"value":"top10"},{"id":"1575","key":"en-çok-satanlar","parent_tag_id":null,"product_display_order":93,"value":"En Çok Satanlar"},{"id":"1668","key":"sivilce","parent_tag_id":"1667","product_display_order":0,"value":"Sivilce"},{"id":"27172","key":"day5flashsale","parent_tag_id":"1590","product_display_order":109,"value":"Day5FlashSale"},{"id":"1667","key":"ci̇lt-bakimi","parent_tag_id":null,"product_display_order":24,"value":"CİLT BAKIMI"}]},"usage":[{"content":"<UL><UL style=\"BOX-SIZING: border-box; WHITE-SPACE: normal; WORD-SPACING: 0px; TEXT-TRANSFORM: none; COLOR: rgb(34,34,34); PADDING-BOTTOM: 0px; PADDING-TOP: 0px; FONT: 13px HelveticaNeueLTStd55Roman, Arial, sans-serif; PADDING-LEFT: 15px; MARGIN: 0px; WIDOWS: 1; LETTER-SPACING: normal; PADDING-RIGHT: 15px; BACKGROUND-COLOR: rgb(255,255,255); TEXT-INDENT: 0px; -webkit-text-stroke-width: 0px\"><LI style=\"LIST-STYLE-TYPE: disc; BOX-SIZING: border-box; FONT-SIZE: 15px; FONT-FAMILY: HelveticaNeueLTStd45Light, Arial, sans-serif; COLOR: rgb(0,0,0); LINE-HEIGHT: 1.2\">Sabah ve akşam olmak üzere günde iki kez, köpürterek yüzünüzü yıkayın.</LI><LI style=\"LIST-STYLE-TYPE: disc; BOX-SIZING: border-box; FONT-SIZE: 15px; FONT-FAMILY: HelveticaNeueLTStd45Light, Arial, sans-serif; COLOR: rgb(0,0,0); LINE-HEIGHT: 1.2\">Ilık su ile durulayın.</LI><LI style=\"LIST-STYLE-TYPE: disc; BOX-SIZING: border-box; FONT-SIZE: 15px; FONT-FAMILY: HelveticaNeueLTStd45Light, Arial, sans-serif; COLOR: rgb(0,0,0); LINE-HEIGHT: 1.2\">Anti-Blemish Sivilce Karşıtı Yağsız Nemlendirici ile devam edin.</LI></UL></UL>","label":"PRODUCT USAGE","type":"product_usage"},{"content":null,"label":"HOW DOES IT WORK","type":"how_does_it_work"},{"content":"Tüm Cilt Tipleri (1,2,3,4)","label":"WHO IT IS FOR","type":"who_it_is_for"},{"content":null,"label":"GREAT TO KNOW","type":"great_to_know"},{"content":"Ciltteki kiri ve fazla yağı temizler. Ciltteki kızarıklığı ve iltihabı yatıştırır ve yatıştırır. Gözenekleri temiz tutmaya yardım eder.<br><br><b>Aktif İçerikler</b><br> Sivilce karşıtı ve arındırıcı içerik Salisilik Asit ve Asetil Glükozamin sayesinde cildi ölü derilerden arındırarar gözenekleri temizler. Laminaria Sacharina özü gibi sebum kontrolüne yardımcı içerikler sayesinde ciltte sivilceyi oluşturacak sebumun birikmesini engellemeye destek olur. Kafein, Sükroz, Kola Nut özü gibi hassasiyeti engellemeye yardımcı olan içerikler sayesinde sivilcelerden oluşan kızarıklığı ve hassasiyeti dinginleştirir.<br>Günde iki kez düzenli kullanımla, sonuçlarını daha iyi görürsünüz. Aktif lekelerde iyileşme yardımcı olma oranları: <li>İlk hafta %48</li><li>İlk ay sonunda %55</li><li>6. Haftada %73</li><li>3.Ay sonunda %81<br><br><b>Nasıl Kullanılır</b><br><ul><li>Gündüz ve gece günde iki kez kullanın.</li><li>2-3 damla alın.</li><li>Göz bölgesinden kaçınarak, ıslak cilde nazikçe masaj yapın.</li><li> İyice durulayın; cildi kurulayın.</li><li>Kuruluk veya soyulma meydana gelirse kullanımı azaltın.</li><li>Lekeler temizlendikten sonra koruyucu bakım için kullanmaya devam edin.</li></ul>","label":"WHAT_IT_DOES","type":"what_it_does"},{"content":"Hassas temizleyici Sivilce karşıtı bakım sistemimizin 1. adımıdır. 3 gün içinde sivilcelerde %37 azalma etkisi için sivilce karşıtı bakım sistemimizin 3 adımını birlikte kullanın.","label":"WHAT_IT_IS","type":"what_it_is"}],"objectID":"5375"},{"benefit":{"statement":null,"benefits":null},"brand":null,"collection":null,"coverage":null,"cross_sell":[{"sku_id":"62A401","sort_key":1},{"sku_id":"6F3701","sort_key":2},{"sku_id":"76WY01","sort_key":3},{"sku_id":"68LE01","sort_key":4},{"sku_id":"68A001","sort_key":5},{"sku_id":"663E02","sort_key":6}],"default_category":{"id":"1673","key":"makyaj-temi̇zli̇yi̇ci̇leri̇"},"description":"<P>Su geçirmez maskara gibi uzun süre kalıcı makyajı çözer ve yok eder. Tahriş etmez, kaşındırmaz. <BR><BR>Oftalmolojik olarak test edilmiştir. Kontakt lens kullananlar için uygundur.</P><P>Süt kıvamındaki temizleyici, hızlı ve etkili ve nazik bir şekilde makyajı temizler. İçerdiği doğal, bitkisel formülü ile makyajı, UV güneş koruyucusunu ve diğer tüm kirlilikleri kolayca temizlemeye yardımcı olur. temizleme sonrasında cilt yumuşak, pürüzsüz ve rahat hissetmesini destekler..</P>","display_mode":null,"display_name":"Take The Day Off Göz ve Dudak Makyaj Temizleyicisi","display_status":7,"finish":null,"form":null,"formula_type":null,"fragrance_family":null,"indexable_keywords":[{"value":"temizleyici"},{"value":" makyaj temizleyicisi"}],"is_hazmat":true,"is_product_coming_soon":null,"is_product_displayable":true,"is_product_searchable":true,"is_product_shoppable":true,"is_product_sold_out":null,"is_product_temporarily_out_of_stock":null,"is_search_suppressed":null,"key_ingredient":null,"media":{"large":[{"alt":"Take The Day Off Göz ve Dudak Makyaj Temizleyicisi","height":1200,"position":0,"src":"/media/export/cms/products/1200x1500/cl_prod_5380_1200x1500_0.png","type":"image","width":1500},{"alt":"Take The Day Off Göz ve Dudak Makyaj Temizleyicisi","height":1200,"position":1,"src":"/media/export/cms/products/1200x1500/cl_prod_5380_1200x1500_1.png","type":"image","width":1500}],"medium":null,"poster":null,"small":[{"alt":"Take The Day Off Göz ve Dudak Makyaj Temizleyicisi","height":1200,"position":2,"src":"/media/export/cms/products/1200x1500/cl_prod_5380_1200x1500_0.png","type":"image","width":1500},{"alt":"Take The Day Off Göz ve Dudak Makyaj Temizleyicisi","height":1200,"position":3,"src":"/media/export/cms/products/1200x1500/cl_prod_5380_1200x1500_1.png","type":"image","width":1500}],"videos":[{"position":null,"poster":{"height":null,"src":null,"width":null},"provider":null,"src":null},{"position":null,"poster":{"height":null,"src":null,"width":null},"provider":null,"src":null},{"position":null,"poster":{"height":null,"src":null,"width":null},"provider":null,"src":null}],"xl":null},"meta":{"description":null,"keywords":"cleanser,makeup remover"},"parent_category":[{"id":"1673","value":"MAKYAJ TEMİZLİYİCİLERİ"},{"id":"1667","value":"CİLT BAKIMI"}],"product_badge":null,"product_id":"5380","product_title_tag":null,"product_type":"Sized","product_url":"/product/1673/5380/cilt-bakimi/makyaj-temizliyicileri/take-the-day-off-goz-ve-dudak-makyaj-temizleyicisi","reviews":{"average_rating":4.6,"number_of_questions":null,"number_of_reviews":25},"shade_groups":null,"short_description":"Clinique'in en çok satan makyaj temizleyicisi. Özel formülü ile makyajı anında çıkarır.","skin":null,"skin_goal":null,"skus":{"total":2,"items":[{"color_family":null,"coverage_options":null,"cross_sell":null,"display_status":7,"finish":null,"finish_options":null,"fragrances":[{"family":null,"key":null,"value":null}],"iln_listing":null,"iln_version_number":null,"inventory_status":"Active","is_active":true,"is_coming_soon":null,"is_default_sku":false,"is_discountable":true,"is_displayable":null,"is_engravable":null,"is_fragrance":null,"is_giftable":null,"is_giftwrap":false,"is_inactive":null,"is_multi_shaded":null,"is_out_of_stock":null,"is_preorder":false,"is_preorderable":null,"is_promotional":null,"is_replenishable":false,"is_search_suppressed":null,"is_searchable":true,"is_shaded":null,"is_sized":null,"is_sold_out":null,"is_under_weight_hazmat":null,"is_vto_enabled":null,"life_of_product":"Basic Reorder","material_code":"Z7XK010000","media":{"large":[{"alt":"Take The Day Off Göz ve Dudak Makyaj Temizleyicisi","height":1200,"position":0,"src":"/media/export/cms/products/1200x1500/cl_sku_Z7XK01_1200x1500_0.png","type":"image","width":1500}],"medium":[{"alt":"Take The Day Off Göz ve Dudak Makyaj Temizleyicisi","height":600,"position":1,"src":"/media/export/cms/products/600x750/cl_sku_Z7XK01_600x750_0.png","type":"image","width":750}],"model":null,"poster":null,"small":[{"alt":"Take The Day Off Göz ve Dudak Makyaj Temizleyicisi","height":1200,"position":2,"src":"/media/export/cms/products/1200x1500/cl_sku_Z7XK01_1200x1500_0.png","type":"image","width":1500}],"smoosh":null,"xl":null},"out_of_stock_threshold":null,"perlgem":{"SKU_BASE_ID":62948},"preorder_date":null,"prices":[{"currency":"TRY","exclude_tax":{"original_price":220,"original_price_formatted":"220.00 TL","price":220,"price_formatted":"220.00 TL","price_per_unit":110,"price_per_unit_formatted":"110.00 TL / 100ml"},"include_tax":{"original_price":220,"original_price_formatted":"220.00 TL","price":220,"price_formatted":"220.00 TL","price_per_unit":110,"price_per_unit_formatted":"110.00 TL / 100ml"},"is_discounted":false}],"purchase_limit":null,"replenishment":{"message":null},"reviews":{"average_rating":null,"number_of_questions":null,"number_of_reviews":null},"set_components":null,"shade_groups":null,"shades":null,"sizes":[{"key":1,"value":"200 ml"}],"skin":{"tone":null,"type":[{"key":"very-dry-skintype","value":"very_dry_skintype"},{"key":"dry-skintype","value":"dry_skintype"},{"key":"combination-skintype","value":"combination_skintype"},{"key":"oily-skintype","value":"oily_skintype"}],"type_description":null},"sku_badge":null,"sku_badge_image":null,"sku_display_order":0,"sku_id":"Z7XK01","sku_promo_messaging":null,"sku_type":"SE","sku_url":null,"tags":{"total":2,"items":[{"id":"17859","key":"çok-satanlar","value":"ÇOK SATANLAR"},{"id":"1673","key":"makyaj-temi̇zli̇yi̇ci̇leri̇","value":"MAKYAJ TEMİZLİYİCİLERİ"}]},"texture":null,"undertone":null,"unit_of_measure":"ml","unit_size":100,"unit_size_formatted":"100ml","upc":"020714699604","vto":{"is_color_experience":null,"is_foundation_experience":null}},{"color_family":null,"coverage_options":null,"cross_sell":null,"display_status":7,"finish":null,"finish_options":null,"fragrances":[{"family":null,"key":null,"value":null}],"iln_listing":null,"iln_version_number":null,"inventory_status":"Active","is_active":true,"is_coming_soon":null,"is_default_sku":true,"is_discountable":true,"is_displayable":null,"is_engravable":null,"is_fragrance":null,"is_giftable":null,"is_giftwrap":false,"is_inactive":null,"is_multi_shaded":null,"is_out_of_stock":null,"is_preorder":false,"is_preorderable":null,"is_promotional":null,"is_replenishable":true,"is_search_suppressed":null,"is_searchable":true,"is_shaded":null,"is_sized":null,"is_sold_out":null,"is_under_weight_hazmat":null,"is_vto_enabled":null,"life_of_product":"Basic Reorder","material_code":"60MK010001","media":{"large":[{"alt":"Take The Day Off Göz ve Dudak Makyaj Temizleyicisi","height":1200,"position":0,"src":"/media/export/cms/products/1200x1500/cl_sku_60MK01_1200x1500_0.png","type":"image","width":1500}],"medium":[{"alt":"Take The Day Off Göz ve Dudak Makyaj Temizleyicisi","height":600,"position":1,"src":"/media/export/cms/products/600x750/cl_sku_60MK01_600x750_0.png","type":"image","width":750},{"alt":"Take The Day Off Göz ve Dudak Makyaj Temizleyicisi","height":600,"position":2,"src":"/media/export/cms/products/600x750/cl_sku_60MK01_600x750_1.png","type":"image","width":750}],"model":null,"poster":null,"small":[{"alt":"Take The Day Off Göz ve Dudak Makyaj Temizleyicisi","height":1200,"position":3,"src":"/media/export/cms/products/1200x1500/cl_sku_60MK01_1200x1500_0.png","type":"image","width":1500}],"smoosh":null,"xl":null},"out_of_stock_threshold":null,"perlgem":{"SKU_BASE_ID":11443},"preorder_date":null,"prices":[{"currency":"TRY","exclude_tax":{"original_price":200,"original_price_formatted":"200.00 TL","price":200,"price_formatted":"200.00 TL","price_per_unit":null,"price_per_unit_formatted":""},"include_tax":{"original_price":200,"original_price_formatted":"200.00 TL","price":200,"price_formatted":"200.00 TL","price_per_unit":null,"price_per_unit_formatted":""},"is_discounted":false}],"purchase_limit":null,"replenishment":{"message":"Recommended Auto-Ship cycle: 8 weeks  Learn more >"},"reviews":{"average_rating":null,"number_of_questions":null,"number_of_reviews":null},"set_components":null,"shade_groups":null,"shades":null,"sizes":[{"key":1,"value":"125 ml"}],"skin":{"tone":null,"type":[{"key":"very-dry-skintype","value":"very_dry_skintype"},{"key":"dry-skintype","value":"dry_skintype"},{"key":"combination-skintype","value":"combination_skintype"},{"key":"oily-skintype","value":"oily_skintype"}],"type_description":null},"sku_badge":null,"sku_badge_image":null,"sku_display_order":0,"sku_id":"60MK01","sku_promo_messaging":null,"sku_type":"SE","sku_url":null,"tags":{"total":3,"items":[{"id":"17859","key":"çok-satanlar","value":"ÇOK SATANLAR"},{"id":"1673","key":"makyaj-temi̇zli̇yi̇ci̇leri̇","value":"MAKYAJ TEMİZLİYİCİLERİ"},{"id":"1590","key":"i̇ndi̇ri̇mli̇-ürünler","value":"İNDİRİMLİ ÜRÜNLER"}]},"texture":null,"undertone":null,"unit_of_measure":null,"unit_size":null,"unit_size_formatted":null,"upc":"020714146559","vto":{"is_color_experience":null,"is_foundation_experience":null}}]},"sub_display_name":null,"sub_header":null,"tags":{"total":3,"items":[{"id":"17859","key":"çok-satanlar","parent_tag_id":null,"product_display_order":53,"value":"ÇOK SATANLAR"},{"id":"1673","key":"makyaj-temi̇zli̇yi̇ci̇leri̇","parent_tag_id":"1667","product_display_order":4,"value":"MAKYAJ TEMİZLİYİCİLERİ"},{"id":"1590","key":"i̇ndi̇ri̇mli̇-ürünler","parent_tag_id":null,"product_display_order":0,"value":"İNDİRİMLİ ÜRÜNLER"}]},"usage":[{"content":"<ul><li>Kullanmadan önce iyice çalkalayın.</li><li>Pamuk üzerine hafifçe bir miktar dökün.</li><li>İstediğiniz bölgeyi silin.</li><li>Makyajınızı  tekrar uygulamadan önce soğuk su ile durulayın.</li></ul>","label":"PRODUCT USAGE","type":"product_usage"},{"content":null,"label":"HOW DOES IT WORK","type":"how_does_it_work"},{"content":"Tüm Cilt Tipleri (1,2,3,4)","label":"WHO IT IS FOR","type":"who_it_is_for"},{"content":null,"label":"GREAT TO KNOW","type":"great_to_know"},{"content":"En kalıcı makyajı, hatta su geçirmez maskarayı çözer ve çıkarır. Cildinizi tahriş etmez..<br><br><b>Nasıl Kullanılır?</b><br><ul><li>Kullanmadan önce iyice çalkalayın.</li><li>Pamuk yardımı ile uygulayın.</li><li>Pamuk yardımı ile uygulayın.</li><li>Makyajı tekrar uygulamadan önce soğuk suyla iyice durulayın. </li></ul>","label":"WHAT_IT_DOES","type":"what_it_does"},{"content":"Clinique'in en çok satan makyaj temizleyicisi. Özel formülü ile makyajı anında çıkarır.","label":"WHAT_IT_IS","type":"what_it_is"}],"objectID":"5380"},{"benefit":null,"brand":null,"collection":null,"coverage":null,"cross_sell":[{"sku_id":null,"sort_key":1},{"sku_id":"749K01","sort_key":2},{"sku_id":"6MNY01","sort_key":3},{"sku_id":"64TM01","sort_key":4},{"sku_id":"6F3701","sort_key":5},{"sku_id":"68LE01","sort_key":6}],"default_category":{"id":"1578","key":"kadin-parfüm"},"description":"Aromatics Elixır \"Şaşırtıcı, sıra dışı ve kışkırtıcı aromasıyla bir parfümden çok daha fazlasını ifade eder. Benzersiz notalarıyla duyulara dokunur. Bunu gül, yasemin, ylang ylang ve vetiver bitkisinin özleriyle yapar. Her kadının içindeki dişiliği ortaya çıkarır.\"","display_mode":null,"display_name":"Aromatics Elixir Kadın Parfüm EDP","display_status":7,"finish":null,"form":null,"formula_type":null,"fragrance_family":[{"key":"floral-fragrance","value":"floral_fragrance"}],"indexable_keywords":null,"is_hazmat":true,"is_product_coming_soon":null,"is_product_displayable":true,"is_product_searchable":true,"is_product_shoppable":true,"is_product_sold_out":null,"is_product_temporarily_out_of_stock":null,"is_search_suppressed":null,"key_ingredient":null,"media":{"large":null,"medium":null,"poster":null,"small":null,"videos":[{"position":null,"poster":{"height":null,"src":null,"width":null},"provider":null,"src":null},{"position":null,"poster":{"height":null,"src":null,"width":null},"provider":null,"src":null},{"position":null,"poster":{"height":null,"src":null,"width":null},"provider":null,"src":null}],"xl":null},"meta":{"description":null,"keywords":null},"parent_category":[{"id":"1578","value":"KADIN PARFÜM"},{"id":"1577","value":"PARFÜM"}],"product_badge":null,"product_id":"5390","product_title_tag":null,"product_type":"Sized","product_url":"/product/1578/5390/parfum/kadin-parfum/aromatics-elixir-kadn-parfum-edp","reviews":{"average_rating":4.2,"number_of_questions":null,"number_of_reviews":10},"shade_groups":null,"short_description":"Hisleri uyandıran etkileyici kokusu parfümün ötesinde yer alır. Gül, yasemin, ylang ylang notaları içerir.","skin":null,"skin_goal":null,"skus":{"total":1,"items":[{"color_family":null,"coverage_options":null,"cross_sell":null,"display_status":7,"finish":null,"finish_options":null,"fragrances":[{"family":null,"key":null,"value":null}],"iln_listing":null,"iln_version_number":null,"inventory_status":"Active","is_active":true,"is_coming_soon":null,"is_default_sku":false,"is_discountable":true,"is_displayable":null,"is_engravable":null,"is_fragrance":null,"is_giftable":null,"is_giftwrap":false,"is_inactive":null,"is_multi_shaded":null,"is_out_of_stock":null,"is_preorder":false,"is_preorderable":null,"is_promotional":null,"is_replenishable":false,"is_search_suppressed":null,"is_searchable":true,"is_shaded":null,"is_sized":null,"is_sold_out":null,"is_under_weight_hazmat":null,"is_vto_enabled":null,"life_of_product":"Basic Reorder","material_code":"62G9010001","media":{"large":[{"alt":"Aromatics Elixir Kadın Parfüm EDP","height":1200,"position":0,"src":"/media/export/cms/products/1200x1500/cl_sku_62G901_1200x1500_0.png","type":"image","width":1500}],"medium":[{"alt":"Aromatics Elixir Kadın Parfüm EDP","height":600,"position":1,"src":"/media/export/cms/products/600x750/cl_sku_62G901_600x750_0.png","type":"image","width":750}],"model":null,"poster":null,"small":[{"alt":"Aromatics Elixir Kadın Parfüm EDP","height":1200,"position":2,"src":"/media/export/cms/products/1200x1500/cl_sku_62G901_1200x1500_0.png","type":"image","width":1500}],"smoosh":null,"xl":null},"out_of_stock_threshold":null,"perlgem":{"SKU_BASE_ID":11768},"preorder_date":null,"prices":[{"currency":"TRY","exclude_tax":{"original_price":769,"original_price_formatted":"769.00 TL","price":769,"price_formatted":"769.00 TL","price_per_unit":null,"price_per_unit_formatted":""},"include_tax":{"original_price":769,"original_price_formatted":"769.00 TL","price":769,"price_formatted":"769.00 TL","price_per_unit":null,"price_per_unit_formatted":""},"is_discounted":false}],"purchase_limit":null,"replenishment":{"message":"Never run low on your favourites. Sign up for Auto-Ship. Learn more >"},"reviews":{"average_rating":null,"number_of_questions":null,"number_of_reviews":null},"set_components":null,"shade_groups":null,"shades":null,"sizes":[{"key":1,"value":"100 ml"}],"skin":{"tone":null,"type":null,"type_description":null},"sku_badge":null,"sku_badge_image":null,"sku_display_order":3,"sku_id":"62G901","sku_promo_messaging":null,"sku_type":"SE","sku_url":null,"tags":{"total":10,"items":[{"id":"1577","key":"parfüm","value":"PARFÜM"},{"id":"12523","key":"çok-satan-parfüm-ürünleri̇","value":"ÇOK SATAN PARFÜM ÜRÜNLERİ"},{"id":"13564","key":"yeni̇-yil-parfüm","value":"YENİ YIL PARFÜM"},{"id":"13561","key":"yeni̇-yil-buti̇ği̇","value":"YENİ YIL BUTİĞİ"},{"id":"1578","key":"kadin-parfüm","value":"KADIN PARFÜM"},{"id":"27174","key":"day7flashsale","value":"Day7FlashSale"},{"id":"1584","key":"hedi̇yeler-setler","value":"HEDİYELER & SETLER"},{"id":"27172","key":"day5flashsale","value":"Day5FlashSale"},{"id":"27170","key":"day3flashsale","value":"Day3FlashSale"},{"id":"9422","key":"socialmediafavs","value":"socialmediafavs"}]},"texture":null,"undertone":null,"unit_of_measure":null,"unit_size":null,"unit_size_formatted":null,"upc":"020714999346","vto":{"is_color_experience":null,"is_foundation_experience":null}}]},"sub_display_name":null,"sub_header":null,"tags":{"total":10,"items":[{"id":"1577","key":"parfüm","parent_tag_id":null,"product_display_order":0,"value":"PARFÜM"},{"id":"12523","key":"çok-satan-parfüm-ürünleri̇","parent_tag_id":"1577","product_display_order":0,"value":"ÇOK SATAN PARFÜM ÜRÜNLERİ"},{"id":"13564","key":"yeni̇-yil-parfüm","parent_tag_id":"13561","product_display_order":33,"value":"YENİ YIL PARFÜM"},{"id":"13561","key":"yeni̇-yil-buti̇ği̇","parent_tag_id":null,"product_display_order":0,"value":"YENİ YIL BUTİĞİ"},{"id":"1578","key":"kadin-parfüm","parent_tag_id":"1577","product_display_order":1,"value":"KADIN PARFÜM"},{"id":"27174","key":"day7flashsale","parent_tag_id":"1590","product_display_order":0,"value":"Day7FlashSale"},{"id":"1584","key":"hedi̇yeler-setler","parent_tag_id":"1582","product_display_order":40,"value":"HEDİYELER & SETLER"},{"id":"27172","key":"day5flashsale","parent_tag_id":"1590","product_display_order":161,"value":"Day5FlashSale"},{"id":"27170","key":"day3flashsale","parent_tag_id":"1590","product_display_order":0,"value":"Day3FlashSale"},{"id":"9422","key":"socialmediafavs","parent_tag_id":"9420","product_display_order":0,"value":"socialmediafavs"}]},"usage":[{"content":null,"label":"PRODUCT USAGE","type":"product_usage"},{"content":null,"label":"HOW DOES IT WORK","type":"how_does_it_work"},{"content":null,"label":"WHO IT IS FOR","type":"who_it_is_for"},{"content":null,"label":"GREAT TO KNOW","type":"great_to_know"},{"content":null,"label":"WHAT_IT_DOES","type":"what_it_does"},{"content":"Aromatics Elixır \"Şaşırtıcı, sıra dışı ve kışkırtıcı aromasıyla bir parfümden çok daha fazlasını ifade eder. Benzersiz notalarıyla duyulara dokunur. Bunu gül, yasemin, ylang ylang ve vetiver bitkisinin özleriyle yapar. Her kadının içindeki dişiliği ortaya çıkarır.\"","label":"WHAT_IT_IS","type":"what_it_is"}],"objectID":"5390"},{"benefit":{"statement":null,"benefits":null},"brand":null,"collection":null,"coverage":null,"cross_sell":null,"default_category":{"id":"1628","key":"-evde-bakim"},"description":null,"display_mode":null,"display_name":"MYO Large Green Box Holiday 2017","display_status":1,"finish":null,"form":null,"formula_type":null,"fragrance_family":null,"indexable_keywords":null,"is_hazmat":false,"is_product_coming_soon":null,"is_product_displayable":true,"is_product_searchable":true,"is_product_shoppable":false,"is_product_sold_out":null,"is_product_temporarily_out_of_stock":null,"is_search_suppressed":null,"key_ingredient":null,"media":{"large":null,"medium":null,"poster":null,"small":null,"videos":[{"position":null,"poster":{"height":null,"src":null,"width":null},"provider":null,"src":null},{"position":null,"poster":{"height":null,"src":null,"width":null},"provider":null,"src":null},{"position":null,"poster":{"height":null,"src":null,"width":null},"provider":null,"src":null}],"xl":null},"meta":{"description":null,"keywords":null},"parent_category":[{"id":"1628","value":"# EVDE BAKIM"}],"product_badge":null,"product_id":"54076","product_title_tag":null,"product_type":"Other","product_url":"/product/1628/54076/evde-bakim/myo-large-green-box-holiday-2017/holiday-2017","reviews":{"average_rating":null,"number_of_questions":null,"number_of_reviews":null},"shade_groups":null,"short_description":null,"skin":null,"skin_goal":null,"skus":{"total":1,"items":[{"color_family":null,"coverage_options":null,"cross_sell":null,"display_status":1,"finish":null,"finish_options":null,"fragrances":[{"family":null,"key":null,"value":null}],"iln_listing":null,"iln_version_number":null,"inventory_status":"Sold Out","is_active":null,"is_coming_soon":null,"is_default_sku":false,"is_discountable":true,"is_displayable":null,"is_engravable":null,"is_fragrance":null,"is_giftable":null,"is_giftwrap":false,"is_inactive":null,"is_multi_shaded":null,"is_out_of_stock":null,"is_preorder":false,"is_preorderable":null,"is_promotional":null,"is_replenishable":false,"is_search_suppressed":null,"is_searchable":false,"is_shaded":null,"is_sized":null,"is_sold_out":true,"is_under_weight_hazmat":false,"is_vto_enabled":null,"life_of_product":"Limited life","material_code":"K42R900001","media":{"large":[{"alt":"MYO Large Green Box Holiday 2017","height":1200,"position":0,"src":"/media/export/cms/products/1200x1500/cl_sku_K42R90_1200x1500_0.png","type":"image","width":1500}],"medium":[{"alt":"MYO Large Green Box Holiday 2017","height":600,"position":1,"src":"/media/export/cms/products/600x750/cl_sku_K42R90_600x750_0.png","type":"image","width":750}],"model":null,"poster":null,"small":[{"alt":"MYO Large Green Box Holiday 2017","height":1200,"position":2,"src":"/media/export/cms/products/1200x1500/cl_sku_K42R90_1200x1500_0.png","type":"image","width":1500}],"smoosh":null,"xl":null},"out_of_stock_threshold":null,"perlgem":{"SKU_BASE_ID":87582},"preorder_date":null,"prices":[{"currency":"TRY","exclude_tax":{"original_price":0,"original_price_formatted":"0.00 TL","price":0,"price_formatted":"0.00 TL","price_per_unit":null,"price_per_unit_formatted":""},"include_tax":{"original_price":0,"original_price_formatted":"0.00 TL","price":0,"price_formatted":"0.00 TL","price_per_unit":null,"price_per_unit_formatted":""},"is_discounted":false}],"purchase_limit":null,"replenishment":{"message":null},"reviews":{"average_rating":null,"number_of_questions":null,"number_of_reviews":null},"set_components":null,"shade_groups":null,"shades":null,"sizes":[{"key":1,"value":null}],"skin":{"tone":null,"type":null,"type_description":null},"sku_badge":null,"sku_badge_image":null,"sku_display_order":0,"sku_id":"K42R90","sku_promo_messaging":null,"sku_type":"SE","sku_url":null,"tags":{"total":2,"items":[{"id":"1628","key":"-evde-bakim","value":"# EVDE BAKIM"},{"id":"9513","key":"packettes","value":"Packettes"}]},"texture":null,"undertone":null,"unit_of_measure":null,"unit_size":null,"unit_size_formatted":null,"upc":"020714893378","vto":{"is_color_experience":null,"is_foundation_experience":null}}]},"sub_display_name":null,"sub_header":null,"tags":{"total":2,"items":[{"id":"1628","key":"-evde-bakim","parent_tag_id":null,"product_display_order":381,"value":"# EVDE BAKIM"},{"id":"9513","key":"packettes","parent_tag_id":"1628","product_display_order":0,"value":"Packettes"}]},"usage":[{"content":null,"label":"PRODUCT USAGE","type":"product_usage"},{"content":null,"label":"HOW DOES IT WORK","type":"how_does_it_work"},{"content":null,"label":"WHO IT IS FOR","type":"who_it_is_for"},{"content":null,"label":"GREAT TO KNOW","type":"great_to_know"},{"content":null,"label":"WHAT_IT_DOES","type":"what_it_does"},{"content":null,"label":"WHAT_IT_IS","type":"what_it_is"}],"objectID":"54076"},{"benefit":{"statement":null,"benefits":null},"brand":null,"collection":null,"coverage":null,"cross_sell":null,"default_category":{"id":"1628","key":"-evde-bakim"},"description":null,"display_mode":null,"display_name":"MYO Medium Purple Box Holiday 2017","display_status":1,"finish":null,"form":null,"formula_type":null,"fragrance_family":null,"indexable_keywords":null,"is_hazmat":false,"is_product_coming_soon":null,"is_product_displayable":true,"is_product_searchable":true,"is_product_shoppable":false,"is_product_sold_out":null,"is_product_temporarily_out_of_stock":null,"is_search_suppressed":null,"key_ingredient":null,"media":{"large":null,"medium":null,"poster":null,"small":null,"videos":[{"position":null,"poster":{"height":null,"src":null,"width":null},"provider":null,"src":null},{"position":null,"poster":{"height":null,"src":null,"width":null},"provider":null,"src":null},{"position":null,"poster":{"height":null,"src":null,"width":null},"provider":null,"src":null}],"xl":null},"meta":{"description":null,"keywords":null},"parent_category":[{"id":"1628","value":"# EVDE BAKIM"}],"product_badge":null,"product_id":"54077","product_title_tag":null,"product_type":"Other","product_url":"/product/1628/54077/evde-bakim/myo-medium-purple-box-holiday-2017/holiday-2017","reviews":{"average_rating":null,"number_of_questions":null,"number_of_reviews":null},"shade_groups":null,"short_description":null,"skin":null,"skin_goal":null,"skus":{"total":1,"items":[{"color_family":null,"coverage_options":null,"cross_sell":null,"display_status":1,"finish":null,"finish_options":null,"fragrances":[{"family":null,"key":null,"value":null}],"iln_listing":null,"iln_version_number":null,"inventory_status":"Sold Out","is_active":null,"is_coming_soon":null,"is_default_sku":false,"is_discountable":true,"is_displayable":null,"is_engravable":null,"is_fragrance":null,"is_giftable":null,"is_giftwrap":false,"is_inactive":null,"is_multi_shaded":null,"is_out_of_stock":null,"is_preorder":false,"is_preorderable":null,"is_promotional":null,"is_replenishable":false,"is_search_suppressed":null,"is_searchable":false,"is_shaded":null,"is_sized":null,"is_sold_out":true,"is_under_weight_hazmat":false,"is_vto_enabled":null,"life_of_product":"Limited life","material_code":"K42T900001","media":{"large":[{"alt":"MYO Medium Purple Box Holiday 2017","height":1200,"position":0,"src":"/media/export/cms/products/1200x1500/cl_sku_K42T90_1200x1500_0.png","type":"image","width":1500}],"medium":[{"alt":"MYO Medium Purple Box Holiday 2017","height":600,"position":1,"src":"/media/export/cms/products/600x750/cl_sku_K42T90_600x750_0.png","type":"image","width":750}],"model":null,"poster":null,"small":[{"alt":"MYO Medium Purple Box Holiday 2017","height":1200,"position":2,"src":"/media/export/cms/products/1200x1500/cl_sku_K42T90_1200x1500_0.png","type":"image","width":1500}],"smoosh":null,"xl":null},"out_of_stock_threshold":null,"perlgem":{"SKU_BASE_ID":87583},"preorder_date":null,"prices":[{"currency":"TRY","exclude_tax":{"original_price":0,"original_price_formatted":"0.00 TL","price":0,"price_formatted":"0.00 TL","price_per_unit":null,"price_per_unit_formatted":""},"include_tax":{"original_price":0,"original_price_formatted":"0.00 TL","price":0,"price_formatted":"0.00 TL","price_per_unit":null,"price_per_unit_formatted":""},"is_discounted":false}],"purchase_limit":null,"replenishment":{"message":null},"reviews":{"average_rating":null,"number_of_questions":null,"number_of_reviews":null},"set_components":null,"shade_groups":null,"shades":null,"sizes":[{"key":1,"value":null}],"skin":{"tone":null,"type":null,"type_description":null},"sku_badge":null,"sku_badge_image":null,"sku_display_order":0,"sku_id":"K42T90","sku_promo_messaging":null,"sku_type":"SE","sku_url":null,"tags":{"total":3,"items":[{"id":"9513","key":"packettes","value":"Packettes"},{"id":"2644","key":"alışverişi-tamamla","value":"Alışverişi Tamamla"},{"id":"1628","key":"-evde-bakim","value":"# EVDE BAKIM"}]},"texture":null,"undertone":null,"unit_of_measure":null,"unit_size":null,"unit_size_formatted":null,"upc":"020714893385","vto":{"is_color_experience":null,"is_foundation_experience":null}}]},"sub_display_name":null,"sub_header":null,"tags":{"total":3,"items":[{"id":"9513","key":"packettes","parent_tag_id":"1628","product_display_order":0,"value":"Packettes"},{"id":"2644","key":"alışverişi-tamamla","parent_tag_id":null,"product_display_order":0,"value":"Alışverişi Tamamla"},{"id":"1628","key":"-evde-bakim","parent_tag_id":null,"product_display_order":131,"value":"# EVDE BAKIM"}]},"usage":[{"content":null,"label":"PRODUCT USAGE","type":"product_usage"},{"content":null,"label":"HOW DOES IT WORK","type":"how_does_it_work"},{"content":null,"label":"WHO IT IS FOR","type":"who_it_is_for"},{"content":null,"label":"GREAT TO KNOW","type":"great_to_know"},{"content":null,"label":"WHAT_IT_DOES","type":"what_it_does"},{"content":null,"label":"WHAT_IT_IS","type":"what_it_is"}],"objectID":"54077"},{"benefit":{"statement":null,"benefits":[{"key":"lengthening-benefit","value":"lengthening_benefit"},{"key":"thickening-benefit","value":"thickening_benefit"},{"key":"volumizing-benefit","value":"volumizing_benefit"}]},"brand":null,"collection":null,"coverage":null,"cross_sell":[{"sku_id":"62A401","sort_key":1},{"sku_id":"6MNY01","sort_key":2},{"sku_id":"75X301","sort_key":3},{"sku_id":"6F0K01","sort_key":4},{"sku_id":"60MK01","sort_key":5},{"sku_id":"6F3701","sort_key":6}],"default_category":{"id":"1606","key":"maskara"},"description":"Kirpikleri ayırarak en uzun ve en dolgun görünüm kazanmasını sağlar. Daha uzun, daha dolgun ve etkileyici kirpiklere sahip olabilirsiniz. Kirpiklere doğal ve derin bir renk katarak dramatik görüntü verir. ","display_mode":null,"display_name":"High Impact Maskara","display_status":7,"finish":null,"form":null,"formula_type":null,"fragrance_family":null,"indexable_keywords":null,"is_hazmat":false,"is_product_coming_soon":null,"is_product_displayable":true,"is_product_searchable":true,"is_product_shoppable":true,"is_product_sold_out":null,"is_product_temporarily_out_of_stock":null,"is_search_suppressed":null,"key_ingredient":null,"media":{"large":[{"alt":"High Impact Maskara","height":1200,"position":0,"src":"/media/export/cms/products/1200x1500/cl_prod_5416_1200x1500_0.png","type":"image","width":1500},{"alt":"High Impact Maskara","height":1200,"position":1,"src":"/media/export/cms/products/1200x1500/cl_prod_5416_1200x1500_1.png","type":"image","width":1500}],"medium":null,"poster":null,"small":[{"alt":"High Impact Maskara","height":1200,"position":2,"src":"/media/export/cms/products/1200x1500/cl_prod_5416_1200x1500_0.png","type":"image","width":1500},{"alt":"High Impact Maskara","height":1200,"position":3,"src":"/media/export/cms/products/1200x1500/cl_prod_5416_1200x1500_1.png","type":"image","width":1500}],"videos":[{"position":null,"poster":{"height":null,"src":null,"width":null},"provider":null,"src":null},{"position":null,"poster":{"height":null,"src":null,"width":null},"provider":null,"src":null},{"position":null,"poster":{"height":null,"src":null,"width":null},"provider":null,"src":null}],"xl":null},"meta":{"description":null,"keywords":"lengthen, lengthening, eye lash mascara"},"parent_category":[{"id":"1606","value":"MASKARA"},{"id":"1592","value":"MAKYAJ"}],"product_badge":null,"product_id":"5416","product_title_tag":null,"product_type":"Shaded","product_url":"/product/1606/5416/makyaj/maskara/high-impact-maskara","reviews":{"average_rating":3.9,"number_of_questions":null,"number_of_reviews":19},"shade_groups":null,"short_description":"Kirpikleri ayırarak en uzun ve en dolgun görünüm kazanmasını sağlar","skin":null,"skin_goal":null,"skus":{"total":2,"items":[{"color_family":null,"coverage_options":null,"cross_sell":null,"display_status":7,"finish":null,"finish_options":null,"fragrances":[{"family":null,"key":null,"value":null}],"iln_listing":null,"iln_version_number":null,"inventory_status":"Active","is_active":true,"is_coming_soon":null,"is_default_sku":true,"is_discountable":true,"is_displayable":null,"is_engravable":null,"is_fragrance":null,"is_giftable":null,"is_giftwrap":false,"is_inactive":null,"is_multi_shaded":null,"is_out_of_stock":null,"is_preorder":false,"is_preorderable":null,"is_promotional":null,"is_replenishable":false,"is_search_suppressed":null,"is_searchable":true,"is_shaded":null,"is_sized":null,"is_sold_out":null,"is_under_weight_hazmat":false,"is_vto_enabled":null,"life_of_product":"Basic Reorder","material_code":"68A0010001","media":{"large":[{"alt":"High Impact Maskara","height":1200,"position":1,"src":"/media/export/cms/products/1200x1500/cl_sku_68A001_1200x1500_0.png","type":"image","width":1500}],"medium":[{"alt":"High Impact Maskara","height":600,"position":2,"src":"/media/export/cms/products/600x750/cl_sku_68A001_600x750_0.png","type":"image","width":750},{"alt":"High Impact Maskara","height":600,"position":3,"src":"/media/export/cms/products/600x750/cl_sku_68A001_600x750_1.png","type":"image","width":750}],"model":null,"poster":null,"small":[{"alt":"High Impact Maskara","height":1200,"position":4,"src":"/media/export/cms/products/1200x1500/cl_sku_68A001_1200x1500_0.png","type":"image","width":1500}],"smoosh":[{"alt":"High Impact Maskara","height":1200,"position":0,"src":"/media/export/cms/products/1200x1500/swatches_v3/47_ns_ng.png","type":"image","width":1500}],"xl":null},"out_of_stock_threshold":null,"perlgem":{"SKU_BASE_ID":12573},"preorder_date":null,"prices":[{"currency":"TRY","exclude_tax":{"original_price":195,"original_price_formatted":"195.00 TL","price":195,"price_formatted":"195.00 TL","price_per_unit":null,"price_per_unit_formatted":""},"include_tax":{"original_price":195,"original_price_formatted":"195.00 TL","price":195,"price_formatted":"195.00 TL","price_per_unit":null,"price_per_unit_formatted":""},"is_discounted":false}],"purchase_limit":null,"replenishment":{"message":"Never run low on your favourites. Sign up for Auto-Ship. Learn more >"},"reviews":{"average_rating":null,"number_of_questions":null,"number_of_reviews":null},"set_components":null,"shade_groups":null,"shades":[{"description":"","hex_val":"#0e0d0d","image":{"height":null,"src":"","width":null},"name":"Black","smoosh_design":{"group_id":null,"name":"47::none::none"}}],"sizes":[{"key":1,"value":"8 g"}],"skin":{"tone":null,"type":null,"type_description":null},"sku_badge":null,"sku_badge_image":null,"sku_display_order":1,"sku_id":"68A001","sku_promo_messaging":null,"sku_type":"SE","sku_url":null,"tags":{"total":20,"items":[{"id":"17859","key":"çok-satanlar","value":"ÇOK SATANLAR"},{"id":"27172","key":"day5flashsale","value":"Day5FlashSale"},{"id":"16422","key":"gifts","value":"Gifts"},{"id":"25565","key":"justarrivednew","value":"justarrivednew"},{"id":"9425","key":"top-rated-makeup","value":"top rated makeup"},{"id":"12537","key":"çok-satan-makyaj-ürünleri̇","value":"ÇOK SATAN MAKYAJ ÜRÜNLERİ"},{"id":"8194","key":"en-çok-satan-10","value":"En Çok Satan 10 "},{"id":"1575","key":"en-çok-satanlar","value":"En Çok Satanlar"},{"id":"1606","key":"maskara","value":"MASKARA"},{"id":"9424","key":"discovery-box","value":"Discovery Box"},{"id":"13770","key":"recommended-clinique-favourites","value":"Recommended Clinique Favourites"},{"id":"10589","key":"offers-lp","value":"Offers LP"},{"id":"27171","key":"day4flashsale","value":"Day4FlashSale"},{"id":"1592","key":"makyaj","value":"MAKYAJ"},{"id":"9428","key":"top10","value":"top10"},{"id":"9423","key":"seasonal1","value":"seasonal1"},{"id":"13562","key":"yeni̇-yil-makyaj","value":"YENİ YIL MAKYAJ"},{"id":"27174","key":"day7flashsale","value":"Day7FlashSale"},{"id":"14715","key":"mothers-day-gift-sets","value":"Mother's Day Gift Sets"},{"id":"25016","key":"top-sellers","value":"Top Sellers"}]},"texture":null,"undertone":null,"unit_of_measure":null,"unit_size":null,"unit_size_formatted":null,"upc":"020714192334","vto":{"is_color_experience":null,"is_foundation_experience":null}},{"color_family":null,"coverage_options":null,"cross_sell":null,"display_status":7,"finish":null,"finish_options":null,"fragrances":[{"family":null,"key":null,"value":null}],"iln_listing":null,"iln_version_number":null,"inventory_status":"Active","is_active":true,"is_coming_soon":null,"is_default_sku":false,"is_discountable":true,"is_displayable":null,"is_engravable":null,"is_fragrance":null,"is_giftable":null,"is_giftwrap":false,"is_inactive":null,"is_multi_shaded":null,"is_out_of_stock":null,"is_preorder":false,"is_preorderable":null,"is_promotional":null,"is_replenishable":false,"is_search_suppressed":null,"is_searchable":true,"is_shaded":null,"is_sized":null,"is_sold_out":null,"is_under_weight_hazmat":false,"is_vto_enabled":null,"life_of_product":"Basic Reorder","material_code":"68A0020001","media":{"large":[{"alt":"High Impact Maskara","height":1200,"position":1,"src":"/media/export/cms/products/1200x1500/cl_sku_68A002_1200x1500_0.png","type":"image","width":1500}],"medium":[{"alt":"High Impact Maskara","height":600,"position":2,"src":"/media/export/cms/products/600x750/cl_sku_68A002_600x750_0.png","type":"image","width":750}],"model":null,"poster":null,"small":[{"alt":"High Impact Maskara","height":1200,"position":3,"src":"/media/export/cms/products/1200x1500/cl_sku_68A002_1200x1500_0.png","type":"image","width":1500}],"smoosh":[{"alt":"High Impact Maskara","height":1200,"position":0,"src":"/media/export/cms/products/1200x1500/swatches_v3/47_ns_ng.png","type":"image","width":1500}],"xl":null},"out_of_stock_threshold":null,"perlgem":{"SKU_BASE_ID":12574},"preorder_date":null,"prices":[{"currency":"TRY","exclude_tax":{"original_price":195,"original_price_formatted":"195.00 TL","price":195,"price_formatted":"195.00 TL","price_per_unit":null,"price_per_unit_formatted":""},"include_tax":{"original_price":195,"original_price_formatted":"195.00 TL","price":195,"price_formatted":"195.00 TL","price_per_unit":null,"price_per_unit_formatted":""},"is_discounted":false}],"purchase_limit":null,"replenishment":{"message":"Never run low on your favourites. Sign up for Auto-Ship. Learn more >"},"reviews":{"average_rating":null,"number_of_questions":null,"number_of_reviews":null},"set_components":null,"shade_groups":null,"shades":[{"description":"","hex_val":"#23120f","image":{"height":null,"src":"","width":null},"name":"Black/Brown","smoosh_design":{"group_id":null,"name":"47::none::none"}}],"sizes":[{"key":1,"value":"8 g"}],"skin":{"tone":null,"type":null,"type_description":null},"sku_badge":null,"sku_badge_image":null,"sku_display_order":2,"sku_id":"68A002","sku_promo_messaging":null,"sku_type":"SE","sku_url":null,"tags":{"total":17,"items":[{"id":"27172","key":"day5flashsale","value":"Day5FlashSale"},{"id":"16422","key":"gifts","value":"Gifts"},{"id":"9425","key":"top-rated-makeup","value":"top rated makeup"},{"id":"12537","key":"çok-satan-makyaj-ürünleri̇","value":"ÇOK SATAN MAKYAJ ÜRÜNLERİ"},{"id":"8194","key":"en-çok-satan-10","value":"En Çok Satan 10 "},{"id":"1575","key":"en-çok-satanlar","value":"En Çok Satanlar"},{"id":"1606","key":"maskara","value":"MASKARA"},{"id":"1602","key":"hedi̇yeler-setler","value":"HEDİYELER & SETLER"},{"id":"9424","key":"discovery-box","value":"Discovery Box"},{"id":"13770","key":"recommended-clinique-favourites","value":"Recommended Clinique Favourites"},{"id":"10589","key":"offers-lp","value":"Offers LP"},{"id":"27171","key":"day4flashsale","value":"Day4FlashSale"},{"id":"1592","key":"makyaj","value":"MAKYAJ"},{"id":"9428","key":"top10","value":"top10"},{"id":"13562","key":"yeni̇-yil-makyaj","value":"YENİ YIL MAKYAJ"},{"id":"27174","key":"day7flashsale","value":"Day7FlashSale"},{"id":"25016","key":"top-sellers","value":"Top Sellers"}]},"texture":null,"undertone":null,"unit_of_measure":null,"unit_size":null,"unit_size_formatted":null,"upc":"020714192341","vto":{"is_color_experience":null,"is_foundation_experience":null}}]},"sub_display_name":null,"sub_header":null,"tags":{"total":21,"items":[{"id":"17859","key":"çok-satanlar","parent_tag_id":null,"product_display_order":61,"value":"ÇOK SATANLAR"},{"id":"27172","key":"day5flashsale","parent_tag_id":"1590","product_display_order":0,"value":"Day5FlashSale"},{"id":"16422","key":"gifts","parent_tag_id":"1585","product_display_order":8,"value":"Gifts"},{"id":"25565","key":"justarrivednew","parent_tag_id":null,"product_display_order":7,"value":"justarrivednew"},{"id":"9425","key":"top-rated-makeup","parent_tag_id":"9420","product_display_order":1,"value":"top rated makeup"},{"id":"12537","key":"çok-satan-makyaj-ürünleri̇","parent_tag_id":"1592","product_display_order":1,"value":"ÇOK SATAN MAKYAJ ÜRÜNLERİ"},{"id":"8194","key":"en-çok-satan-10","parent_tag_id":null,"product_display_order":3,"value":"En Çok Satan 10 "},{"id":"1575","key":"en-çok-satanlar","parent_tag_id":null,"product_display_order":172,"value":"En Çok Satanlar"},{"id":"1606","key":"maskara","parent_tag_id":"1592","product_display_order":0,"value":"MASKARA"},{"id":"1602","key":"hedi̇yeler-setler","parent_tag_id":"1600","product_display_order":66,"value":"HEDİYELER & SETLER"},{"id":"9424","key":"discovery-box","parent_tag_id":"9420","product_display_order":1,"value":"Discovery Box"},{"id":"13770","key":"recommended-clinique-favourites","parent_tag_id":null,"product_display_order":11,"value":"Recommended Clinique Favourites"},{"id":"10589","key":"offers-lp","parent_tag_id":null,"product_display_order":1,"value":"Offers LP"},{"id":"27171","key":"day4flashsale","parent_tag_id":"1590","product_display_order":14,"value":"Day4FlashSale"},{"id":"1592","key":"makyaj","parent_tag_id":null,"product_display_order":92,"value":"MAKYAJ"},{"id":"9428","key":"top10","parent_tag_id":"9420","product_display_order":0,"value":"top10"},{"id":"9423","key":"seasonal1","parent_tag_id":"9420","product_display_order":1,"value":"seasonal1"},{"id":"13562","key":"yeni̇-yil-makyaj","parent_tag_id":"13561","product_display_order":1,"value":"YENİ YIL MAKYAJ"},{"id":"27174","key":"day7flashsale","parent_tag_id":"1590","product_display_order":0,"value":"Day7FlashSale"},{"id":"14715","key":"mothers-day-gift-sets","parent_tag_id":"4323","product_display_order":0,"value":"Mother's Day Gift Sets"},{"id":"25016","key":"top-sellers","parent_tag_id":"4323","product_display_order":0,"value":"Top Sellers"}]},"usage":[{"content":"<ul><li>Kirpik diplerinden başlayarak, uçlara kadar yoğun olarak tarayın. </li><li>Daha yoğun görünüm için birkaç kez uygulayın. </li><li>Kısa kirpiklere uygulamak için maskara çubuğunu yatay tutun. </li><li>Fırçayı tüp içine hızlıca sokup çıkarmayın, bu içeri pompalanan hava ile maskaranın çabuk kurumasına sebep olur.</li><li>Topaklanmaması için ince bir tabaka şeklinde uygulanması yeterli olacaktır. </li><li>Favori Clinique <a href=\"/product/1673/5380/Skincare/Cleansers_Makeup_Removers/Take-The-Day-Off-Gz-ve-Dudak-Makyaj-Temizleyicisi/index.tmpl\">makyaj temizleyicisi ile temizleyin</a>.</li></ul>","label":"PRODUCT USAGE","type":"product_usage"},{"content":null,"label":"HOW DOES IT WORK","type":"how_does_it_work"},{"content":"Tüm Cilt Tipleri (1,2,3,4)","label":"WHO IT IS FOR","type":"who_it_is_for"},{"content":null,"label":"GREAT TO KNOW","type":"great_to_know"},{"content":"Kirpikleri ayırarak en uzun ve en dolgun görünüm kazanmasını sağlar. Daha uzun, daha dolgun ve etkileyici kirpiklere sahip olabilirsiniz. Kirpiklere doğal ve derin bir renk katarak dramatik görüntü verir.<br><br><b>Nasıl Kullanılır?</b><br><ul><li>Kirpik köklerinden başlayın, kirpik uçlarına kadar uygulayın.</li><li>Daha dramatik bir görünüm için kat kat uygulayın.</li><li>Alt kirpikler için, çubuğu dikey olarak tutun.</li><li>Fırçayı sürekli hava ile temas ettirmeyin, maskarayı kurutabilir.</li><li>Topaklanmayı önlemek için katlar arasında maskara kurumasına izin verin.</li><li>En sevdiğiniz Clinique göz makyajı temizleyicisiyle çıkarın.</li></ul>","label":"WHAT_IT_DOES","type":"what_it_does"},{"content":"Kirpikler için anında etki.kirpik hacmini ve uzunluğunu arttırır.","label":"WHAT_IT_IS","type":"what_it_is"}],"objectID":"5416"},{"benefit":{"statement":null,"benefits":null},"brand":null,"collection":[{"key":"moisture-surge-collection","value":"moisture_surge_collection"}],"coverage":null,"cross_sell":[{"sku_id":"6LKH01","sort_key":1},{"sku_id":"7AY301","sort_key":2},{"sku_id":"68LE01","sort_key":3},{"sku_id":"6F3701","sort_key":4},{"sku_id":"76WY01","sort_key":5},{"sku_id":"71PN01","sort_key":6}],"default_category":{"id":"1687","key":"yüz-nemlendi̇ri̇ci̇"},"description":"<b>Nedir?</b><br>Tazeleyici, yağ içermeyen formülüyle cildinin nem seviyesinin hızlıca dengelenmesine yardımcı olur.<br><br><b>Ne İşe Yarar? </b><br>İçinde nem ve aloe vera suyu bulunduran bu yağsız yüz spreyi, cildini anında nemlendirir, yumuşatır ve yatıştırır.Taşınabilir boyu sayesinde istediğiniz zaman cildinizi anındanemlendirip ferahlık kazandırabilirsiniz.Yağsızdır.Oftalmoloji testinden geçmiştir.<br><br><b>Nasıl Uygulanır?</b><br><ul><li> Yüzünüzden 25-30 cm uzaklıktan uygulayın.Gözlerinizi kapattıktan sonra yüzünüze sıkınız.</li><li Günlük nemlendiricinize ek olarak, makyaj öncesi veya sonrası, cildiniz ne zaman nem ihtiyacı duyarsa uygulayabilirsiniz.</li><li>Gözle temasından kaçının.</li></ul>","display_mode":null,"display_name":"Moisture Surge Nemlendirici Yüz Spreyi","display_status":7,"finish":null,"form":[{"key":"watery-form","value":"watery_form"}],"formula_type":null,"fragrance_family":null,"indexable_keywords":[{"value":"maske"},{"value":" nemlendirici"},{"value":" ekstra kuru ciltler"}],"is_hazmat":false,"is_product_coming_soon":null,"is_product_displayable":true,"is_product_searchable":true,"is_product_shoppable":true,"is_product_sold_out":null,"is_product_temporarily_out_of_stock":null,"is_search_suppressed":null,"key_ingredient":null,"media":{"large":null,"medium":null,"poster":null,"small":null,"videos":[{"position":null,"poster":{"height":null,"src":null,"width":null},"provider":null,"src":null},{"position":null,"poster":{"height":null,"src":null,"width":null},"provider":null,"src":null},{"position":null,"poster":{"height":null,"src":null,"width":null},"provider":null,"src":null}],"xl":null},"meta":{"description":null,"keywords":"mask, moisturizer, extra thirsty skin relief"},"parent_category":[{"id":"1687","value":"YÜZ NEMLENDİRİCİ"},{"id":"1667","value":"CİLT BAKIMI"}],"product_badge":null,"product_id":"5449","product_title_tag":null,"product_type":"Sized","product_url":"/product/1687/5449/cilt-bakimi/yuz-nemlendirici/moisture-surge-nemlendirici-yuz-spreyi","reviews":{"average_rating":5,"number_of_questions":null,"number_of_reviews":3},"shade_groups":null,"short_description":"İstediğiniz an yağsız canlandırıcı nem takviyesi yanınızda.","skin":{"concern":[{"key":"dry-concern","value":"dry_concern"}]},"skin_goal":null,"skus":{"total":1,"items":[{"color_family":null,"coverage_options":null,"cross_sell":null,"display_status":7,"finish":null,"finish_options":null,"fragrances":[{"family":null,"key":null,"value":null}],"iln_listing":null,"iln_version_number":null,"inventory_status":"Active","is_active":true,"is_coming_soon":null,"is_default_sku":false,"is_discountable":true,"is_displayable":null,"is_engravable":null,"is_fragrance":null,"is_giftable":null,"is_giftwrap":false,"is_inactive":null,"is_multi_shaded":null,"is_out_of_stock":null,"is_preorder":false,"is_preorderable":null,"is_promotional":null,"is_replenishable":false,"is_search_suppressed":null,"is_searchable":true,"is_shaded":null,"is_sized":null,"is_sold_out":null,"is_under_weight_hazmat":false,"is_vto_enabled":null,"life_of_product":"Basic Reorder","material_code":"68NT010001","media":{"large":[{"alt":"Moisture Surge Nemlendirici Yüz Spreyi","height":1200,"position":0,"src":"/media/export/cms/products/1200x1500/cl_sku_68NT01_1200x1500_0.png","type":"image","width":1500}],"medium":[{"alt":"Moisture Surge Nemlendirici Yüz Spreyi","height":600,"position":1,"src":"/media/export/cms/products/600x750/cl_sku_68NT01_600x750_0.png","type":"image","width":750}],"model":null,"poster":null,"small":[{"alt":"Moisture Surge Nemlendirici Yüz Spreyi","height":1200,"position":2,"src":"/media/export/cms/products/1200x1500/cl_sku_68NT01_1200x1500_0.png","type":"image","width":1500}],"smoosh":null,"xl":null},"out_of_stock_threshold":null,"perlgem":{"SKU_BASE_ID":12628},"preorder_date":null,"prices":[{"currency":"TRY","exclude_tax":{"original_price":279,"original_price_formatted":"279.00 TL","price":279,"price_formatted":"279.00 TL","price_per_unit":null,"price_per_unit_formatted":""},"include_tax":{"original_price":279,"original_price_formatted":"279.00 TL","price":279,"price_formatted":"279.00 TL","price_per_unit":null,"price_per_unit_formatted":""},"is_discounted":false}],"purchase_limit":null,"replenishment":{"message":"Recommended Auto-Ship cycle: 12 weeks  Learn more >"},"reviews":{"average_rating":null,"number_of_questions":null,"number_of_reviews":null},"set_components":null,"shade_groups":null,"shades":null,"sizes":[{"key":1,"value":"125 ml"}],"skin":{"tone":null,"type":[{"key":"very-dry-skintype","value":"very_dry_skintype"},{"key":"dry-skintype","value":"dry_skintype"},{"key":"combination-skintype","value":"combination_skintype"},{"key":"oily-skintype","value":"oily_skintype"},{"key":"normal-skintype","value":"normal_skintype"}],"type_description":null},"sku_badge":null,"sku_badge_image":null,"sku_display_order":0,"sku_id":"68NT01","sku_promo_messaging":null,"sku_type":"SE","sku_url":null,"tags":{"total":13,"items":[{"id":"27168","key":"day1flashsale","value":"Day1FlashSale"},{"id":"10589","key":"offers-lp","value":"Offers LP"},{"id":"13561","key":"yeni̇-yil-buti̇ği̇","value":"YENİ YIL BUTİĞİ"},{"id":"14715","key":"mothers-day-gift-sets","value":"Mother's Day Gift Sets"},{"id":"13563","key":"yeni̇-yil-ci̇lt-bakimi","value":"YENİ YIL CİLT BAKIMI"},{"id":"8388","key":"nem","value":"nem"},{"id":"1687","key":"yüz-nemlendi̇ri̇ci̇","value":"YÜZ NEMLENDİRİCİ"},{"id":"27172","key":"day5flashsale","value":"Day5FlashSale"},{"id":"27174","key":"day7flashsale","value":"Day7FlashSale"},{"id":"13770","key":"recommended-clinique-favourites","value":"Recommended Clinique Favourites"},{"id":"16422","key":"gifts","value":"Gifts"},{"id":"25565","key":"justarrivednew","value":"justarrivednew"},{"id":"11731","key":"nail-enamel","value":"nail enamel"}]},"texture":null,"undertone":null,"unit_of_measure":null,"unit_size":null,"unit_size_formatted":null,"upc":"020714195786","vto":{"is_color_experience":null,"is_foundation_experience":null}}]},"sub_display_name":null,"sub_header":null,"tags":{"total":13,"items":[{"id":"27168","key":"day1flashsale","parent_tag_id":"1590","product_display_order":0,"value":"Day1FlashSale"},{"id":"10589","key":"offers-lp","parent_tag_id":null,"product_display_order":1,"value":"Offers LP"},{"id":"13561","key":"yeni̇-yil-buti̇ği̇","parent_tag_id":null,"product_display_order":0,"value":"YENİ YIL BUTİĞİ"},{"id":"14715","key":"mothers-day-gift-sets","parent_tag_id":"4323","product_display_order":0,"value":"Mother's Day Gift Sets"},{"id":"13563","key":"yeni̇-yil-ci̇lt-bakimi","parent_tag_id":"13561","product_display_order":0,"value":"YENİ YIL CİLT BAKIMI"},{"id":"8388","key":"nem","parent_tag_id":"1667","product_display_order":4,"value":"nem"},{"id":"1687","key":"yüz-nemlendi̇ri̇ci̇","parent_tag_id":"1667","product_display_order":153,"value":"YÜZ NEMLENDİRİCİ"},{"id":"27172","key":"day5flashsale","parent_tag_id":"1590","product_display_order":51,"value":"Day5FlashSale"},{"id":"27174","key":"day7flashsale","parent_tag_id":"1590","product_display_order":0,"value":"Day7FlashSale"},{"id":"13770","key":"recommended-clinique-favourites","parent_tag_id":null,"product_display_order":9,"value":"Recommended Clinique Favourites"},{"id":"16422","key":"gifts","parent_tag_id":"1585","product_display_order":11,"value":"Gifts"},{"id":"25565","key":"justarrivednew","parent_tag_id":null,"product_display_order":16,"value":"justarrivednew"},{"id":"11731","key":"nail-enamel","parent_tag_id":"1592","product_display_order":0,"value":"nail enamel"}]},"usage":[{"content":"<ul><li> Yüzünüzden 25-30 cm uzaklıktan uygulayın.Gözlerinizi kapattıktan sonra yüzünüze sıkınız.</li><liGünlük nemlendiricinize ek olarak, makyaj öncesi veya sonrası, cildiniz ne zaman nem ihtiyacı duyarsa uygulayabilirsiniz.</li><li>Gözle temasından kaçının.</li></ul>","label":"PRODUCT USAGE","type":"product_usage"},{"content":null,"label":"HOW DOES IT WORK","type":"how_does_it_work"},{"content":null,"label":"WHO IT IS FOR","type":"who_it_is_for"},{"content":null,"label":"GREAT TO KNOW","type":"great_to_know"},{"content":null,"label":"WHAT_IT_DOES","type":"what_it_does"},{"content":"<P class=MsoNormal style=\"MARGIN: 0cm 0cm 0pt\"><SPAN style=\"COLOR: black\"><FONT size=3 face=Calibri>Pratik uygulamasıyla gün boyunca cilde ihtiyacı olan nemi verir. Yağsız formülü ve içeriğindeki aloe içeren formülüyle aynı zamanda cildi pürüzsüz göstermeye yardımcı olur. Makyajdan hemen önce nemlendirici yerine ya da sonrasında makyaj ciltle bütünleşsin için kullanılabilir.</FONT><?xml:namespace prefix = \"o\" ns = \"urn:schemas-microsoft-com:office:office\" /><o:p></o:p></SPAN></P>","label":"WHAT_IT_IS","type":"what_it_is"}],"objectID":"5449"},{"benefit":{"statement":null,"benefits":null},"brand":null,"collection":null,"coverage":null,"cross_sell":null,"default_category":{"id":"1603","key":"dudak-parlatici-dolgunlaştirici"},"description":"Yeni jenerasyon, özel koleksiyon ürünü lip gloss'larınız ile daha parlak gülümseyin! Herbiri Finlandiyalı ev tasarıncı Marimekko tarafından dekore edilen canlı ve parlak seriyi keşfedin. Clinique Pop Splash™ canlı renkleri, nemlendirici ve&nbsp; yapışma ,ağırlık hissi bırakmayan dokuyu bir araya getiriyor.Dudaklarınızın yumuşak bir doku kazanmasına, bakımına ve tüm gün nemli kalmasına yardımcı olur.&nbsp; Yapışıklık bırakma, parfümsüzdür. Doğal görünümden canlı kırmızı ve pembelere bu özel koleksiyonun tüm reklerine sahip olmak isteyeceksiniz.","display_mode":null,"display_name":"Pop Splash Lip Gloss + Hydration Dudak Parlatıcı ve Nemlendirici","display_status":7,"finish":null,"form":null,"formula_type":null,"fragrance_family":null,"indexable_keywords":null,"is_hazmat":false,"is_product_coming_soon":null,"is_product_displayable":true,"is_product_searchable":true,"is_product_shoppable":true,"is_product_sold_out":null,"is_product_temporarily_out_of_stock":null,"is_search_suppressed":null,"key_ingredient":null,"media":{"large":[{"alt":"Pop Splash Lip Gloss + Hydration Dudak Parlatıcı ve Nemlendirici","height":1200,"position":0,"src":"/media/export/cms/products/1200x1500/cl_prod_55010_1200x1500_0.png","type":"image","width":1500},{"alt":"Pop Splash Lip Gloss + Hydration Dudak Parlatıcı ve Nemlendirici","height":1200,"position":1,"src":"/media/export/cms/products/1200x1500/cl_prod_55010_1200x1500_1.png","type":"image","width":1500}],"medium":null,"poster":null,"small":[{"alt":"Pop Splash Lip Gloss + Hydration Dudak Parlatıcı ve Nemlendirici","height":1200,"position":2,"src":"/media/export/cms/products/1200x1500/cl_prod_55010_1200x1500_0.png","type":"image","width":1500},{"alt":"Pop Splash Lip Gloss + Hydration Dudak Parlatıcı ve Nemlendirici","height":1200,"position":3,"src":"/media/export/cms/products/1200x1500/cl_prod_55010_1200x1500_1.png","type":"image","width":1500}],"videos":[{"position":null,"poster":{"height":null,"src":null,"width":null},"provider":null,"src":null},{"position":null,"poster":{"height":null,"src":null,"width":null},"provider":null,"src":null},{"position":null,"poster":{"height":null,"src":null,"width":null},"provider":null,"src":null}],"xl":null},"meta":{"description":null,"keywords":null},"parent_category":[{"id":"1603","value":"DUDAK PARLATICI & DOLGUNLAŞTIRICI"},{"id":"1592","value":"MAKYAJ"}],"product_badge":null,"product_id":"55010","product_title_tag":null,"product_type":"Shaded","product_url":"/product/1603/55010/makyaj/dudak-parlatici-dolgunlastirici/pop-splash-lip-gloss-hydration-dudak-parlatc-ve-nemlendirici","reviews":{"average_rating":4,"number_of_questions":null,"number_of_reviews":1},"shade_groups":null,"short_description":"Yeni jenerasyon, özel koleksiyon ürünü lip gloss'larınız ile daha parlak gülümseyin! Dudaklarınızın yumuşak bir doku kazanmasına, bakımına ve tüm gün nemli kalmasına yardımcı olur.","skin":null,"skin_goal":null,"skus":{"total":9,"items":[{"color_family":[{"key":"pink-color","value":"pink_color"}],"coverage_options":null,"cross_sell":null,"display_status":7,"finish":[{"key":"shine-finish","value":"shine_finish"}],"finish_options":[{"key":"shine-finish","value":"shine_finish"}],"fragrances":[{"family":null,"key":null,"value":null}],"iln_listing":null,"iln_version_number":null,"inventory_status":"Active","is_active":true,"is_coming_soon":null,"is_default_sku":false,"is_discountable":true,"is_displayable":null,"is_engravable":null,"is_fragrance":null,"is_giftable":null,"is_giftwrap":false,"is_inactive":null,"is_multi_shaded":null,"is_out_of_stock":null,"is_preorder":false,"is_preorderable":null,"is_promotional":null,"is_replenishable":false,"is_search_suppressed":null,"is_searchable":true,"is_shaded":null,"is_sized":null,"is_sold_out":null,"is_under_weight_hazmat":false,"is_vto_enabled":null,"life_of_product":"Basic Reorder","material_code":"K260080000","media":{"large":[{"alt":"Pop Splash Lip Gloss + Hydration Dudak Parlatıcı ve Nemlendirici","height":1200,"position":1,"src":"/media/export/cms/products/1200x1500/cl_sku_K26008_1200x1500_0.png","type":"image","width":1500}],"medium":[{"alt":"Pop Splash Lip Gloss + Hydration Dudak Parlatıcı ve Nemlendirici","height":600,"position":2,"src":"/media/export/cms/products/600x750/cl_sku_K26008_600x750_0.png","type":"image","width":750}],"model":null,"poster":null,"small":[{"alt":"Pop Splash Lip Gloss + Hydration Dudak Parlatıcı ve Nemlendirici","height":1200,"position":3,"src":"/media/export/cms/products/1200x1500/cl_sku_K26008_1200x1500_0.png","type":"image","width":1500}],"smoosh":[{"alt":"Pop Splash Lip Gloss + Hydration Dudak Parlatıcı ve Nemlendirici","height":1200,"position":0,"src":"/media/export/cms/products/1200x1500/swatches_v3/08_ns_mg.png","type":"image","width":1500}],"xl":null},"out_of_stock_threshold":null,"perlgem":{"SKU_BASE_ID":88633},"preorder_date":null,"prices":[{"currency":"TRY","exclude_tax":{"original_price":165,"original_price_formatted":"165.00 TL","price":165,"price_formatted":"165.00 TL","price_per_unit":null,"price_per_unit_formatted":""},"include_tax":{"original_price":165,"original_price_formatted":"165.00 TL","price":165,"price_formatted":"165.00 TL","price_per_unit":null,"price_per_unit_formatted":""},"is_discounted":false}],"purchase_limit":null,"replenishment":{"message":null},"reviews":{"average_rating":null,"number_of_questions":null,"number_of_reviews":null},"set_components":null,"shade_groups":null,"shades":[{"description":"","hex_val":"#B0555F","image":{"height":null,"src":"","width":null},"name":"08 Tenderheart","smoosh_design":{"group_id":null,"name":"08::none::medium"}}],"sizes":[{"key":1,"value":"4.5 ml"}],"skin":{"tone":null,"type":null,"type_description":null},"sku_badge":null,"sku_badge_image":null,"sku_display_order":0,"sku_id":"K26008","sku_promo_messaging":null,"sku_type":"SE","sku_url":null,"tags":{"total":4,"items":[{"id":"4323","key":"yeni̇-ürünler","value":"YENİ ÜRÜNLER"},{"id":"1603","key":"dudak-parlatici-dolgunlaştirici","value":"DUDAK PARLATICI & DOLGUNLAŞTIRICI"},{"id":"1592","key":"makyaj","value":"MAKYAJ"},{"id":"13770","key":"recommended-clinique-favourites","value":"Recommended Clinique Favourites"}]},"texture":null,"undertone":null,"unit_of_measure":null,"unit_size":null,"unit_size_formatted":null,"upc":"020714876678","vto":{"is_color_experience":null,"is_foundation_experience":null}},{"color_family":[{"key":"nude-color","value":"nude_color"}],"coverage_options":null,"cross_sell":null,"display_status":7,"finish":[{"key":"shine-finish","value":"shine_finish"}],"finish_options":[{"key":"shine-finish","value":"shine_finish"}],"fragrances":[{"family":null,"key":null,"value":null}],"iln_listing":null,"iln_version_number":null,"inventory_status":"Active","is_active":true,"is_coming_soon":null,"is_default_sku":false,"is_discountable":true,"is_displayable":null,"is_engravable":null,"is_fragrance":null,"is_giftable":null,"is_giftwrap":false,"is_inactive":null,"is_multi_shaded":null,"is_out_of_stock":null,"is_preorder":false,"is_preorderable":null,"is_promotional":null,"is_replenishable":false,"is_search_suppressed":null,"is_searchable":true,"is_shaded":null,"is_sized":null,"is_sold_out":null,"is_under_weight_hazmat":false,"is_vto_enabled":null,"life_of_product":"Basic Reorder","material_code":"K260060000","media":{"large":[{"alt":"Pop Splash Lip Gloss + Hydration Dudak Parlatıcı ve Nemlendirici","height":1200,"position":1,"src":"/media/export/cms/products/1200x1500/cl_sku_K26006_1200x1500_0.png","type":"image","width":1500}],"medium":[{"alt":"Pop Splash Lip Gloss + Hydration Dudak Parlatıcı ve Nemlendirici","height":600,"position":2,"src":"/media/export/cms/products/600x750/cl_sku_K26006_600x750_0.png","type":"image","width":750}],"model":null,"poster":null,"small":[{"alt":"Pop Splash Lip Gloss + Hydration Dudak Parlatıcı ve Nemlendirici","height":1200,"position":3,"src":"/media/export/cms/products/1200x1500/cl_sku_K26006_1200x1500_0.png","type":"image","width":1500}],"smoosh":[{"alt":"Pop Splash Lip Gloss + Hydration Dudak Parlatıcı ve Nemlendirici","height":1200,"position":0,"src":"/media/export/cms/products/1200x1500/swatches_v3/08_ns_mg.png","type":"image","width":1500}],"xl":null},"out_of_stock_threshold":null,"perlgem":{"SKU_BASE_ID":88631},"preorder_date":null,"prices":[{"currency":"TRY","exclude_tax":{"original_price":145,"original_price_formatted":"145.00 TL","price":145,"price_formatted":"145.00 TL","price_per_unit":null,"price_per_unit_formatted":""},"include_tax":{"original_price":145,"original_price_formatted":"145.00 TL","price":145,"price_formatted":"145.00 TL","price_per_unit":null,"price_per_unit_formatted":""},"is_discounted":false}],"purchase_limit":null,"replenishment":{"message":null},"reviews":{"average_rating":null,"number_of_questions":null,"number_of_reviews":null},"set_components":null,"shade_groups":null,"shades":[{"description":"","hex_val":"#B35C6D","image":{"height":null,"src":"","width":null},"name":"06 Adore U","smoosh_design":{"group_id":null,"name":"08::none::medium"}}],"sizes":[{"key":1,"value":"4.5 ml"}],"skin":{"tone":null,"type":null,"type_description":null},"sku_badge":null,"sku_badge_image":null,"sku_display_order":0,"sku_id":"K26006","sku_promo_messaging":null,"sku_type":"SE","sku_url":null,"tags":{"total":1,"items":[{"id":"1603","key":"dudak-parlatici-dolgunlaştirici","value":"DUDAK PARLATICI & DOLGUNLAŞTIRICI"}]},"texture":null,"undertone":null,"unit_of_measure":null,"unit_size":null,"unit_size_formatted":null,"upc":"020714876654","vto":{"is_color_experience":null,"is_foundation_experience":null}},{"color_family":[{"key":"pink-color","value":"pink_color"}],"coverage_options":null,"cross_sell":null,"display_status":7,"finish":[{"key":"shine-finish","value":"shine_finish"}],"finish_options":[{"key":"shine-finish","value":"shine_finish"}],"fragrances":[{"family":null,"key":null,"value":null}],"iln_listing":null,"iln_version_number":null,"inventory_status":"Active","is_active":true,"is_coming_soon":null,"is_default_sku":false,"is_discountable":true,"is_displayable":null,"is_engravable":null,"is_fragrance":null,"is_giftable":null,"is_giftwrap":false,"is_inactive":null,"is_multi_shaded":null,"is_out_of_stock":null,"is_preorder":false,"is_preorderable":null,"is_promotional":null,"is_replenishable":false,"is_search_suppressed":null,"is_searchable":true,"is_shaded":null,"is_sized":null,"is_sold_out":null,"is_under_weight_hazmat":false,"is_vto_enabled":null,"life_of_product":"Basic Reorder","material_code":"K260160000","media":{"large":[{"alt":"Pop Splash Lip Gloss + Hydration Dudak Parlatıcı ve Nemlendirici","height":1200,"position":1,"src":"/media/export/cms/products/1200x1500/cl_sku_K26016_1200x1500_0.png","type":"image","width":1500}],"medium":[{"alt":"Pop Splash Lip Gloss + Hydration Dudak Parlatıcı ve Nemlendirici","height":600,"position":2,"src":"/media/export/cms/products/600x750/cl_sku_K26016_600x750_0.png","type":"image","width":750}],"model":null,"poster":null,"small":[{"alt":"Pop Splash Lip Gloss + Hydration Dudak Parlatıcı ve Nemlendirici","height":1200,"position":3,"src":"/media/export/cms/products/1200x1500/cl_sku_K26016_1200x1500_0.png","type":"image","width":1500}],"smoosh":[{"alt":"Pop Splash Lip Gloss + Hydration Dudak Parlatıcı ve Nemlendirici","height":1200,"position":0,"src":"/media/export/cms/products/1200x1500/swatches_v3/08_ns_mg.png","type":"image","width":1500}],"xl":null},"out_of_stock_threshold":null,"perlgem":{"SKU_BASE_ID":88639},"preorder_date":null,"prices":[{"currency":"TRY","exclude_tax":{"original_price":165,"original_price_formatted":"165.00 TL","price":165,"price_formatted":"165.00 TL","price_per_unit":null,"price_per_unit_formatted":""},"include_tax":{"original_price":165,"original_price_formatted":"165.00 TL","price":165,"price_formatted":"165.00 TL","price_per_unit":null,"price_per_unit_formatted":""},"is_discounted":false}],"purchase_limit":null,"replenishment":{"message":null},"reviews":{"average_rating":null,"number_of_questions":null,"number_of_reviews":null},"set_components":null,"shade_groups":null,"shades":[{"description":"","hex_val":"#AB1C53","image":{"height":null,"src":"","width":null},"name":"16 Watermelon Pop","smoosh_design":{"group_id":null,"name":"08::none::medium"}}],"sizes":[{"key":1,"value":"4.5 ml"}],"skin":{"tone":null,"type":null,"type_description":null},"sku_badge":null,"sku_badge_image":null,"sku_display_order":0,"sku_id":"K26016","sku_promo_messaging":null,"sku_type":"SE","sku_url":null,"tags":{"total":4,"items":[{"id":"1590","key":"i̇ndi̇ri̇mli̇-ürünler","value":"İNDİRİMLİ ÜRÜNLER"},{"id":"4323","key":"yeni̇-ürünler","value":"YENİ ÜRÜNLER"},{"id":"1603","key":"dudak-parlatici-dolgunlaştirici","value":"DUDAK PARLATICI & DOLGUNLAŞTIRICI"},{"id":"1592","key":"makyaj","value":"MAKYAJ"}]},"texture":null,"undertone":null,"unit_of_measure":null,"unit_size":null,"unit_size_formatted":null,"upc":"020714917975","vto":{"is_color_experience":null,"is_foundation_experience":null}},{"color_family":[{"key":"violet-color","value":"violet_color"}],"coverage_options":null,"cross_sell":null,"display_status":7,"finish":[{"key":"shine-finish","value":"shine_finish"}],"finish_options":[{"key":"shine-finish","value":"shine_finish"}],"fragrances":[{"family":null,"key":null,"value":null}],"iln_listing":null,"iln_version_number":null,"inventory_status":"Sold Out","is_active":null,"is_coming_soon":null,"is_default_sku":false,"is_discountable":true,"is_displayable":null,"is_engravable":null,"is_fragrance":null,"is_giftable":null,"is_giftwrap":false,"is_inactive":null,"is_multi_shaded":null,"is_out_of_stock":null,"is_preorder":false,"is_preorderable":null,"is_promotional":null,"is_replenishable":false,"is_search_suppressed":null,"is_searchable":true,"is_shaded":null,"is_sized":null,"is_sold_out":true,"is_under_weight_hazmat":false,"is_vto_enabled":null,"life_of_product":"Limited life","material_code":"K260170000","media":{"large":[{"alt":"Pop Splash Lip Gloss + Hydration Dudak Parlatıcı ve Nemlendirici","height":1200,"position":1,"src":"/media/export/cms/products/1200x1500/cl_sku_K26017_1200x1500_0.png","type":"image","width":1500}],"medium":[{"alt":"Pop Splash Lip Gloss + Hydration Dudak Parlatıcı ve Nemlendirici","height":600,"position":2,"src":"/media/export/cms/products/600x750/cl_sku_K26017_600x750_0.png","type":"image","width":750}],"model":null,"poster":null,"small":[{"alt":"Pop Splash Lip Gloss + Hydration Dudak Parlatıcı ve Nemlendirici","height":1200,"position":3,"src":"/media/export/cms/products/1200x1500/cl_sku_K26017_1200x1500_0.png","type":"image","width":1500}],"smoosh":[{"alt":"Pop Splash Lip Gloss + Hydration Dudak Parlatıcı ve Nemlendirici","height":1200,"position":0,"src":"/media/export/cms/products/1200x1500/swatches_v3/08_ns_mg.png","type":"image","width":1500}],"xl":null},"out_of_stock_threshold":null,"perlgem":{"SKU_BASE_ID":88641},"preorder_date":null,"prices":[{"currency":"TRY","exclude_tax":{"original_price":165,"original_price_formatted":"165.00 TL","price":165,"price_formatted":"165.00 TL","price_per_unit":null,"price_per_unit_formatted":""},"include_tax":{"original_price":165,"original_price_formatted":"165.00 TL","price":165,"price_formatted":"165.00 TL","price_per_unit":null,"price_per_unit_formatted":""},"is_discounted":false}],"purchase_limit":null,"replenishment":{"message":null},"reviews":{"average_rating":null,"number_of_questions":null,"number_of_reviews":null},"set_components":null,"shade_groups":null,"shades":[{"description":"","hex_val":"#AF6472","image":{"height":null,"src":"","width":null},"name":"17 Spritz Pop","smoosh_design":{"group_id":null,"name":"08::none::medium"}}],"sizes":[{"key":1,"value":"4.5ml"}],"skin":{"tone":null,"type":null,"type_description":null},"sku_badge":null,"sku_badge_image":null,"sku_display_order":0,"sku_id":"K26017","sku_promo_messaging":null,"sku_type":"SE","sku_url":null,"tags":{"total":3,"items":[{"id":"4323","key":"yeni̇-ürünler","value":"YENİ ÜRÜNLER"},{"id":"1603","key":"dudak-parlatici-dolgunlaştirici","value":"DUDAK PARLATICI & DOLGUNLAŞTIRICI"},{"id":"1592","key":"makyaj","value":"MAKYAJ"}]},"texture":null,"undertone":null,"unit_of_measure":null,"unit_size":null,"unit_size_formatted":null,"upc":"020714917982","vto":{"is_color_experience":null,"is_foundation_experience":null}},{"color_family":[{"key":"violet-color","value":"violet_color"}],"coverage_options":null,"cross_sell":null,"display_status":7,"finish":[{"key":"shine-finish","value":"shine_finish"}],"finish_options":[{"key":"shine-finish","value":"shine_finish"}],"fragrances":[{"family":null,"key":null,"value":null}],"iln_listing":null,"iln_version_number":null,"inventory_status":"Active","is_active":true,"is_coming_soon":null,"is_default_sku":false,"is_discountable":true,"is_displayable":null,"is_engravable":null,"is_fragrance":null,"is_giftable":null,"is_giftwrap":false,"is_inactive":null,"is_multi_shaded":null,"is_out_of_stock":null,"is_preorder":false,"is_preorderable":null,"is_promotional":null,"is_replenishable":false,"is_search_suppressed":null,"is_searchable":true,"is_shaded":null,"is_sized":null,"is_sold_out":null,"is_under_weight_hazmat":false,"is_vto_enabled":null,"life_of_product":"Discontinued","material_code":"K260200000","media":{"large":[{"alt":"Pop Splash Lip Gloss + Hydration Dudak Parlatıcı ve Nemlendirici","height":1200,"position":1,"src":"/media/export/cms/products/1200x1500/cl_sku_K26020_1200x1500_0.png","type":"image","width":1500}],"medium":[{"alt":"Pop Splash Lip Gloss + Hydration Dudak Parlatıcı ve Nemlendirici","height":600,"position":2,"src":"/media/export/cms/products/600x750/cl_sku_K26020_600x750_0.png","type":"image","width":750}],"model":null,"poster":null,"small":[{"alt":"Pop Splash Lip Gloss + Hydration Dudak Parlatıcı ve Nemlendirici","height":1200,"position":3,"src":"/media/export/cms/products/1200x1500/cl_sku_K26020_1200x1500_0.png","type":"image","width":1500}],"smoosh":[{"alt":"Pop Splash Lip Gloss + Hydration Dudak Parlatıcı ve Nemlendirici","height":1200,"position":0,"src":"/media/export/cms/products/1200x1500/swatches_v3/08_ns_mg.png","type":"image","width":1500}],"xl":null},"out_of_stock_threshold":null,"perlgem":{"SKU_BASE_ID":89443},"preorder_date":null,"prices":[{"currency":"TRY","exclude_tax":{"original_price":165,"original_price_formatted":"165.00 TL","price":165,"price_formatted":"165.00 TL","price_per_unit":null,"price_per_unit_formatted":""},"include_tax":{"original_price":165,"original_price_formatted":"165.00 TL","price":165,"price_formatted":"165.00 TL","price_per_unit":null,"price_per_unit_formatted":""},"is_discounted":false}],"purchase_limit":null,"replenishment":{"message":null},"reviews":{"average_rating":null,"number_of_questions":null,"number_of_reviews":null},"set_components":null,"shade_groups":null,"shades":[{"description":"","hex_val":"#612F46","image":{"height":null,"src":"","width":null},"name":"20 Sangria Pop","smoosh_design":{"group_id":null,"name":"08::none::medium"}}],"sizes":[{"key":1,"value":"4.5ml"}],"skin":{"tone":null,"type":null,"type_description":null},"sku_badge":null,"sku_badge_image":null,"sku_display_order":0,"sku_id":"K26020","sku_promo_messaging":null,"sku_type":"SE","sku_url":null,"tags":{"total":5,"items":[{"id":"1590","key":"i̇ndi̇ri̇mli̇-ürünler","value":"İNDİRİMLİ ÜRÜNLER"},{"id":"4323","key":"yeni̇-ürünler","value":"YENİ ÜRÜNLER"},{"id":"19288","key":"sale","value":"sale"},{"id":"1603","key":"dudak-parlatici-dolgunlaştirici","value":"DUDAK PARLATICI & DOLGUNLAŞTIRICI"},{"id":"1592","key":"makyaj","value":"MAKYAJ"}]},"texture":null,"undertone":null,"unit_of_measure":null,"unit_size":null,"unit_size_formatted":null,"upc":"020714918019","vto":{"is_color_experience":null,"is_foundation_experience":null}},{"color_family":[{"key":"nude-color","value":"nude_color"}],"coverage_options":null,"cross_sell":null,"display_status":7,"finish":[{"key":"shine-finish","value":"shine_finish"}],"finish_options":[{"key":"shine-finish","value":"shine_finish"}],"fragrances":[{"family":null,"key":null,"value":null}],"iln_listing":null,"iln_version_number":null,"inventory_status":"Active","is_active":true,"is_coming_soon":null,"is_default_sku":false,"is_discountable":true,"is_displayable":null,"is_engravable":null,"is_fragrance":null,"is_giftable":null,"is_giftwrap":false,"is_inactive":null,"is_multi_shaded":null,"is_out_of_stock":null,"is_preorder":false,"is_preorderable":null,"is_promotional":null,"is_replenishable":false,"is_search_suppressed":null,"is_searchable":true,"is_shaded":null,"is_sized":null,"is_sold_out":null,"is_under_weight_hazmat":false,"is_vto_enabled":null,"life_of_product":"Basic Reorder","material_code":"K260020000","media":{"large":[{"alt":"Pop Splash Lip Gloss + Hydration Dudak Parlatıcı ve Nemlendirici","height":1200,"position":1,"src":"/media/export/cms/products/1200x1500/cl_sku_K26002_1200x1500_0.png","type":"image","width":1500}],"medium":[{"alt":"Pop Splash Lip Gloss + Hydration Dudak Parlatıcı ve Nemlendirici","height":600,"position":2,"src":"/media/export/cms/products/600x750/cl_sku_K26002_600x750_0.png","type":"image","width":750}],"model":null,"poster":null,"small":[{"alt":"Pop Splash Lip Gloss + Hydration Dudak Parlatıcı ve Nemlendirici","height":1200,"position":3,"src":"/media/export/cms/products/1200x1500/cl_sku_K26002_1200x1500_0.png","type":"image","width":1500}],"smoosh":[{"alt":"Pop Splash Lip Gloss + Hydration Dudak Parlatıcı ve Nemlendirici","height":1200,"position":0,"src":"/media/export/cms/products/1200x1500/swatches_v3/08_ns_mg.png","type":"image","width":1500}],"xl":null},"out_of_stock_threshold":null,"perlgem":{"SKU_BASE_ID":88628},"preorder_date":null,"prices":[{"currency":"TRY","exclude_tax":{"original_price":165,"original_price_formatted":"165.00 TL","price":165,"price_formatted":"165.00 TL","price_per_unit":null,"price_per_unit_formatted":""},"include_tax":{"original_price":165,"original_price_formatted":"165.00 TL","price":165,"price_formatted":"165.00 TL","price_per_unit":null,"price_per_unit_formatted":""},"is_discounted":false}],"purchase_limit":null,"replenishment":{"message":null},"reviews":{"average_rating":null,"number_of_questions":null,"number_of_reviews":null},"set_components":null,"shade_groups":null,"shades":[{"description":"","hex_val":"#B97264","image":{"height":null,"src":"","width":null},"name":"02 Caramel Pop","smoosh_design":{"group_id":null,"name":"08::none::medium"}}],"sizes":[{"key":1,"value":"4.5 ml"}],"skin":{"tone":null,"type":null,"type_description":null},"sku_badge":null,"sku_badge_image":null,"sku_display_order":0,"sku_id":"K26002","sku_promo_messaging":null,"sku_type":"SE","sku_url":null,"tags":{"total":1,"items":[{"id":"1603","key":"dudak-parlatici-dolgunlaştirici","value":"DUDAK PARLATICI & DOLGUNLAŞTIRICI"}]},"texture":null,"undertone":null,"unit_of_measure":null,"unit_size":null,"unit_size_formatted":null,"upc":"020714876616","vto":{"is_color_experience":null,"is_foundation_experience":null}},{"color_family":[{"key":"nude-color","value":"nude_color"}],"coverage_options":null,"cross_sell":null,"display_status":7,"finish":[{"key":"shine-finish","value":"shine_finish"}],"finish_options":[{"key":"shine-finish","value":"shine_finish"}],"fragrances":[{"family":null,"key":null,"value":null}],"iln_listing":null,"iln_version_number":null,"inventory_status":"Active","is_active":true,"is_coming_soon":null,"is_default_sku":false,"is_discountable":true,"is_displayable":null,"is_engravable":null,"is_fragrance":null,"is_giftable":null,"is_giftwrap":false,"is_inactive":null,"is_multi_shaded":null,"is_out_of_stock":null,"is_preorder":false,"is_preorderable":null,"is_promotional":null,"is_replenishable":false,"is_search_suppressed":null,"is_searchable":true,"is_shaded":null,"is_sized":null,"is_sold_out":null,"is_under_weight_hazmat":false,"is_vto_enabled":null,"life_of_product":"Basic Reorder","material_code":"K260030000","media":{"large":[{"alt":"Pop Splash Lip Gloss + Hydration Dudak Parlatıcı ve Nemlendirici","height":1200,"position":1,"src":"/media/export/cms/products/1200x1500/cl_sku_K26003_1200x1500_0.png","type":"image","width":1500}],"medium":[{"alt":"Pop Splash Lip Gloss + Hydration Dudak Parlatıcı ve Nemlendirici","height":600,"position":2,"src":"/media/export/cms/products/600x750/cl_sku_K26003_600x750_0.png","type":"image","width":750}],"model":null,"poster":null,"small":[{"alt":"Pop Splash Lip Gloss + Hydration Dudak Parlatıcı ve Nemlendirici","height":1200,"position":3,"src":"/media/export/cms/products/1200x1500/cl_sku_K26003_1200x1500_0.png","type":"image","width":1500}],"smoosh":[{"alt":"Pop Splash Lip Gloss + Hydration Dudak Parlatıcı ve Nemlendirici","height":1200,"position":0,"src":"/media/export/cms/products/1200x1500/swatches_v3/08_ns_mg.png","type":"image","width":1500}],"xl":null},"out_of_stock_threshold":null,"perlgem":{"SKU_BASE_ID":88629},"preorder_date":null,"prices":[{"currency":"TRY","exclude_tax":{"original_price":165,"original_price_formatted":"165.00 TL","price":165,"price_formatted":"165.00 TL","price_per_unit":null,"price_per_unit_formatted":""},"include_tax":{"original_price":165,"original_price_formatted":"165.00 TL","price":165,"price_formatted":"165.00 TL","price_per_unit":null,"price_per_unit_formatted":""},"is_discounted":false}],"purchase_limit":null,"replenishment":{"message":null},"reviews":{"average_rating":null,"number_of_questions":null,"number_of_reviews":null},"set_components":null,"shade_groups":null,"shades":[{"description":"","hex_val":"#B65453","image":{"height":null,"src":"","width":null},"name":"03 Sorbet Pop","smoosh_design":{"group_id":null,"name":"08::none::medium"}}],"sizes":[{"key":1,"value":"4.5ml"}],"skin":{"tone":null,"type":null,"type_description":null},"sku_badge":null,"sku_badge_image":null,"sku_display_order":0,"sku_id":"K26003","sku_promo_messaging":null,"sku_type":"SE","sku_url":null,"tags":{"total":3,"items":[{"id":"4323","key":"yeni̇-ürünler","value":"YENİ ÜRÜNLER"},{"id":"1603","key":"dudak-parlatici-dolgunlaştirici","value":"DUDAK PARLATICI & DOLGUNLAŞTIRICI"},{"id":"1592","key":"makyaj","value":"MAKYAJ"}]},"texture":null,"undertone":null,"unit_of_measure":null,"unit_size":null,"unit_size_formatted":null,"upc":"020714876623","vto":{"is_color_experience":null,"is_foundation_experience":null}},{"color_family":[{"key":"red-color","value":"red_color"}],"coverage_options":null,"cross_sell":null,"display_status":7,"finish":[{"key":"shine-finish","value":"shine_finish"}],"finish_options":[{"key":"shine-finish","value":"shine_finish"}],"fragrances":[{"family":null,"key":null,"value":null}],"iln_listing":null,"iln_version_number":null,"inventory_status":"Active","is_active":true,"is_coming_soon":null,"is_default_sku":false,"is_discountable":true,"is_displayable":null,"is_engravable":null,"is_fragrance":null,"is_giftable":null,"is_giftwrap":false,"is_inactive":null,"is_multi_shaded":null,"is_out_of_stock":null,"is_preorder":false,"is_preorderable":null,"is_promotional":null,"is_replenishable":false,"is_search_suppressed":null,"is_searchable":true,"is_shaded":null,"is_sized":null,"is_sold_out":null,"is_under_weight_hazmat":false,"is_vto_enabled":null,"life_of_product":"Basic Reorder","material_code":"K260130000","media":{"large":[{"alt":"Pop Splash Lip Gloss + Hydration Dudak Parlatıcı ve Nemlendirici","height":1200,"position":1,"src":"/media/export/cms/products/1200x1500/cl_sku_K26013_1200x1500_0.png","type":"image","width":1500}],"medium":[{"alt":"Pop Splash Lip Gloss + Hydration Dudak Parlatıcı ve Nemlendirici","height":600,"position":2,"src":"/media/export/cms/products/600x750/cl_sku_K26013_600x750_0.png","type":"image","width":750}],"model":null,"poster":null,"small":[{"alt":"Pop Splash Lip Gloss + Hydration Dudak Parlatıcı ve Nemlendirici","height":1200,"position":3,"src":"/media/export/cms/products/1200x1500/cl_sku_K26013_1200x1500_0.png","type":"image","width":1500}],"smoosh":[{"alt":"Pop Splash Lip Gloss + Hydration Dudak Parlatıcı ve Nemlendirici","height":1200,"position":0,"src":"/media/export/cms/products/1200x1500/swatches_v3/08_ns_mg.png","type":"image","width":1500}],"xl":null},"out_of_stock_threshold":null,"perlgem":{"SKU_BASE_ID":88637},"preorder_date":null,"prices":[{"currency":"TRY","exclude_tax":{"original_price":165,"original_price_formatted":"165.00 TL","price":165,"price_formatted":"165.00 TL","price_per_unit":null,"price_per_unit_formatted":""},"include_tax":{"original_price":165,"original_price_formatted":"165.00 TL","price":165,"price_formatted":"165.00 TL","price_per_unit":null,"price_per_unit_formatted":""},"is_discounted":false}],"purchase_limit":null,"replenishment":{"message":null},"reviews":{"average_rating":null,"number_of_questions":null,"number_of_reviews":null},"set_components":null,"shade_groups":null,"shades":[{"description":"","hex_val":"#D12341","image":{"height":null,"src":"","width":null},"name":"13 Juicy Apple","smoosh_design":{"group_id":null,"name":"08::none::medium"}}],"sizes":[{"key":1,"value":"4.5ml"}],"skin":{"tone":null,"type":null,"type_description":null},"sku_badge":null,"sku_badge_image":null,"sku_display_order":0,"sku_id":"K26013","sku_promo_messaging":null,"sku_type":"SE","sku_url":null,"tags":{"total":5,"items":[{"id":"1590","key":"i̇ndi̇ri̇mli̇-ürünler","value":"İNDİRİMLİ ÜRÜNLER"},{"id":"4323","key":"yeni̇-ürünler","value":"YENİ ÜRÜNLER"},{"id":"1605","key":"ruj","value":"RUJ"},{"id":"1603","key":"dudak-parlatici-dolgunlaştirici","value":"DUDAK PARLATICI & DOLGUNLAŞTIRICI"},{"id":"1592","key":"makyaj","value":"MAKYAJ"}]},"texture":null,"undertone":null,"unit_of_measure":null,"unit_size":null,"unit_size_formatted":null,"upc":"020714917944","vto":{"is_color_experience":null,"is_foundation_experience":null}},{"color_family":[{"key":"red-color","value":"red_color"}],"coverage_options":null,"cross_sell":null,"display_status":7,"finish":[{"key":"shine-finish","value":"shine_finish"}],"finish_options":[{"key":"shine-finish","value":"shine_finish"}],"fragrances":[{"family":null,"key":null,"value":null}],"iln_listing":null,"iln_version_number":null,"inventory_status":"Active","is_active":true,"is_coming_soon":null,"is_default_sku":false,"is_discountable":true,"is_displayable":null,"is_engravable":null,"is_fragrance":null,"is_giftable":null,"is_giftwrap":false,"is_inactive":null,"is_multi_shaded":null,"is_out_of_stock":null,"is_preorder":false,"is_preorderable":null,"is_promotional":null,"is_replenishable":false,"is_search_suppressed":null,"is_searchable":true,"is_shaded":null,"is_sized":null,"is_sold_out":null,"is_under_weight_hazmat":false,"is_vto_enabled":null,"life_of_product":"Basic Reorder","material_code":"K260120000","media":{"large":[{"alt":"Pop Splash Lip Gloss + Hydration Dudak Parlatıcı ve Nemlendirici","height":1200,"position":1,"src":"/media/export/cms/products/1200x1500/cl_sku_K26012_1200x1500_0.png","type":"image","width":1500}],"medium":[{"alt":"Pop Splash Lip Gloss + Hydration Dudak Parlatıcı ve Nemlendirici","height":600,"position":2,"src":"/media/export/cms/products/600x750/cl_sku_K26012_600x750_0.png","type":"image","width":750}],"model":null,"poster":null,"small":[{"alt":"Pop Splash Lip Gloss + Hydration Dudak Parlatıcı ve Nemlendirici","height":1200,"position":3,"src":"/media/export/cms/products/1200x1500/cl_sku_K26012_1200x1500_0.png","type":"image","width":1500}],"smoosh":[{"alt":"Pop Splash Lip Gloss + Hydration Dudak Parlatıcı ve Nemlendirici","height":1200,"position":0,"src":"/media/export/cms/products/1200x1500/swatches_v3/08_ns_mg.png","type":"image","width":1500}],"xl":null},"out_of_stock_threshold":null,"perlgem":{"SKU_BASE_ID":88636},"preorder_date":null,"prices":[{"currency":"TRY","exclude_tax":{"original_price":165,"original_price_formatted":"165.00 TL","price":165,"price_formatted":"165.00 TL","price_per_unit":null,"price_per_unit_formatted":""},"include_tax":{"original_price":165,"original_price_formatted":"165.00 TL","price":165,"price_formatted":"165.00 TL","price_per_unit":null,"price_per_unit_formatted":""},"is_discounted":false}],"purchase_limit":null,"replenishment":{"message":null},"reviews":{"average_rating":null,"number_of_questions":null,"number_of_reviews":null},"set_components":null,"shade_groups":null,"shades":[{"description":"","hex_val":"#E74062","image":{"height":null,"src":"","width":null},"name":"12 Rosewater Pop","smoosh_design":{"group_id":null,"name":"08::none::medium"}}],"sizes":[{"key":1,"value":"4.5 ml"}],"skin":{"tone":null,"type":null,"type_description":null},"sku_badge":null,"sku_badge_image":null,"sku_display_order":0,"sku_id":"K26012","sku_promo_messaging":null,"sku_type":"SE","sku_url":null,"tags":{"total":2,"items":[{"id":"1605","key":"ruj","value":"RUJ"},{"id":"1603","key":"dudak-parlatici-dolgunlaştirici","value":"DUDAK PARLATICI & DOLGUNLAŞTIRICI"}]},"texture":null,"undertone":null,"unit_of_measure":null,"unit_size":null,"unit_size_formatted":null,"upc":"020714917937","vto":{"is_color_experience":null,"is_foundation_experience":null}}]},"sub_display_name":null,"sub_header":null,"tags":{"total":7,"items":[{"id":"1590","key":"i̇ndi̇ri̇mli̇-ürünler","parent_tag_id":null,"product_display_order":0,"value":"İNDİRİMLİ ÜRÜNLER"},{"id":"4323","key":"yeni̇-ürünler","parent_tag_id":null,"product_display_order":122,"value":"YENİ ÜRÜNLER"},{"id":"1605","key":"ruj","parent_tag_id":"1592","product_display_order":0,"value":"RUJ"},{"id":"19288","key":"sale","parent_tag_id":"1590","product_display_order":0,"value":"sale"},{"id":"1603","key":"dudak-parlatici-dolgunlaştirici","parent_tag_id":"1592","product_display_order":0,"value":"DUDAK PARLATICI & DOLGUNLAŞTIRICI"},{"id":"1592","key":"makyaj","parent_tag_id":null,"product_display_order":74,"value":"MAKYAJ"},{"id":"13770","key":"recommended-clinique-favourites","parent_tag_id":null,"product_display_order":0,"value":"Recommended Clinique Favourites"}]},"usage":[{"content":"Temiz dudaklarınıza direkt olarak uygulayın. Tek başına yada dudak kalemi ile beraber kullanılabilir.","label":"PRODUCT USAGE","type":"product_usage"},{"content":null,"label":"HOW DOES IT WORK","type":"how_does_it_work"},{"content":null,"label":"WHO IT IS FOR","type":"who_it_is_for"},{"content":null,"label":"GREAT TO KNOW","type":"great_to_know"},{"content":null,"label":"WHAT_IT_DOES","type":"what_it_does"},{"content":"Yeni jenerasyon, özel koleksiyon ürünü lip gloss'larınız ile daha parlak gülümseyin! Herbiri Finlandiyalı ev tasarıncı Marimekko tarafından dekore edilen canlı ve parlak seriyi keşfedin. Clinique Pop Splash™ canlı renkleri, nemlendirici ve&nbsp; yapışma ,ağırlık hissi bırakmayan dokuyu bir araya getiriyor.Dudaklarınızın yumuşak bir doku kazanmasına, bakımına ve tüm gün nemli kalmasına yardımcı olur.&nbsp; Yapışıklık bırakma, parfümsüzdür. Doğal görünümden canlı kırmızı ve pembelere bu özel koleksiyonun tüm reklerine sahip olmak isteyeceksiniz.","label":"WHAT_IT_IS","type":"what_it_is"}],"objectID":"55010"},{"benefit":{"statement":null,"benefits":null},"brand":null,"collection":null,"coverage":null,"cross_sell":[{"sku_id":"ZR0N01","sort_key":1},{"sku_id":"7T5R01","sort_key":2},{"sku_id":"6EM601","sort_key":3},{"sku_id":"K4MT01","sort_key":4}],"default_category":{"id":"23297","key":"toni̇k-losyon"},"description":"Tıkalı gözenekleri ve cilt yüzeyindeki fazla kir, yağ ve ölü hücrelerden kaynaklanan siyah noktaları hedefleyen anında etkili bakım. Su ile karıştırıldığında, formülü ısınma hissi yaratır ve aplikatör ile kullanıldığında, cildi siyah noktalardan arındıran bir silgi gibi çalışır. Cildin yapısını iyileştirerek pürüzsüz bir görünüm kazandırır.<BR>Isı teknolojili siyah nokta temizleyici, kendiliğinden ısınan formülü ve aplikatorü sayesinde gözeneklerde biriken fazla kir, yağ ve ölü hücreleri temizleyerek, cildi siyah noktalardan arındırır. <BR>","display_mode":null,"display_name":"Isı Teknolojili Siyah Nokta Temizleyici","display_status":7,"finish":null,"form":null,"formula_type":null,"fragrance_family":null,"indexable_keywords":null,"is_hazmat":false,"is_product_coming_soon":null,"is_product_displayable":true,"is_product_searchable":true,"is_product_shoppable":true,"is_product_sold_out":null,"is_product_temporarily_out_of_stock":null,"is_search_suppressed":null,"key_ingredient":null,"media":{"large":[{"alt":"Isı Teknolojili Siyah Nokta Temizleyici","height":1200,"position":0,"src":"/media/export/cms/products/1200x1500/cl_prod_56037_1200x1500_0.png","type":"image","width":1500},{"alt":"Isı Teknolojili Siyah Nokta Temizleyici","height":1200,"position":1,"src":"/media/export/cms/products/1200x1500/cl_prod_56037_1200x1500_1.png","type":"image","width":1500}],"medium":null,"poster":null,"small":[{"alt":"Isı Teknolojili Siyah Nokta Temizleyici","height":1200,"position":2,"src":"/media/export/cms/products/1200x1500/cl_prod_56037_1200x1500_0.png","type":"image","width":1500},{"alt":"Isı Teknolojili Siyah Nokta Temizleyici","height":1200,"position":3,"src":"/media/export/cms/products/1200x1500/cl_prod_56037_1200x1500_1.png","type":"image","width":1500}],"videos":[{"position":null,"poster":{"height":null,"src":null,"width":null},"provider":null,"src":null},{"position":null,"poster":{"height":null,"src":null,"width":null},"provider":null,"src":null},{"position":null,"poster":{"height":null,"src":null,"width":null},"provider":null,"src":null}],"xl":null},"meta":{"description":null,"keywords":null},"parent_category":[{"id":"23297","value":"TONİK LOSYON"},{"id":"1667","value":"CİLT BAKIMI"}],"product_badge":null,"product_id":"56037","product_title_tag":null,"product_type":"Other","product_url":"/product/23297/56037/cilt-bakimi/tonik-losyon/is-teknolojili-siyah-nokta-temizleyici","reviews":{"average_rating":1,"number_of_questions":null,"number_of_reviews":1},"shade_groups":null,"short_description":"Isı Teknolojili Siyah Nokta Temizleyici siyah noktaları azaltmaya yardımcıdır.","skin":null,"skin_goal":null,"skus":{"total":1,"items":[{"color_family":null,"coverage_options":null,"cross_sell":null,"display_status":7,"finish":null,"finish_options":null,"fragrances":[{"family":null,"key":null,"value":null}],"iln_listing":null,"iln_version_number":null,"inventory_status":"Active","is_active":true,"is_coming_soon":null,"is_default_sku":true,"is_discountable":true,"is_displayable":null,"is_engravable":null,"is_fragrance":null,"is_giftable":null,"is_giftwrap":false,"is_inactive":null,"is_multi_shaded":null,"is_out_of_stock":null,"is_preorder":false,"is_preorderable":null,"is_promotional":null,"is_replenishable":false,"is_search_suppressed":null,"is_searchable":true,"is_shaded":null,"is_sized":null,"is_sold_out":null,"is_under_weight_hazmat":false,"is_vto_enabled":null,"life_of_product":"Basic Reorder","material_code":"ZR16010000","media":{"large":[{"alt":"Isı Teknolojili Siyah Nokta Temizleyici","height":1200,"position":0,"src":"/media/export/cms/products/1200x1500/cl_sku_ZR1601_1200x1500_0.png","type":"image","width":1500}],"medium":[{"alt":"Isı Teknolojili Siyah Nokta Temizleyici","height":600,"position":1,"src":"/media/export/cms/products/600x750/cl_sku_ZR1601_600x750_0.png","type":"image","width":750},{"alt":"Isı Teknolojili Siyah Nokta Temizleyici","height":600,"position":2,"src":"/media/export/cms/products/600x750/cl_sku_ZR1601_600x750_1.png","type":"image","width":750}],"model":null,"poster":null,"small":[{"alt":"Isı Teknolojili Siyah Nokta Temizleyici","height":1200,"position":3,"src":"/media/export/cms/products/1200x1500/cl_sku_ZR1601_1200x1500_0.png","type":"image","width":1500}],"smoosh":null,"xl":null},"out_of_stock_threshold":null,"perlgem":{"SKU_BASE_ID":89995},"preorder_date":null,"prices":[{"currency":"TRY","exclude_tax":{"original_price":220,"original_price_formatted":"220.00 TL","price":220,"price_formatted":"220.00 TL","price_per_unit":null,"price_per_unit_formatted":""},"include_tax":{"original_price":220,"original_price_formatted":"220.00 TL","price":220,"price_formatted":"220.00 TL","price_per_unit":null,"price_per_unit_formatted":""},"is_discounted":false}],"purchase_limit":null,"replenishment":{"message":null},"reviews":{"average_rating":null,"number_of_questions":null,"number_of_reviews":null},"set_components":null,"shade_groups":null,"shades":null,"sizes":[{"key":1,"value":"20ml"}],"skin":{"tone":null,"type":[{"key":"very-dry-skintype","value":"very_dry_skintype"},{"key":"dry-skintype","value":"dry_skintype"},{"key":"combination-skintype","value":"combination_skintype"},{"key":"oily-skintype","value":"oily_skintype"}],"type_description":null},"sku_badge":null,"sku_badge_image":null,"sku_display_order":1,"sku_id":"ZR1601","sku_promo_messaging":null,"sku_type":"SE","sku_url":null,"tags":{"total":11,"items":[{"id":"1575","key":"en-çok-satanlar","value":"En Çok Satanlar"},{"id":"17859","key":"çok-satanlar","value":"ÇOK SATANLAR"},{"id":"1688","key":"gözenekler","value":"Gözenekler"},{"id":"23297","key":"toni̇k-losyon","value":"TONİK LOSYON"},{"id":"1667","key":"ci̇lt-bakimi","value":"CİLT BAKIMI"},{"id":"1673","key":"makyaj-temi̇zli̇yi̇ci̇leri̇","value":"MAKYAJ TEMİZLİYİCİLERİ"},{"id":"16741","key":"siyah-nokta-karşıtı","value":"Siyah Nokta Karşıtı"},{"id":"14706","key":"maskeler","value":"MASKELER"},{"id":"1682","key":"peeling-ürünleri̇","value":"PEELING ÜRÜNLERİ"},{"id":"4323","key":"yeni̇-ürünler","value":"YENİ ÜRÜNLER"},{"id":"1628","key":"-evde-bakim","value":"# EVDE BAKIM"}]},"texture":null,"undertone":null,"unit_of_measure":null,"unit_size":100,"unit_size_formatted":null,"upc":"020714817909","vto":{"is_color_experience":null,"is_foundation_experience":null}}]},"sub_display_name":null,"sub_header":null,"tags":{"total":11,"items":[{"id":"1575","key":"en-çok-satanlar","parent_tag_id":null,"product_display_order":49,"value":"En Çok Satanlar"},{"id":"17859","key":"çok-satanlar","parent_tag_id":null,"product_display_order":71,"value":"ÇOK SATANLAR"},{"id":"1688","key":"gözenekler","parent_tag_id":"1667","product_display_order":0,"value":"Gözenekler"},{"id":"23297","key":"toni̇k-losyon","parent_tag_id":"1667","product_display_order":1,"value":"TONİK LOSYON"},{"id":"1667","key":"ci̇lt-bakimi","parent_tag_id":null,"product_display_order":181,"value":"CİLT BAKIMI"},{"id":"1673","key":"makyaj-temi̇zli̇yi̇ci̇leri̇","parent_tag_id":"1667","product_display_order":0,"value":"MAKYAJ TEMİZLİYİCİLERİ"},{"id":"16741","key":"siyah-nokta-karşıtı","parent_tag_id":"1667","product_display_order":0,"value":"Siyah Nokta Karşıtı"},{"id":"14706","key":"maskeler","parent_tag_id":"1667","product_display_order":0,"value":"MASKELER"},{"id":"1682","key":"peeling-ürünleri̇","parent_tag_id":"1667","product_display_order":0,"value":"PEELING ÜRÜNLERİ"},{"id":"4323","key":"yeni̇-ürünler","parent_tag_id":null,"product_display_order":119,"value":"YENİ ÜRÜNLER"},{"id":"1628","key":"-evde-bakim","parent_tag_id":null,"product_display_order":573,"value":"# EVDE BAKIM"}]},"usage":[{"content":null,"label":"PRODUCT USAGE","type":"product_usage"},{"content":null,"label":"HOW DOES IT WORK","type":"how_does_it_work"},{"content":"Tüm Cilt Tipleri (1,2,3,4)","label":"WHO IT IS FOR","type":"who_it_is_for"},{"content":null,"label":"GREAT TO KNOW","type":"great_to_know"},{"content":"Gentle-yet-effective treatment extracts blackheads without pain, squeezing or damage to skin. When mixed with water, the unique formula develops a warming sensation that gently opens clogged pores for an easy removal of blackhead-causing dirt, oil and debris. Smooths the way for clearer, softer, shine-free skin. Helps keep future blackheads from developing.<br><br><b>Proven Results</b><ul><li>Starts clearing plugged pores from first use</li><li>In 1 week, see a 69% reduction in blackheads</li><li>In 6 weeks, see a 93% reduction in blackheads *</li></ul><i>*6-week clinical testing on 51 women, using 3 times a week.</i><br><br><b>Key Ingredients</b><br>Thermal Active Technology helps loosen dirt to unclog pores. A potent blend of Salicylic Acid and Glucosamine clears away dead surface skin cells to prevent future blackheads, while Diatomaceous Earth, Bamboo Powder and Pumice exfoliate and resurface skin’s texture. Stearyl Glycyrrhetinate leaves skin feeling calm and comfortable.<br><br><b>How To Use</b><br><ul><li>Unscrew cap and remove seal.</li><li>Apply product on clean, dry skin.</li><li>Screw cap back on.</li><li>Wet skin to activate heat.</li><li>Massage with applicator, 15-30 seconds. Then rinse.</li></ul>","label":"WHAT_IT_DOES","type":"what_it_does"},{"content":"Siyah noktarlarda gözle görülür azalma sağlar.","label":"WHAT_IT_IS","type":"what_it_is"}],"objectID":"56037"},{"benefit":null,"brand":null,"collection":null,"coverage":null,"cross_sell":null,"default_category":{"id":"13659","key":"travel-minis"},"description":"Our travel size Pep-Start Pout Perfecting Balm provides instant hydration and lasting moisturization to lips. One smooth, even swipe hydrates and conditions, leaving lips feeling soothed and comfortable. Perfect to wear alone or under lipstick for an extra moisture boost.","display_mode":null,"display_name":"Travel Size - Clinique Pep-Start™ Pout Perfecting Balm","display_status":1,"finish":null,"form":null,"formula_type":null,"fragrance_family":null,"indexable_keywords":null,"is_hazmat":false,"is_product_coming_soon":null,"is_product_displayable":true,"is_product_searchable":true,"is_product_shoppable":false,"is_product_sold_out":null,"is_product_temporarily_out_of_stock":null,"is_search_suppressed":null,"key_ingredient":null,"media":{"large":null,"medium":null,"poster":null,"small":null,"videos":[{"position":null,"poster":{"height":null,"src":null,"width":null},"provider":null,"src":null},{"position":null,"poster":{"height":null,"src":null,"width":null},"provider":null,"src":null},{"position":null,"poster":{"height":null,"src":null,"width":null},"provider":null,"src":null}],"xl":null},"meta":{"description":null,"keywords":null},"parent_category":[{"id":"13659","value":"Travel Minis"},{"id":"1667","value":"CİLT BAKIMI"}],"product_badge":null,"product_id":"56415","product_title_tag":null,"product_type":"Shaded","product_url":"/product/13659/56415/cilt-bakimi/travel-minis/travel-size--clinique-pep-starttm-pout-perfecting-balm","reviews":{"average_rating":null,"number_of_questions":null,"number_of_reviews":null},"shade_groups":null,"short_description":"Pep-Start Pout Perfecting Balm provides instant hydration and lasting moisturization to lips. ","skin":null,"skin_goal":null,"skus":{"total":1,"items":[{"color_family":null,"coverage_options":null,"cross_sell":null,"display_status":1,"finish":null,"finish_options":null,"fragrances":[{"family":null,"key":null,"value":null}],"iln_listing":null,"iln_version_number":null,"inventory_status":"Sold Out","is_active":null,"is_coming_soon":null,"is_default_sku":false,"is_discountable":false,"is_displayable":null,"is_engravable":null,"is_fragrance":null,"is_giftable":null,"is_giftwrap":false,"is_inactive":null,"is_multi_shaded":null,"is_out_of_stock":null,"is_preorder":false,"is_preorderable":null,"is_promotional":null,"is_replenishable":false,"is_search_suppressed":null,"is_searchable":true,"is_shaded":null,"is_sized":null,"is_sold_out":true,"is_under_weight_hazmat":false,"is_vto_enabled":null,"life_of_product":"Limited life","material_code":"K782030000","media":{"large":[{"alt":"Travel Size - Clinique Pep-Start™ Pout Perfecting Balm","height":1200,"position":1,"src":"/media/export/cms/products/1200x1500/cl_sku_K78203_1200x1500_0.png","type":"image","width":1500}],"medium":[{"alt":"Travel Size - Clinique Pep-Start™ Pout Perfecting Balm","height":600,"position":2,"src":"/media/export/cms/products/600x750/cl_sku_K78203_600x750_0.png","type":"image","width":750}],"model":null,"poster":null,"small":[{"alt":"Travel Size - Clinique Pep-Start™ Pout Perfecting Balm","height":1200,"position":3,"src":"/media/export/cms/products/1200x1500/cl_sku_K78203_1200x1500_0.png","type":"image","width":1500}],"smoosh":[{"alt":"Travel Size - Clinique Pep-Start™ Pout Perfecting Balm","height":1200,"position":0,"src":"/media/export/cms/products/1200x1500/swatches_v3/83_ns_ng.png","type":"image","width":1500}],"xl":null},"out_of_stock_threshold":null,"perlgem":{"SKU_BASE_ID":90535},"preorder_date":null,"prices":[{"currency":"TRY","exclude_tax":{"original_price":4.5,"original_price_formatted":"4.50 TL","price":4.5,"price_formatted":"4.50 TL","price_per_unit":null,"price_per_unit_formatted":""},"include_tax":{"original_price":4.5,"original_price_formatted":"4.50 TL","price":4.5,"price_formatted":"4.50 TL","price_per_unit":null,"price_per_unit_formatted":""},"is_discounted":false}],"purchase_limit":null,"replenishment":{"message":null},"reviews":{"average_rating":null,"number_of_questions":null,"number_of_reviews":null},"set_components":null,"shade_groups":null,"shades":[{"description":"","hex_val":"#EC4F80","image":{"height":null,"src":"","width":null},"name":"Guava","smoosh_design":{"group_id":null,"name":"83::none::none"}}],"sizes":[{"key":1,"value":"1.4 g"}],"skin":{"tone":null,"type":null,"type_description":null},"sku_badge":null,"sku_badge_image":null,"sku_display_order":0,"sku_id":"K78203","sku_promo_messaging":null,"sku_type":"SE","sku_url":null,"tags":{"total":1,"items":[{"id":"13659","key":"travel-minis","value":"Travel Minis"}]},"texture":null,"undertone":null,"unit_of_measure":null,"unit_size":null,"unit_size_formatted":null,"upc":"020714920067","vto":{"is_color_experience":null,"is_foundation_experience":null}}]},"sub_display_name":null,"sub_header":null,"tags":{"total":1,"items":[{"id":"13659","key":"travel-minis","parent_tag_id":"1667","product_display_order":0,"value":"Travel Minis"}]},"usage":[{"content":null,"label":"PRODUCT USAGE","type":"product_usage"},{"content":null,"label":"HOW DOES IT WORK","type":"how_does_it_work"},{"content":null,"label":"WHO IT IS FOR","type":"who_it_is_for"},{"content":null,"label":"GREAT TO KNOW","type":"great_to_know"},{"content":null,"label":"WHAT_IT_DOES","type":"what_it_does"},{"content":"Our travel size Pep-Start Pout Perfecting Balm provides instant hydration and lasting moisturization to lips. One smooth, even swipe hydrates and conditions, leaving lips feeling soothed and comfortable. Perfect to wear alone or under lipstick for an extra moisture boost.","label":"WHAT_IT_IS","type":"what_it_is"}],"objectID":"56415"},{"benefit":null,"brand":null,"collection":null,"coverage":null,"cross_sell":[{"sku_id":"63WY01","sort_key":1},{"sku_id":"6AWN01","sort_key":2},{"sku_id":"63X001","sort_key":3},{"sku_id":"6W3T01","sort_key":4}],"default_category":{"id":"1686","key":"el-vücut-bakimi"},"description":"<P>Ter ve kokuya karşı tüm gün boyunca koruma sağlayan, leke yapmayan, yapışkan bir his vermeyen, %100 parfümsüz ürün.</P><P>&nbsp;Eşsiz ve etkili patentli formül. Alüminyum Klorohidrat içerir.<BR>- Çabuk kurur ve leke yapmaz. <BR>- Hassas ciltler içim güvenli ve etkilidir.</P>","display_mode":null,"display_name":"Antiperspirant-Deodorant Roll-On","display_status":7,"finish":null,"form":null,"formula_type":null,"fragrance_family":null,"indexable_keywords":null,"is_hazmat":true,"is_product_coming_soon":null,"is_product_displayable":true,"is_product_searchable":true,"is_product_shoppable":false,"is_product_sold_out":null,"is_product_temporarily_out_of_stock":null,"is_search_suppressed":null,"key_ingredient":null,"media":{"large":null,"medium":null,"poster":null,"small":null,"videos":[{"position":null,"poster":{"height":null,"src":null,"width":null},"provider":null,"src":null},{"position":null,"poster":{"height":null,"src":null,"width":null},"provider":null,"src":null},{"position":null,"poster":{"height":null,"src":null,"width":null},"provider":null,"src":null}],"xl":null},"meta":{"description":null,"keywords":null},"parent_category":[{"id":"1686","value":"EL & VÜCUT BAKIMI"},{"id":"1667","value":"CİLT BAKIMI"}],"product_badge":null,"product_id":"5678","product_title_tag":null,"product_type":"Other","product_url":"/product/1686/5678/cilt-bakimi/el-vucut-bakimi/antiperspirant-deodorant-roll-on","reviews":{"average_rating":null,"number_of_questions":null,"number_of_reviews":null},"shade_groups":null,"short_description":null,"skin":null,"skin_goal":null,"skus":{"total":1,"items":[{"color_family":null,"coverage_options":null,"cross_sell":null,"display_status":7,"finish":null,"finish_options":null,"fragrances":[{"family":null,"key":null,"value":null}],"iln_listing":null,"iln_version_number":null,"inventory_status":"Sold Out","is_active":null,"is_coming_soon":null,"is_default_sku":false,"is_discountable":true,"is_displayable":null,"is_engravable":null,"is_fragrance":null,"is_giftable":null,"is_giftwrap":false,"is_inactive":null,"is_multi_shaded":null,"is_out_of_stock":null,"is_preorder":false,"is_preorderable":null,"is_promotional":null,"is_replenishable":false,"is_search_suppressed":null,"is_searchable":true,"is_shaded":null,"is_sized":null,"is_sold_out":true,"is_under_weight_hazmat":null,"is_vto_enabled":null,"life_of_product":"Basic Reorder","material_code":"6642000001","media":{"large":[{"alt":"Antiperspirant-Deodorant Roll-On","height":1200,"position":0,"src":"/media/export/cms/products/1200x1500/cl_sku_664200_1200x1500_0.png","type":"image","width":1500}],"medium":[{"alt":"Antiperspirant-Deodorant Roll-On","height":600,"position":1,"src":"/media/export/cms/products/600x750/cl_sku_664200_600x750_0.png","type":"image","width":750}],"model":null,"poster":null,"small":[{"alt":"Antiperspirant-Deodorant Roll-On","height":1200,"position":2,"src":"/media/export/cms/products/1200x1500/cl_sku_664200_1200x1500_0.png","type":"image","width":1500}],"smoosh":null,"xl":null},"out_of_stock_threshold":null,"perlgem":{"SKU_BASE_ID":14981},"preorder_date":null,"prices":[{"currency":"TRY","exclude_tax":{"original_price":175,"original_price_formatted":"175.00 TL","price":175,"price_formatted":"175.00 TL","price_per_unit":null,"price_per_unit_formatted":""},"include_tax":{"original_price":175,"original_price_formatted":"175.00 TL","price":175,"price_formatted":"175.00 TL","price_per_unit":null,"price_per_unit_formatted":""},"is_discounted":false}],"purchase_limit":null,"replenishment":{"message":null},"reviews":{"average_rating":null,"number_of_questions":null,"number_of_reviews":null},"set_components":null,"shade_groups":null,"shades":[{"description":"","hex_val":"","image":{"height":null,"src":"","width":null},"name":"","smoosh_design":{"group_id":null,"name":""}}],"sizes":[{"key":1,"value":"75mL"}],"skin":{"tone":null,"type":null,"type_description":null},"sku_badge":null,"sku_badge_image":null,"sku_display_order":0,"sku_id":"664200","sku_promo_messaging":null,"sku_type":"SE","sku_url":null,"tags":{"total":1,"items":[{"id":"1686","key":"el-vücut-bakimi","value":"EL & VÜCUT BAKIMI"}]},"texture":null,"undertone":null,"unit_of_measure":null,"unit_size":null,"unit_size_formatted":null,"upc":"020714007058","vto":{"is_color_experience":null,"is_foundation_experience":null}}]},"sub_display_name":null,"sub_header":null,"tags":{"total":1,"items":[{"id":"1686","key":"el-vücut-bakimi","parent_tag_id":"1667","product_display_order":0,"value":"EL & VÜCUT BAKIMI"}]},"usage":[{"content":"<UL><LI>Ürünü günlük banyo sonrası uygulayın ve giyinmeden önce kurumasını bekleyiniz. <BR></LI></UL>","label":"PRODUCT USAGE","type":"product_usage"},{"content":null,"label":"HOW DOES IT WORK","type":"how_does_it_work"},{"content":null,"label":"WHO IT IS FOR","type":"who_it_is_for"},{"content":null,"label":"GREAT TO KNOW","type":"great_to_know"},{"content":null,"label":"WHAT_IT_DOES","type":"what_it_does"},{"content":"<P>Ter ve kokuya karşı tüm gün boyunca koruma sağlayan, leke yapmayan, yapışkan bir his vermeyen, %100 parfümsüz ürün.</P><P>&nbsp;Eşsiz ve etkili patentli formül. Alüminyum Klorohidrat içerir.<BR>- Çabuk kurur ve leke yapmaz. <BR>- Hassas ciltler içim güvenli ve etkilidir.</P>","label":"WHAT_IT_IS","type":"what_it_is"}],"objectID":"5678"},{"benefit":{"statement":null,"benefits":null},"brand":null,"collection":null,"coverage":null,"cross_sell":[{"sku_id":"K6K501","sort_key":1},{"sku_id":"K6KW01","sort_key":2},{"sku_id":"67F901","sort_key":3}],"default_category":{"id":"1687","key":"yüz-nemlendi̇ri̇ci̇"},"description":"<B>What It Is</B><BR>Lightweight, gel moisturizer instantly energizes skin for up to 12 hours. The multi layered defence technology fights modern aggressors that can tire skin and accelerate ageing. <BR><BR><B>What It Does</B><BR>A sweat resistant and humidity resistant formula helps shield against pollution, pollen and dust as it delivers all day hydration and powerful antioxidant defence. Immediately skin appears more awake, less fatigued. Over time, first signs of ageing are visibly corrected and skin maintains its well rested look. Combats UVA/B, Infrared, and even Blue Light, a key disruptor of skin’s ability to protect itself. Oil free. <BR><BR><B>Key Ingredients/Technology</B><BR>Caffeine energizes and boosts circulation. Hyaluronic Acid, Glycerin, & Trehalose provide instant, long lasting hydration. Multi Layered Defense Technology shields with SPF 40 and repairs damage caused by UV exposure. Super foods protect skin from oxidative damage. Vitamin C and vitamin E provide all day antioxidant protection from free radicals and environmental aggressors. Sea Whip Extract helps soothe and reduce inflammation.<BR><BR><B>Great To Know</B><BR>No parabens. <BR>No phthalates.<BR>No fragrance.<BR>Allergy tested.<BR>Ophthalmologist tested. ","display_mode":null,"display_name":"Clinique For Men Super Energizer™ SPF 40 Yorgunluk Karşıtı Anti-Fatigue Erkek Konsantre Nemlendirici","display_status":3,"finish":null,"form":null,"formula_type":null,"fragrance_family":null,"indexable_keywords":null,"is_hazmat":false,"is_product_coming_soon":null,"is_product_displayable":true,"is_product_searchable":true,"is_product_shoppable":true,"is_product_sold_out":null,"is_product_temporarily_out_of_stock":null,"is_search_suppressed":null,"key_ingredient":null,"media":{"large":null,"medium":null,"poster":null,"small":null,"videos":[{"position":null,"poster":{"height":null,"src":null,"width":null},"provider":null,"src":null},{"position":null,"poster":{"height":null,"src":null,"width":null},"provider":null,"src":null},{"position":null,"poster":{"height":null,"src":null,"width":null},"provider":null,"src":null}],"xl":null},"meta":{"description":null,"keywords":null},"parent_category":[{"id":"1687","value":"YÜZ NEMLENDİRİCİ"},{"id":"1667","value":"CİLT BAKIMI"}],"product_badge":null,"product_id":"56894","product_title_tag":null,"product_type":"Other","product_url":"/product/1687/56894/cilt-bakimi/yuz-nemlendirici/clinique-for-men-super-energizertm-spf-40-yorgunluk-karst-anti-fatigue-erkek-konsantre-nemlendirici","reviews":{"average_rating":null,"number_of_questions":null,"number_of_reviews":null},"shade_groups":null,"short_description":null,"skin":null,"skin_goal":null,"skus":{"total":1,"items":[{"color_family":null,"coverage_options":null,"cross_sell":null,"display_status":3,"finish":null,"finish_options":null,"fragrances":[{"family":null,"key":null,"value":null}],"iln_listing":null,"iln_version_number":null,"inventory_status":"Active","is_active":true,"is_coming_soon":null,"is_default_sku":false,"is_discountable":true,"is_displayable":null,"is_engravable":null,"is_fragrance":null,"is_giftable":null,"is_giftwrap":false,"is_inactive":null,"is_multi_shaded":null,"is_out_of_stock":null,"is_preorder":false,"is_preorderable":null,"is_promotional":null,"is_replenishable":false,"is_search_suppressed":null,"is_searchable":true,"is_shaded":null,"is_sized":null,"is_sold_out":null,"is_under_weight_hazmat":false,"is_vto_enabled":null,"life_of_product":"Basic Reorder","material_code":"K6AJ016001","media":{"large":[{"alt":"Clinique For Men Super Energizer™ SPF 40 Yorgunluk Karşıtı Anti-Fatigue Erkek Konsantre Nemlendirici","height":1200,"position":0,"src":"/media/export/cms/products/1200x1500/cl_sku_K6AJ01_1200x1500_0.png","type":"image","width":1500}],"medium":[{"alt":"Clinique For Men Super Energizer™ SPF 40 Yorgunluk Karşıtı Anti-Fatigue Erkek Konsantre Nemlendirici","height":600,"position":1,"src":"/media/export/cms/products/600x750/cl_sku_K6AJ01_600x750_0.png","type":"image","width":750}],"model":null,"poster":null,"small":[{"alt":"Clinique For Men Super Energizer™ SPF 40 Yorgunluk Karşıtı Anti-Fatigue Erkek Konsantre Nemlendirici","height":1200,"position":2,"src":"/media/export/cms/products/1200x1500/cl_sku_K6AJ01_1200x1500_0.png","type":"image","width":1500}],"smoosh":null,"xl":null},"out_of_stock_threshold":null,"perlgem":{"SKU_BASE_ID":91134},"preorder_date":null,"prices":[{"currency":"TRY","exclude_tax":{"original_price":295,"original_price_formatted":"295.00 TL","price":295,"price_formatted":"295.00 TL","price_per_unit":614.58,"price_per_unit_formatted":"614.58 TL / 100ml"},"include_tax":{"original_price":295,"original_price_formatted":"295.00 TL","price":295,"price_formatted":"295.00 TL","price_per_unit":614.58,"price_per_unit_formatted":"614.58 TL / 100ml"},"is_discounted":false}],"purchase_limit":null,"replenishment":{"message":null},"reviews":{"average_rating":null,"number_of_questions":null,"number_of_reviews":null},"set_components":null,"shade_groups":null,"shades":null,"sizes":[{"key":1,"value":"48ml"}],"skin":{"tone":null,"type":null,"type_description":null},"sku_badge":null,"sku_badge_image":null,"sku_display_order":1,"sku_id":"K6AJ01","sku_promo_messaging":null,"sku_type":"SE","sku_url":null,"tags":{"total":4,"items":[{"id":"1614","key":"nemlendirme","value":"Nemlendirme"},{"id":"13565","key":"yeni̇-yil-erkek-bakimi","value":"YENİ YIL ERKEK BAKIMI"},{"id":"1687","key":"yüz-nemlendi̇ri̇ci̇","value":"YÜZ NEMLENDİRİCİ"},{"id":"1609","key":"erkek-ci̇lt-bakimi-traş","value":"ERKEK CİLT BAKIMI & TRAŞ"}]},"texture":null,"undertone":null,"unit_of_measure":"ml","unit_size":100,"unit_size_formatted":"100ml","upc":"020714911805","vto":{"is_color_experience":null,"is_foundation_experience":null}}]},"sub_display_name":null,"sub_header":null,"tags":{"total":4,"items":[{"id":"1614","key":"nemlendirme","parent_tag_id":"1610","product_display_order":0,"value":"Nemlendirme"},{"id":"13565","key":"yeni̇-yil-erkek-bakimi","parent_tag_id":"13561","product_display_order":0,"value":"YENİ YIL ERKEK BAKIMI"},{"id":"1687","key":"yüz-nemlendi̇ri̇ci̇","parent_tag_id":"1667","product_display_order":137,"value":"YÜZ NEMLENDİRİCİ"},{"id":"1609","key":"erkek-ci̇lt-bakimi-traş","parent_tag_id":null,"product_display_order":28,"value":"ERKEK CİLT BAKIMI & TRAŞ"}]},"usage":[{"content":null,"label":"PRODUCT USAGE","type":"product_usage"},{"content":null,"label":"HOW DOES IT WORK","type":"how_does_it_work"},{"content":null,"label":"WHO IT IS FOR","type":"who_it_is_for"},{"content":null,"label":"GREAT TO KNOW","type":"great_to_know"},{"content":null,"label":"WHAT_IT_DOES","type":"what_it_does"},{"content":"<B>What It Is</B><BR>Lightweight, gel moisturizer instantly energizes skin for up to 12 hours. The multi layered defence technology fights modern aggressors that can tire skin and accelerate ageing. <BR><BR><B>What It Does</B><BR>A sweat resistant and humidity resistant formula helps shield against pollution, pollen and dust as it delivers all day hydration and powerful antioxidant defence. Immediately skin appears more awake, less fatigued. Over time, first signs of ageing are visibly corrected and skin maintains its well rested look. Combats UVA/B, Infrared, and even Blue Light, a key disruptor of skin’s ability to protect itself. Oil free. <BR><BR><B>Key Ingredients/Technology</B><BR>Caffeine energizes and boosts circulation. Hyaluronic Acid, Glycerin, & Trehalose provide instant, long lasting hydration. Multi Layered Defense Technology shields with SPF 40 and repairs damage caused by UV exposure. Super foods protect skin from oxidative damage. Vitamin C and vitamin E provide all day antioxidant protection from free radicals and environmental aggressors. Sea Whip Extract helps soothe and reduce inflammation.<BR><BR><B>Great To Know</B><BR>No parabens. <BR>No phthalates.<BR>No fragrance.<BR>Allergy tested.<BR>Ophthalmologist tested.","label":"WHAT_IT_IS","type":"what_it_is"}],"objectID":"56894"},{"benefit":{"statement":null,"benefits":null},"brand":null,"collection":null,"coverage":null,"cross_sell":[{"sku_id":"62A401","sort_key":1},{"sku_id":"6MNY01","sort_key":2},{"sku_id":"645J01","sort_key":3},{"sku_id":"647J01","sort_key":4},{"sku_id":"75X301","sort_key":5},{"sku_id":"6F3701","sort_key":6}],"default_category":{"id":"1594","key":"bronzlaştirici"},"description":"<b>Nedir?</b><br>Hafif pudra bronzlaştırıcı cildinizde doğal güneş yanığı etkisi yaratır. İstediğiniz ölçüde bronzluğu sağlamak için kolayca karıştırılarak uygulanır. Anında bronz bir ışıltı için mükemmeldir. Uzun süre kalıcı. Yağsızdır.","display_mode":null,"display_name":"True Bronze Bronzlaştırıcı Pudra","display_status":7,"finish":null,"form":null,"formula_type":null,"fragrance_family":null,"indexable_keywords":[{"value":"bronz"},{"value":" otobronzan"}],"is_hazmat":false,"is_product_coming_soon":null,"is_product_displayable":true,"is_product_searchable":true,"is_product_shoppable":true,"is_product_sold_out":null,"is_product_temporarily_out_of_stock":null,"is_search_suppressed":null,"key_ingredient":null,"media":{"large":null,"medium":null,"poster":null,"small":null,"videos":[{"position":null,"poster":{"height":null,"src":null,"width":null},"provider":null,"src":null},{"position":null,"poster":{"height":null,"src":null,"width":null},"provider":null,"src":null},{"position":null,"poster":{"height":null,"src":null,"width":null},"provider":null,"src":null}],"xl":null},"meta":{"description":null,"keywords":"bronze,self tan"},"parent_category":[{"id":"1594","value":"BRONZLAŞTIRICI"},{"id":"1592","value":"MAKYAJ"}],"product_badge":null,"product_id":"5737","product_title_tag":null,"product_type":"Shaded","product_url":"/product/1594/5737/makyaj/bronzlastirici/true-bronze-bronzlastrc-pudra","reviews":{"average_rating":5,"number_of_questions":null,"number_of_reviews":6},"shade_groups":null,"short_description":"Hafif pudra bronzlaştırıcı cildinizde doğal güneş yanığı etkisi yaratır. İstediğiniz ölçüde bronzluğu sağlamak için kolayca karıştırılarak uygulanır. Anında bronz bir ışıltı için mükemmeldir.","skin":null,"skin_goal":null,"skus":{"total":1,"items":[{"color_family":null,"coverage_options":null,"cross_sell":null,"display_status":7,"finish":null,"finish_options":null,"fragrances":[{"family":null,"key":null,"value":null}],"iln_listing":null,"iln_version_number":null,"inventory_status":"Active","is_active":true,"is_coming_soon":null,"is_default_sku":false,"is_discountable":true,"is_displayable":null,"is_engravable":null,"is_fragrance":null,"is_giftable":null,"is_giftwrap":false,"is_inactive":null,"is_multi_shaded":null,"is_out_of_stock":null,"is_preorder":false,"is_preorderable":null,"is_promotional":null,"is_replenishable":false,"is_search_suppressed":null,"is_searchable":true,"is_shaded":null,"is_sized":null,"is_sold_out":null,"is_under_weight_hazmat":false,"is_vto_enabled":null,"life_of_product":"Basic Reorder","material_code":"6FW2030001","media":{"large":[{"alt":"True Bronze Bronzlaştırıcı Pudra","height":1200,"position":1,"src":"/media/export/cms/products/1200x1500/cl_sku_6FW203_1200x1500_0.png","type":"image","width":1500}],"medium":[{"alt":"True Bronze Bronzlaştırıcı Pudra","height":600,"position":2,"src":"/media/export/cms/products/600x750/cl_sku_6FW203_600x750_0.png","type":"image","width":750}],"model":null,"poster":null,"small":[{"alt":"True Bronze Bronzlaştırıcı Pudra","height":1200,"position":3,"src":"/media/export/cms/products/1200x1500/cl_sku_6FW203_1200x1500_0.png","type":"image","width":1500}],"smoosh":[{"alt":"True Bronze Bronzlaştırıcı Pudra","height":1200,"position":0,"src":"/media/export/cms/products/1200x1500/swatches_v3/57_ns_ng.png","type":"image","width":1500}],"xl":null},"out_of_stock_threshold":null,"perlgem":{"SKU_BASE_ID":13450},"preorder_date":null,"prices":[{"currency":"TRY","exclude_tax":{"original_price":290,"original_price_formatted":"290.00 TL","price":290,"price_formatted":"290.00 TL","price_per_unit":null,"price_per_unit_formatted":""},"include_tax":{"original_price":290,"original_price_formatted":"290.00 TL","price":290,"price_formatted":"290.00 TL","price_per_unit":null,"price_per_unit_formatted":""},"is_discounted":false}],"purchase_limit":null,"replenishment":{"message":"Never run low on your favourites. Sign up for Auto-Ship. Learn more >"},"reviews":{"average_rating":null,"number_of_questions":null,"number_of_reviews":null},"set_components":null,"shade_groups":null,"shades":[{"description":"şeftali bronz","hex_val":"#CE8963","image":{"height":null,"src":"","width":null},"name":"Sunblushed","smoosh_design":{"group_id":null,"name":"57::none::none"}}],"sizes":[{"key":1,"value":"9.6 g"}],"skin":{"tone":null,"type":null,"type_description":null},"sku_badge":null,"sku_badge_image":null,"sku_display_order":0,"sku_id":"6FW203","sku_promo_messaging":null,"sku_type":"SE","sku_url":null,"tags":{"total":10,"items":[{"id":"1592","key":"makyaj","value":"MAKYAJ"},{"id":"27171","key":"day4flashsale","value":"Day4FlashSale"},{"id":"25565","key":"justarrivednew","value":"justarrivednew"},{"id":"1594","key":"bronzlaştirici","value":"BRONZLAŞTIRICI"},{"id":"27174","key":"day7flashsale","value":"Day7FlashSale"},{"id":"1607","key":"pudra","value":"PUDRA"},{"id":"13562","key":"yeni̇-yil-makyaj","value":"YENİ YIL MAKYAJ"},{"id":"1660","key":"bronzlaştirici","value":"BRONZLAŞTIRICI"},{"id":"27172","key":"day5flashsale","value":"Day5FlashSale"},{"id":"1661","key":"güneş-koruyucu-ürünler","value":"GÜNEŞ KORUYUCU ÜRÜNLER"}]},"texture":null,"undertone":null,"unit_of_measure":null,"unit_size":null,"unit_size_formatted":null,"upc":"020714243753","vto":{"is_color_experience":null,"is_foundation_experience":null}}]},"sub_display_name":null,"sub_header":null,"tags":{"total":10,"items":[{"id":"1592","key":"makyaj","parent_tag_id":null,"product_display_order":81,"value":"MAKYAJ"},{"id":"27171","key":"day4flashsale","parent_tag_id":"1590","product_display_order":0,"value":"Day4FlashSale"},{"id":"25565","key":"justarrivednew","parent_tag_id":null,"product_display_order":8,"value":"justarrivednew"},{"id":"1594","key":"bronzlaştirici","parent_tag_id":"1592","product_display_order":3,"value":"BRONZLAŞTIRICI"},{"id":"27174","key":"day7flashsale","parent_tag_id":"1590","product_display_order":0,"value":"Day7FlashSale"},{"id":"1607","key":"pudra","parent_tag_id":"1592","product_display_order":0,"value":"PUDRA"},{"id":"13562","key":"yeni̇-yil-makyaj","parent_tag_id":"13561","product_display_order":0,"value":"YENİ YIL MAKYAJ"},{"id":"1660","key":"bronzlaştirici","parent_tag_id":"1659","product_display_order":0,"value":"BRONZLAŞTIRICI"},{"id":"27172","key":"day5flashsale","parent_tag_id":"1590","product_display_order":103,"value":"Day5FlashSale"},{"id":"1661","key":"güneş-koruyucu-ürünler","parent_tag_id":"1659","product_display_order":12,"value":"GÜNEŞ KORUYUCU ÜRÜNLER"}]},"usage":[{"content":"<ul><li>Dağıtmaya yardımcı bir fırça ile yanak, alın, çene ve burun bölgelerinize iyice karıştırırarak uygulayabilirsiniz.</li><li>Tek başına veya başka bir ürün üzerine uygulayabilirsiniz. <a href=\"/products/1599/Makeup/Foundations\">foundation</a>.</li></ul>","label":"PRODUCT USAGE","type":"product_usage"},{"content":null,"label":"HOW DOES IT WORK","type":"how_does_it_work"},{"content":null,"label":"WHO IT IS FOR","type":"who_it_is_for"},{"content":null,"label":"GREAT TO KNOW","type":"great_to_know"},{"content":null,"label":"WHAT_IT_DOES","type":"what_it_does"},{"content":"<P>Hafif pudra bronzlaştırıcı cildinizde doğal güneş yanığı etkisi yaratır. İstediğiniz ölçüde bronzluğu sağlamak için kolayca karıştırılarak uygulanır. Anında bronz bir ışıltı için mükemmeldir. Uzun süre kalıcı. Yağsızdır.</P><P>&nbsp;Özel Hediyeniz!&nbsp;</P><P>&nbsp;Kasım ayı boyunca tüm fondöten, pudra, BB ve CC Krem alışverişlerinizde 200 TL değerindeki makyaj seti hediyeniz otomatik olarak sepetinize eklenecektir.* </P><P>*Stoklarla sınırlıdır.<BR><BR></P>","label":"WHAT_IT_IS","type":"what_it_is"}],"objectID":"5737"},{"benefit":{"statement":null,"benefits":null},"brand":null,"collection":null,"coverage":null,"cross_sell":null,"default_category":{"id":"1578","key":"kadin-parfüm"},"description":"Clinique Happy Heart. A wealth of flowers. A hint of warmth. A deepening of emotions. With a heart of water hyacinth, brightened with Mandarin and blond woods. Wear it and have a happy heart.","display_mode":null,"display_name":"Happy Heart Kadın Parfüm","display_status":7,"finish":null,"form":null,"formula_type":null,"fragrance_family":[{"key":"floral-fragrance","value":"floral_fragrance"}],"indexable_keywords":null,"is_hazmat":false,"is_product_coming_soon":null,"is_product_displayable":true,"is_product_searchable":true,"is_product_shoppable":true,"is_product_sold_out":null,"is_product_temporarily_out_of_stock":null,"is_search_suppressed":null,"key_ingredient":null,"media":{"large":[{"alt":"Happy Heart Kadın Parfüm","height":1200,"position":0,"src":"/media/export/cms/products/1200x1500/cl_prod_57547_1200x1500_0.png","type":"image","width":1500}],"medium":null,"poster":null,"small":[{"alt":"Happy Heart Kadın Parfüm","height":1200,"position":1,"src":"/media/export/cms/products/1200x1500/cl_prod_57547_1200x1500_0.png","type":"image","width":1500}],"videos":[{"position":null,"poster":{"height":null,"src":null,"width":null},"provider":null,"src":null},{"position":null,"poster":{"height":null,"src":null,"width":null},"provider":null,"src":null},{"position":null,"poster":{"height":null,"src":null,"width":null},"provider":null,"src":null}],"xl":null},"meta":{"description":null,"keywords":null},"parent_category":[{"id":"1578","value":"KADIN PARFÜM"},{"id":"1577","value":"PARFÜM"}],"product_badge":null,"product_id":"57547","product_title_tag":null,"product_type":"Sized","product_url":"/product/1578/57547/parfum/kadin-parfum/happy-heart-kadn-parfum","reviews":{"average_rating":3,"number_of_questions":null,"number_of_reviews":2},"shade_groups":null,"short_description":"Wear it and have a happy heart.","skin":null,"skin_goal":null,"skus":{"total":2,"items":[{"color_family":null,"coverage_options":null,"cross_sell":null,"display_status":7,"finish":null,"finish_options":null,"fragrances":[{"family":null,"key":null,"value":null}],"iln_listing":null,"iln_version_number":null,"inventory_status":"Active","is_active":true,"is_coming_soon":null,"is_default_sku":true,"is_discountable":true,"is_displayable":null,"is_engravable":null,"is_fragrance":null,"is_giftable":null,"is_giftwrap":false,"is_inactive":null,"is_multi_shaded":null,"is_out_of_stock":null,"is_preorder":false,"is_preorderable":null,"is_promotional":null,"is_replenishable":false,"is_search_suppressed":null,"is_searchable":true,"is_shaded":null,"is_sized":null,"is_sold_out":null,"is_under_weight_hazmat":false,"is_vto_enabled":null,"life_of_product":"Basic Reorder","material_code":"K2K8010000","media":{"large":[{"alt":"Happy Heart Kadın Parfüm","height":1200,"position":0,"src":"/media/export/cms/products/1200x1500/cl_sku_K2K801_1200x1500_0.png","type":"image","width":1500}],"medium":[{"alt":"Happy Heart Kadın Parfüm","height":600,"position":1,"src":"/media/export/cms/products/600x750/cl_sku_K2K801_600x750_0.png","type":"image","width":750},{"alt":"Happy Heart Kadın Parfüm","height":600,"position":2,"src":"/media/export/cms/products/600x750/cl_sku_K2K801_600x750_1.png","type":"image","width":750}],"model":null,"poster":null,"small":[{"alt":"Happy Heart Kadın Parfüm","height":1200,"position":3,"src":"/media/export/cms/products/1200x1500/cl_sku_K2K801_1200x1500_0.png","type":"image","width":1500}],"smoosh":null,"xl":null},"out_of_stock_threshold":null,"perlgem":{"SKU_BASE_ID":92047},"preorder_date":null,"prices":[{"currency":"TRY","exclude_tax":{"original_price":599,"original_price_formatted":"599.00 TL","price":599,"price_formatted":"599.00 TL","price_per_unit":null,"price_per_unit_formatted":""},"include_tax":{"original_price":599,"original_price_formatted":"599.00 TL","price":599,"price_formatted":"599.00 TL","price_per_unit":null,"price_per_unit_formatted":""},"is_discounted":false}],"purchase_limit":null,"replenishment":{"message":null},"reviews":{"average_rating":null,"number_of_questions":null,"number_of_reviews":null},"set_components":null,"shade_groups":null,"shades":null,"sizes":[{"key":1,"value":"100 ml"}],"skin":{"tone":null,"type":null,"type_description":null},"sku_badge":null,"sku_badge_image":null,"sku_display_order":1,"sku_id":"K2K801","sku_promo_messaging":null,"sku_type":"SE","sku_url":null,"tags":{"total":10,"items":[{"id":"1582","key":"hedi̇yeler","value":"HEDİYELER"},{"id":"27170","key":"day3flashsale","value":"Day3FlashSale"},{"id":"27174","key":"day7flashsale","value":"Day7FlashSale"},{"id":"1578","key":"kadin-parfüm","value":"KADIN PARFÜM"},{"id":"27172","key":"day5flashsale","value":"Day5FlashSale"},{"id":"13564","key":"yeni̇-yil-parfüm","value":"YENİ YIL PARFÜM"},{"id":"1581","key":"clinique-happy-heart","value":"Clinique Happy Heart "},{"id":"1577","key":"parfüm","value":"PARFÜM"},{"id":"25016","key":"top-sellers","value":"Top Sellers"},{"id":"12523","key":"çok-satan-parfüm-ürünleri̇","value":"ÇOK SATAN PARFÜM ÜRÜNLERİ"}]},"texture":null,"undertone":null,"unit_of_measure":null,"unit_size":null,"unit_size_formatted":null,"upc":"020714881429","vto":{"is_color_experience":null,"is_foundation_experience":null}},{"color_family":null,"coverage_options":null,"cross_sell":null,"display_status":7,"finish":null,"finish_options":null,"fragrances":[{"family":null,"key":null,"value":null}],"iln_listing":null,"iln_version_number":null,"inventory_status":"Active","is_active":true,"is_coming_soon":null,"is_default_sku":false,"is_discountable":true,"is_displayable":null,"is_engravable":null,"is_fragrance":null,"is_giftable":null,"is_giftwrap":false,"is_inactive":null,"is_multi_shaded":null,"is_out_of_stock":null,"is_preorder":false,"is_preorderable":null,"is_promotional":null,"is_replenishable":false,"is_search_suppressed":null,"is_searchable":true,"is_shaded":null,"is_sized":null,"is_sold_out":null,"is_under_weight_hazmat":false,"is_vto_enabled":null,"life_of_product":"Limited life","material_code":"K2K9010000","media":{"large":[{"alt":"Happy Heart Kadın Parfüm","height":1200,"position":0,"src":"/media/export/cms/products/1200x1500/cl_sku_K2K901_1200x1500_0.png","type":"image","width":1500}],"medium":[{"alt":"Happy Heart Kadın Parfüm","height":600,"position":1,"src":"/media/export/cms/products/600x750/cl_sku_K2K901_600x750_0.png","type":"image","width":750}],"model":null,"poster":null,"small":[{"alt":"Happy Heart Kadın Parfüm","height":1200,"position":2,"src":"/media/export/cms/products/1200x1500/cl_sku_K2K901_1200x1500_0.png","type":"image","width":1500}],"smoosh":null,"xl":null},"out_of_stock_threshold":null,"perlgem":{"SKU_BASE_ID":92050},"preorder_date":null,"prices":[{"currency":"TRY","exclude_tax":{"original_price":465,"original_price_formatted":"465.00 TL","price":465,"price_formatted":"465.00 TL","price_per_unit":null,"price_per_unit_formatted":""},"include_tax":{"original_price":465,"original_price_formatted":"465.00 TL","price":465,"price_formatted":"465.00 TL","price_per_unit":null,"price_per_unit_formatted":""},"is_discounted":false}],"purchase_limit":null,"replenishment":{"message":null},"reviews":{"average_rating":null,"number_of_questions":null,"number_of_reviews":null},"set_components":null,"shade_groups":null,"shades":null,"sizes":[{"key":1,"value":"50 ml"}],"skin":{"tone":null,"type":null,"type_description":null},"sku_badge":null,"sku_badge_image":null,"sku_display_order":1,"sku_id":"K2K901","sku_promo_messaging":null,"sku_type":"SE","sku_url":null,"tags":{"total":11,"items":[{"id":"1582","key":"hedi̇yeler","value":"HEDİYELER"},{"id":"17859","key":"çok-satanlar","value":"ÇOK SATANLAR"},{"id":"27170","key":"day3flashsale","value":"Day3FlashSale"},{"id":"27174","key":"day7flashsale","value":"Day7FlashSale"},{"id":"1578","key":"kadin-parfüm","value":"KADIN PARFÜM"},{"id":"27172","key":"day5flashsale","value":"Day5FlashSale"},{"id":"13564","key":"yeni̇-yil-parfüm","value":"YENİ YIL PARFÜM"},{"id":"1581","key":"clinique-happy-heart","value":"Clinique Happy Heart "},{"id":"1577","key":"parfüm","value":"PARFÜM"},{"id":"25016","key":"top-sellers","value":"Top Sellers"},{"id":"12523","key":"çok-satan-parfüm-ürünleri̇","value":"ÇOK SATAN PARFÜM ÜRÜNLERİ"}]},"texture":null,"undertone":null,"unit_of_measure":null,"unit_size":null,"unit_size_formatted":null,"upc":"020714881436","vto":{"is_color_experience":null,"is_foundation_experience":null}}]},"sub_display_name":null,"sub_header":null,"tags":{"total":12,"items":[{"id":"1582","key":"hedi̇yeler","parent_tag_id":"1577","product_display_order":0,"value":"HEDİYELER"},{"id":"17859","key":"çok-satanlar","parent_tag_id":null,"product_display_order":110,"value":"ÇOK SATANLAR"},{"id":"27170","key":"day3flashsale","parent_tag_id":"1590","product_display_order":0,"value":"Day3FlashSale"},{"id":"27174","key":"day7flashsale","parent_tag_id":"1590","product_display_order":0,"value":"Day7FlashSale"},{"id":"1578","key":"kadin-parfüm","parent_tag_id":"1577","product_display_order":1,"value":"KADIN PARFÜM"},{"id":"27172","key":"day5flashsale","parent_tag_id":"1590","product_display_order":107,"value":"Day5FlashSale"},{"id":"13564","key":"yeni̇-yil-parfüm","parent_tag_id":"13561","product_display_order":0,"value":"YENİ YIL PARFÜM"},{"id":"1581","key":"clinique-happy-heart","parent_tag_id":"1577","product_display_order":0,"value":"Clinique Happy Heart "},{"id":"1577","key":"parfüm","parent_tag_id":null,"product_display_order":0,"value":"PARFÜM"},{"id":"25016","key":"top-sellers","parent_tag_id":"4323","product_display_order":0,"value":"Top Sellers"},{"id":"1575","key":"en-çok-satanlar","parent_tag_id":null,"product_display_order":162,"value":"En Çok Satanlar"},{"id":"12523","key":"çok-satan-parfüm-ürünleri̇","parent_tag_id":"1577","product_display_order":0,"value":"ÇOK SATAN PARFÜM ÜRÜNLERİ"}]},"usage":[{"content":null,"label":"PRODUCT USAGE","type":"product_usage"},{"content":null,"label":"HOW DOES IT WORK","type":"how_does_it_work"},{"content":null,"label":"WHO IT IS FOR","type":"who_it_is_for"},{"content":null,"label":"GREAT TO KNOW","type":"great_to_know"},{"content":null,"label":"WHAT_IT_DOES","type":"what_it_does"},{"content":"Clinique Happy Heart. A wealth of flowers. A hint of warmth. A deepening of emotions. With a heart of water hyacinth, brightened with Mandarin and blond woods. Wear it and have a happy heart.","label":"WHAT_IT_IS","type":"what_it_is"}],"objectID":"57547"},{"benefit":{"statement":null,"benefits":null},"brand":null,"collection":null,"coverage":null,"cross_sell":null,"default_category":{"id":"17860","key":"makyaj-ci̇lt-bakim-parfüm-setleri̇"},"description":null,"display_mode":null,"display_name":"Clinique Fresh Pressed Clinical™ Gündüz ve Gece Boosters Saf C Vitamini 10% + A Vitamini","display_status":7,"finish":null,"form":null,"formula_type":null,"fragrance_family":null,"indexable_keywords":null,"is_hazmat":false,"is_product_coming_soon":null,"is_product_displayable":true,"is_product_searchable":true,"is_product_shoppable":true,"is_product_sold_out":null,"is_product_temporarily_out_of_stock":null,"is_search_suppressed":null,"key_ingredient":null,"media":{"large":[{"alt":"Clinique Fresh Pressed Clinical™ Gündüz ve Gece Boosters Saf C Vitamini 10% + A Vitamini","height":1200,"position":0,"src":"/media/export/cms/products/1200x1500/cl_prod_58047_1200x1500_0.png","type":"image","width":1500},{"alt":"Clinique Fresh Pressed Clinical™ Gündüz ve Gece Boosters Saf C Vitamini 10% + A Vitamini","height":1200,"position":1,"src":"/media/export/cms/products/1200x1500/cl_prod_58047_1200x1500_1.png","type":"image","width":1500}],"medium":null,"poster":null,"small":[{"alt":"Clinique Fresh Pressed Clinical™ Gündüz ve Gece Boosters Saf C Vitamini 10% + A Vitamini","height":1200,"position":2,"src":"/media/export/cms/products/1200x1500/cl_prod_58047_1200x1500_0.png","type":"image","width":1500},{"alt":"Clinique Fresh Pressed Clinical™ Gündüz ve Gece Boosters Saf C Vitamini 10% + A Vitamini","height":1200,"position":3,"src":"/media/export/cms/products/1200x1500/cl_prod_58047_1200x1500_1.png","type":"image","width":1500}],"videos":[{"position":null,"poster":{"height":null,"src":null,"width":null},"provider":null,"src":null},{"position":null,"poster":{"height":null,"src":null,"width":null},"provider":null,"src":null},{"position":null,"poster":{"height":null,"src":null,"width":null},"provider":null,"src":null}],"xl":null},"meta":{"description":null,"keywords":null},"parent_category":[{"id":"17860","value":"MAKYAJ & CİLT BAKIM & PARFÜM SETLERİ"}],"product_badge":null,"product_id":"58047","product_title_tag":null,"product_type":"Other","product_url":"/product/17860/58047/makyaj-cilt-bakim-parfum-setleri/clinique-fresh-pressed-clinicaltm-gunduz-ve-gece-boosters-saf-c-vitamini-10-a-vitamini","reviews":{"average_rating":null,"number_of_questions":null,"number_of_reviews":null},"shade_groups":null,"short_description":"Clinique'in en taze gece ve gündüz yaşlanma karşıtı formülü","skin":null,"skin_goal":null,"skus":{"total":1,"items":[{"color_family":null,"coverage_options":null,"cross_sell":null,"display_status":7,"finish":null,"finish_options":null,"fragrances":[{"family":null,"key":null,"value":null}],"iln_listing":null,"iln_version_number":null,"inventory_status":"Active","is_active":true,"is_coming_soon":null,"is_default_sku":true,"is_discountable":false,"is_displayable":null,"is_engravable":null,"is_fragrance":null,"is_giftable":null,"is_giftwrap":false,"is_inactive":null,"is_multi_shaded":null,"is_out_of_stock":null,"is_preorder":false,"is_preorderable":null,"is_promotional":null,"is_replenishable":false,"is_search_suppressed":null,"is_searchable":true,"is_shaded":null,"is_sized":null,"is_sold_out":null,"is_under_weight_hazmat":false,"is_vto_enabled":null,"life_of_product":"Basic Reorder","material_code":"K60N010000","media":{"large":[{"alt":"Clinique Fresh Pressed Clinical™ Gündüz ve Gece Boosters Saf C Vitamini 10% + A Vitamini","height":1200,"position":0,"src":"/media/export/cms/products/1200x1500/cl_sku_K60N01_1200x1500_0.png","type":"image","width":1500}],"medium":[{"alt":"Clinique Fresh Pressed Clinical™ Gündüz ve Gece Boosters Saf C Vitamini 10% + A Vitamini","height":600,"position":1,"src":"/media/export/cms/products/600x750/cl_sku_K60N01_600x750_0.png","type":"image","width":750}],"model":null,"poster":null,"small":[{"alt":"Clinique Fresh Pressed Clinical™ Gündüz ve Gece Boosters Saf C Vitamini 10% + A Vitamini","height":1200,"position":2,"src":"/media/export/cms/products/1200x1500/cl_sku_K60N01_1200x1500_0.png","type":"image","width":1500}],"smoosh":null,"xl":null},"out_of_stock_threshold":null,"perlgem":{"SKU_BASE_ID":92704},"preorder_date":null,"prices":[{"currency":"TRY","exclude_tax":{"original_price":640,"original_price_formatted":"640.00 TL","price":640,"price_formatted":"640.00 TL","price_per_unit":null,"price_per_unit_formatted":""},"include_tax":{"original_price":640,"original_price_formatted":"640.00 TL","price":640,"price_formatted":"640.00 TL","price_per_unit":null,"price_per_unit_formatted":""},"is_discounted":false}],"purchase_limit":null,"replenishment":{"message":null},"reviews":{"average_rating":null,"number_of_questions":null,"number_of_reviews":null},"set_components":null,"shade_groups":null,"shades":null,"sizes":[{"key":1,"value":"2x8.5ml Vial Vitamin C Booster, 2x7ml Vial Vitamin"}],"skin":{"tone":null,"type":[{"key":"very-dry-skintype","value":"very_dry_skintype"},{"key":"dry-skintype","value":"dry_skintype"},{"key":"combination-skintype","value":"combination_skintype"},{"key":"oily-skintype","value":"oily_skintype"}],"type_description":null},"sku_badge":null,"sku_badge_image":null,"sku_display_order":0,"sku_id":"K60N01","sku_promo_messaging":null,"sku_type":"SE","sku_url":null,"tags":{"total":11,"items":[{"id":"4034","key":"yüz-serumlari","value":"YÜZ SERUMLARI"},{"id":"1592","key":"makyaj","value":"MAKYAJ"},{"id":"27174","key":"day7flashsale","value":"Day7FlashSale"},{"id":"25565","key":"justarrivednew","value":"justarrivednew"},{"id":"4323","key":"yeni̇-ürünler","value":"YENİ ÜRÜNLER"},{"id":"27169","key":"day2flashsale","value":"Day2FlashSale"},{"id":"1590","key":"i̇ndi̇ri̇mli̇-ürünler","value":"İNDİRİMLİ ÜRÜNLER"},{"id":"17860","key":"makyaj-ci̇lt-bakim-parfüm-setleri̇","value":"MAKYAJ & CİLT BAKIM & PARFÜM SETLERİ"},{"id":"1667","key":"ci̇lt-bakimi","value":"CİLT BAKIMI"},{"id":"18919","key":"fresh-pressed","value":"Fresh Pressed"},{"id":"27172","key":"day5flashsale","value":"Day5FlashSale"}]},"texture":null,"undertone":null,"unit_of_measure":null,"unit_size":null,"unit_size_formatted":null,"upc":"020714908614","vto":{"is_color_experience":null,"is_foundation_experience":null}}]},"sub_display_name":null,"sub_header":null,"tags":{"total":11,"items":[{"id":"4034","key":"yüz-serumlari","parent_tag_id":"1667","product_display_order":0,"value":"YÜZ SERUMLARI"},{"id":"1592","key":"makyaj","parent_tag_id":null,"product_display_order":76,"value":"MAKYAJ"},{"id":"27174","key":"day7flashsale","parent_tag_id":"1590","product_display_order":0,"value":"Day7FlashSale"},{"id":"25565","key":"justarrivednew","parent_tag_id":null,"product_display_order":0,"value":"justarrivednew"},{"id":"4323","key":"yeni̇-ürünler","parent_tag_id":null,"product_display_order":40,"value":"YENİ ÜRÜNLER"},{"id":"27169","key":"day2flashsale","parent_tag_id":"1590","product_display_order":0,"value":"Day2FlashSale"},{"id":"1590","key":"i̇ndi̇ri̇mli̇-ürünler","parent_tag_id":null,"product_display_order":0,"value":"İNDİRİMLİ ÜRÜNLER"},{"id":"17860","key":"makyaj-ci̇lt-bakim-parfüm-setleri̇","parent_tag_id":null,"product_display_order":19,"value":"MAKYAJ & CİLT BAKIM & PARFÜM SETLERİ"},{"id":"1667","key":"ci̇lt-bakimi","parent_tag_id":null,"product_display_order":182,"value":"CİLT BAKIMI"},{"id":"18919","key":"fresh-pressed","parent_tag_id":"1667","product_display_order":0,"value":"Fresh Pressed"},{"id":"27172","key":"day5flashsale","parent_tag_id":"1590","product_display_order":44,"value":"Day5FlashSale"}]},"usage":[{"content":null,"label":"PRODUCT USAGE","type":"product_usage"},{"content":null,"label":"HOW DOES IT WORK","type":"how_does_it_work"},{"content":"Tüm Cilt Tipleri (1,2,3,4)","label":"WHO IT IS FOR","type":"who_it_is_for"},{"content":null,"label":"GREAT TO KNOW","type":"great_to_know"},{"content":"Nemlendiricinizi beraber kullanıldığında yaşlanma karşıtı etkiye dönüştürür. Gündüz ve gece Booster olan Saf Vitaminler C% 10 ve A (Retinol) ile görünür kırışıklıklara karşı gözle görülür sonuçlar sunmak için taze olarak etkinleştirilir. * Birkaç pompayı en sevdiğiniz Clinique nemlendiriciyle karıştırın - Sabahları C Vitamini, akşam ise A Vitamini uygulayın. Sevdiğiniz nemlendiriciyi değiştirmeden güçlü bir yaşlanma karşıtı takviyenin tadını çıkarın.<br><ul><li><b> Her gün, % 10 C Vitamini</b> ilde anında ışıltı sağlar. Sürekli kullanım ile gözle görülür şekilde daha eşit bir cilt tonu sağlar.<br></li><li><b>Her gece, A vitamini (Retinol)</b> cildin yüzeyine derinlemesine nüfuz eder. Zamanla, cilt canlanmış görünür, çizgiler ve kırışıklıklar' yeniden doldurulmuş görünümü kazanır.<br></li></ul><b>*Kanıtlanmış sonuçlar</b><br>12 haftalık bir klinik çalışmaya dayanarak C Vitamini 10% sabahları ve akşamları A Vitamini uygulamak (Retinol) <br><ul><li><b>ilk sabah kullanımı</b>ciltparlaklığını anında arttırmıştır.</li><li><b>1 hafta içinde</b> pürüzsüzlük ve doku düzelmesi</li><li><b>4 hafta içinde</b> yüz kırışıklıkları ve çizgilerinde gözle görülür azalma</li><li><b>12 hafta içinde</b> daha dengeli cilt tonu, derin kırışıklıklar ve alın çizgileri önemli ölçüde azalmasını destekler.</li></ul><b>Nasıl Kullanılır?</b><br><b>Etkinleştirmek için:</b><br><ul><li>Kapağı açık bırak. Folyoyu çıkarın.</li><li>Yaşlanma giderici yatıştırıcı emülsiyon içine Vitamin'i serbest bırakmak için iç ampulü 2x sıkıca bastırın.</li><li>15 saniye sallayın.</li></ul><b>To Use:</b><br><ul><li>Kullanmadan önce çalkalayın. Kapağı çıkarın.</li><li>Avucunuzun içine dağıtmak için 2-3x ampulüne basın. Nemlendiricinizin bir miktarı ile elinizde karıştırın. Yüzün her yerine pürüzsüz bir şekilde yayınız.. Günlük güneş kremi mutlaka uygulayınız.</li></ul>","label":"WHAT_IT_DOES","type":"what_it_does"},{"content":"Clinique'in en taze gece ve gündüz yaşlanma karşıtı formülü. İki farklı formül birlikte kullanıldığında çizgi ve kırışıklıkları azaltmada gözle görülür etkiler sağlamaya yardımcı olur.*","label":"WHAT_IT_IS","type":"what_it_is"}],"objectID":"58047"},{"benefit":{"statement":null,"benefits":null},"brand":null,"collection":null,"coverage":null,"cross_sell":null,"default_category":{"id":"18919","key":"fresh-pressed"},"description":"<H1 style=\"BACKGROUND: white; MARGIN: 0cm 0cm 15pt\"><SPAN style='FONT-SIZE: 10.5pt; FONT-FAMILY: avenir; COLOR: #302c2c; mso-fareast-font-family: \"Times New Roman\"'><STRONG><FONT face=Calibri>Clinique Fresh Pressed Günlük Bakım Desteği Saf C&A Vitaminli<?xml:namespace prefix = \"o\" ns = \"urn:schemas-microsoft-com:office:office\" /><o:p></o:p></FONT></STRONG></SPAN></H1><P class=MsoNormal style=\"BACKGROUND: white; MARGIN: 0cm 0cm 0pt\"><FONT face=Calibri><SPAN style=\"FONT-SIZE: 10.5pt; FONT-FAMILY: avenirheavy; COLOR: #302c2c; mso-fareast-language: TR\">Ürün Açıklaması :</SPAN><SPAN style=\"FONT-SIZE: 10.5pt; FONT-FAMILY: avenir; COLOR: #302c2c; mso-fareast-language: TR\">&nbsp;Clinique'in en taze gece ve gündüz yaşlanma karşıtı formülü. İki farklı formül birlikte kullanıldığında çizgi ve kırışıklıkları azaltmada gözle görülür etkiler sağlamaya yardımcı olur.<o:p></o:p></SPAN></FONT></P><P class=MsoNormal style=\"BACKGROUND: white; MARGIN: 0cm 0cm 3.75pt; TEXT-INDENT: -18pt; mso-margin-top-alt: auto; mso-list: l0 level1 lfo1; tab-stops: list 36.0pt\"><SPAN style=\"FONT-SIZE: 10pt; FONT-FAMILY: Symbol; COLOR: #302c2c; mso-fareast-font-family: Symbol; mso-fareast-language: TR; mso-bidi-font-size: 10.5pt; mso-bidi-font-family: Symbol\"><SPAN style=\"mso-list: Ignore\">·<SPAN style='FONT: 7pt \"Times New Roman\"'>&nbsp;&nbsp;&nbsp;&nbsp;&nbsp;&nbsp;&nbsp; </SPAN></SPAN></SPAN><FONT face=Calibri><SPAN style=\"FONT-SIZE: 10.5pt; FONT-FAMILY: avenirheavy; COLOR: #302c2c; mso-fareast-language: TR\">Ürün İçeriği :</SPAN><SPAN style=\"FONT-SIZE: 10.5pt; FONT-FAMILY: avenir; COLOR: #302c2c; mso-fareast-language: TR\">&nbsp;Nemlendiricinizi beraber kullanıldığında yaşlanma karşıtı etkiye dönüştürür. Gündüz ve gece Booster olan Saf Vitamin C %10 ve A (Retinol) ile görünür kırışıklıklara karşı gözle görülür sonuçlar sunmak için taze olarak etkinleştirilir. Her gün % 10 C Vitamini cilde anında ışıltı sağlar. Sürekli kullanım ile gözle görülür şekilde daha eşit bir cilt tonu sağlar.A Vitamini (Retinol) ise cildin yüzeyine derinlemesine nüfuz eder. Zamanla cilt yeniden canlanmış görünür, çizgiler ve kırışıklıklarla savaşır.<o:p></o:p></SPAN></FONT></P><P class=MsoNormal style=\"BACKGROUND: white; MARGIN: 0cm 0cm 3.75pt; TEXT-INDENT: -18pt; mso-margin-top-alt: auto; mso-list: l0 level1 lfo1; tab-stops: list 36.0pt\"><SPAN style=\"FONT-SIZE: 10pt; FONT-FAMILY: Symbol; COLOR: #302c2c; mso-fareast-font-family: Symbol; mso-fareast-language: TR; mso-bidi-font-size: 10.5pt; mso-bidi-font-family: Symbol\"><SPAN style=\"mso-list: Ignore\">·<SPAN style='FONT: 7pt \"Times New Roman\"'>&nbsp;&nbsp;&nbsp;&nbsp;&nbsp;&nbsp;&nbsp; </SPAN></SPAN></SPAN><FONT face=Calibri><SPAN style=\"FONT-SIZE: 10.5pt; FONT-FAMILY: avenirheavy; COLOR: #302c2c; mso-fareast-language: TR\">Kullanım Şekli :</SPAN><SPAN style=\"FONT-SIZE: 10.5pt; FONT-FAMILY: avenir; COLOR: #302c2c; mso-fareast-language: TR\">&nbsp;* Birkaç pompayı en sevdiğiniz Clinique nemlendiriciyle karıştırın - Sabahları C Vitamini, akşam ise A Vitamini uygulayın. Sevdiğiniz nemlendiriciyi değiştirmeden güçlü bir yaşlanma karşıtı takviyenin tadını çıkarın.Kullanmadan önce çalkalayın. Kapağı çıkarın. Avucunuzun içine dağıtmak için 2-3x ampulüne basın. Nemlendiricinizin bir miktarı ile elinizde karıştırın. Yüzün her yerine pürüzsüz bir şekilde yayınız. Günlük güneş kreminizi mutlaka uygulayınız.<o:p></o:p></SPAN></FONT></P>","display_mode":null,"display_name":"Clinique Fresh Pressed Günlük Bakım Desteği Saf C&A Vitaminli","display_status":7,"finish":null,"form":[{"key":"serum-form","value":"serum_form"}],"formula_type":null,"fragrance_family":null,"indexable_keywords":null,"is_hazmat":false,"is_product_coming_soon":null,"is_product_displayable":true,"is_product_searchable":true,"is_product_shoppable":true,"is_product_sold_out":null,"is_product_temporarily_out_of_stock":null,"is_search_suppressed":null,"key_ingredient":null,"media":{"large":[{"alt":"Clinique Fresh Pressed Günlük Bakım Desteği Saf C&A Vitaminli","height":1200,"position":0,"src":"/media/export/cms/products/1200x1500/cl_prod_58048_1200x1500_0.png","type":"image","width":1500},{"alt":"Clinique Fresh Pressed Günlük Bakım Desteği Saf C&A Vitaminli","height":1200,"position":1,"src":"/media/export/cms/products/1200x1500/cl_prod_58048_1200x1500_1.png","type":"image","width":1500}],"medium":null,"poster":null,"small":[{"alt":"Clinique Fresh Pressed Günlük Bakım Desteği Saf C&A Vitaminli","height":1200,"position":2,"src":"/media/export/cms/products/1200x1500/cl_prod_58048_1200x1500_0.png","type":"image","width":1500},{"alt":"Clinique Fresh Pressed Günlük Bakım Desteği Saf C&A Vitaminli","height":1200,"position":3,"src":"/media/export/cms/products/1200x1500/cl_prod_58048_1200x1500_1.png","type":"image","width":1500}],"videos":[{"position":null,"poster":{"height":null,"src":null,"width":null},"provider":null,"src":null},{"position":null,"poster":{"height":null,"src":null,"width":null},"provider":null,"src":null},{"position":null,"poster":{"height":null,"src":null,"width":null},"provider":null,"src":null}],"xl":null},"meta":{"description":null,"keywords":null},"parent_category":[{"id":"18919","value":"Fresh Pressed"},{"id":"1667","value":"CİLT BAKIMI"}],"product_badge":null,"product_id":"58048","product_title_tag":null,"product_type":"Other","product_url":"/product/18919/58048/cilt-bakimi/fresh-pressed/clinique-fresh-pressed-gunluk-bakm-destegi-saf-ca-vitaminli","reviews":{"average_rating":null,"number_of_questions":null,"number_of_reviews":null},"shade_groups":null,"short_description":"Clinique'in en taze gece ve gündüz yaşlanma karşıtı formülü","skin":{"concern":[{"key":"anti-aging-concern","value":"anti_aging_concern"}]},"skin_goal":null,"skus":{"total":1,"items":[{"color_family":null,"coverage_options":null,"cross_sell":null,"display_status":7,"finish":null,"finish_options":null,"fragrances":[{"family":null,"key":null,"value":null}],"iln_listing":null,"iln_version_number":null,"inventory_status":"Active","is_active":true,"is_coming_soon":null,"is_default_sku":true,"is_discountable":true,"is_displayable":null,"is_engravable":null,"is_fragrance":null,"is_giftable":null,"is_giftwrap":false,"is_inactive":null,"is_multi_shaded":null,"is_out_of_stock":null,"is_preorder":false,"is_preorderable":null,"is_promotional":null,"is_replenishable":false,"is_search_suppressed":null,"is_searchable":true,"is_shaded":null,"is_sized":null,"is_sold_out":null,"is_under_weight_hazmat":false,"is_vto_enabled":null,"life_of_product":"Limited life","material_code":"K3L3010000","media":{"large":[{"alt":"Clinique Fresh Pressed Günlük Bakım Desteği Saf C&A Vitaminli","height":1200,"position":0,"src":"/media/export/cms/products/1200x1500/cl_sku_K3L301_1200x1500_0.png","type":"image","width":1500}],"medium":[{"alt":"Clinique Fresh Pressed Günlük Bakım Desteği Saf C&A Vitaminli","height":600,"position":1,"src":"/media/export/cms/products/600x750/cl_sku_K3L301_600x750_0.png","type":"image","width":750},{"alt":"Clinique Fresh Pressed Günlük Bakım Desteği Saf C&A Vitaminli","height":600,"position":2,"src":"/media/export/cms/products/600x750/cl_sku_K3L301_600x750_1.png","type":"image","width":750}],"model":null,"poster":null,"small":[{"alt":"Clinique Fresh Pressed Günlük Bakım Desteği Saf C&A Vitaminli","height":1200,"position":3,"src":"/media/export/cms/products/1200x1500/cl_sku_K3L301_1200x1500_0.png","type":"image","width":1500}],"smoosh":null,"xl":null},"out_of_stock_threshold":null,"perlgem":{"SKU_BASE_ID":92705},"preorder_date":null,"prices":[{"currency":"TRY","exclude_tax":{"original_price":295,"original_price_formatted":"295.00 TL","price":295,"price_formatted":"295.00 TL","price_per_unit":null,"price_per_unit_formatted":""},"include_tax":{"original_price":295,"original_price_formatted":"295.00 TL","price":295,"price_formatted":"295.00 TL","price_per_unit":null,"price_per_unit_formatted":""},"is_discounted":false}],"purchase_limit":null,"replenishment":{"message":null},"reviews":{"average_rating":null,"number_of_questions":null,"number_of_reviews":null},"set_components":null,"shade_groups":null,"shades":null,"sizes":[{"key":1,"value":"1x8.5ml Vial Vitamin C Booster, 1x7ml Vial Vitamin"}],"skin":{"tone":null,"type":[{"key":"very-dry-skintype","value":"very_dry_skintype"},{"key":"dry-skintype","value":"dry_skintype"},{"key":"combination-skintype","value":"combination_skintype"},{"key":"oily-skintype","value":"oily_skintype"}],"type_description":null},"sku_badge":null,"sku_badge_image":null,"sku_display_order":0,"sku_id":"K3L301","sku_promo_messaging":null,"sku_type":"SE","sku_url":null,"tags":{"total":9,"items":[{"id":"18919","key":"fresh-pressed","value":"Fresh Pressed"},{"id":"4034","key":"yüz-serumlari","value":"YÜZ SERUMLARI"},{"id":"1628","key":"-evde-bakim","value":"# EVDE BAKIM"},{"id":"27172","key":"day5flashsale","value":"Day5FlashSale"},{"id":"4323","key":"yeni̇-ürünler","value":"YENİ ÜRÜNLER"},{"id":"17859","key":"çok-satanlar","value":"ÇOK SATANLAR"},{"id":"27174","key":"day7flashsale","value":"Day7FlashSale"},{"id":"27169","key":"day2flashsale","value":"Day2FlashSale"},{"id":"1667","key":"ci̇lt-bakimi","value":"CİLT BAKIMI"}]},"texture":null,"undertone":null,"unit_of_measure":null,"unit_size":null,"unit_size_formatted":null,"upc":"020714890186","vto":{"is_color_experience":null,"is_foundation_experience":null}}]},"sub_display_name":null,"sub_header":null,"tags":{"total":9,"items":[{"id":"18919","key":"fresh-pressed","parent_tag_id":"1667","product_display_order":0,"value":"Fresh Pressed"},{"id":"4034","key":"yüz-serumlari","parent_tag_id":"1667","product_display_order":0,"value":"YÜZ SERUMLARI"},{"id":"1628","key":"-evde-bakim","parent_tag_id":null,"product_display_order":218,"value":"# EVDE BAKIM"},{"id":"27172","key":"day5flashsale","parent_tag_id":"1590","product_display_order":46,"value":"Day5FlashSale"},{"id":"4323","key":"yeni̇-ürünler","parent_tag_id":null,"product_display_order":0,"value":"YENİ ÜRÜNLER"},{"id":"17859","key":"çok-satanlar","parent_tag_id":null,"product_display_order":31,"value":"ÇOK SATANLAR"},{"id":"27174","key":"day7flashsale","parent_tag_id":"1590","product_display_order":0,"value":"Day7FlashSale"},{"id":"27169","key":"day2flashsale","parent_tag_id":"1590","product_display_order":0,"value":"Day2FlashSale"},{"id":"1667","key":"ci̇lt-bakimi","parent_tag_id":null,"product_display_order":0,"value":"CİLT BAKIMI"}]},"usage":[{"content":null,"label":"PRODUCT USAGE","type":"product_usage"},{"content":null,"label":"HOW DOES IT WORK","type":"how_does_it_work"},{"content":"Tüm Cilt Tipleri (1,2,3,4)","label":"WHO IT IS FOR","type":"who_it_is_for"},{"content":null,"label":"GREAT TO KNOW","type":"great_to_know"},{"content":"Nemlendiricinizi beraber kullanıldığında yaşlanma karşıtı etkiye dönüştürür. Gündüz ve gece Booster olan Saf Vitaminler C% 10 ve A (Retinol) ile görünür kırışıklıklara karşı gözle görülür sonuçlar sunmak için taze olarak etkinleştirilir. * Birkaç pompayı en sevdiğiniz Clinique nemlendiriciyle karıştırın - Sabahları C Vitamini, akşam ise A Vitamini uygulayın. Sevdiğiniz nemlendiriciyi değiştirmeden güçlü bir yaşlanma karşıtı takviyenin tadını çıkarın.<br><ul><li><b> Her gün, % 10 C Vitamini</b> ilde anında ışıltı sağlar. Sürekli kullanım ile gözle görülür şekilde daha eşit bir cilt tonu sağlar.<br></li><li><b>Her gece, A vitamini (Retinol)</b> cildin yüzeyine derinlemesine nüfuz eder. Zamanla, cilt canlanmış görünür, çizgiler ve kırışıklıklar' yeniden doldurulmuş görünümü kazanır.<br></li></ul><b>*Kanıtlanmış sonuçlar</b><br>12 haftalık bir klinik çalışmaya dayanarak C Vitamini 10% sabahları ve akşamları A Vitamini uygulamak (Retinol) <br><ul><li><b>ilk sabah kullanımı</b>ciltparlaklığını anında arttırmıştır.</li><li><b>1 hafta içinde</b> pürüzsüzlük ve doku düzelmesi</li><li><b>4 hafta içinde</b> yüz kırışıklıkları ve çizgilerinde gözle görülür azalma</li><li><b>12 hafta içinde</b> daha dengeli cilt tonu, derin kırışıklıklar ve alın çizgileri önemli ölçüde azalmasını destekler.</li></ul><b>Nasıl Kullanılır?</b><br><b>Etkinleştirmek için:</b><br><ul><li>Kapağı açık bırak. Folyoyu çıkarın.</li><li>Yaşlanma giderici yatıştırıcı emülsiyon içine Vitamin'i serbest bırakmak için iç ampulü 2x sıkıca bastırın.</li><li>15 saniye sallayın.</li></ul><b>To Use:</b><br><ul><li>Kullanmadan önce çalkalayın. Kapağı çıkarın.</li><li>Avucunuzun içine dağıtmak için 2-3x ampulüne basın. Nemlendiricinizin bir miktarı ile elinizde karıştırın. Yüzün her yerine pürüzsüz bir şekilde yayınız.. Günlük güneş kremi mutlaka uygulayınız.</li></ul>","label":"WHAT_IT_DOES","type":"what_it_does"},{"content":"Clinique'in en taze gece ve gündüz yaşlanma karşıtı formülü. İki farklı formül birlikte kullanıldığında çizgi ve kırışıklıkları azaltmada gözle görülür etkiler sağlamaya yardımcı olur.","label":"WHAT_IT_IS","type":"what_it_is"}],"objectID":"58048"},{"benefit":{"statement":null,"benefits":null},"brand":null,"collection":[{"key":"dramatically-dif-collection","value":"dramatically_dif_collection"}],"coverage":null,"cross_sell":[{"sku_id":"667H01","sort_key":1},{"sku_id":null,"sort_key":2},{"sku_id":"62A401","sort_key":3},{"sku_id":"6F3701","sort_key":4},{"sku_id":"76WY01","sort_key":5},{"sku_id":"6EM601","sort_key":6}],"default_category":{"id":"1687","key":"yüz-nemlendi̇ri̇ci̇"},"description":"<P><STRONG>Dramatically Different Hydrating Jelly<BR>Cilt Tipi:</STRONG> Tüm Cilt Tipleri<BR><STRONG>Nedir<BR></STRONG>3 Adımlı Cilt Bakım Sistemi'mizin 3.Adımı. <BR>Cildi 24 saat boyunca nemlendiren ve cildi günlük olarak maruz kaldığı çevre kirliliğine karşı koruyan %100 şeffaf, yağsız,su-jel.</P><P><STRONG>Ne Yapar</STRONG><BR>Şeffaf-Kalkan Teknolojisi sayesinde nemi cilde hapsetmeye ve cildi çevre kirliliği gibi zararlı çevresel faktörlerden arındırmaya yardımcı olur. <BR>Cildin nem bariyerini ve dayanıklılığını arttırmaya yardımcı olur. <BR>Su-jel kıvamı sayesinde cilt tarafından kolayca emilir ve ferah bir his bırakır. <BR>Yapışkanlık hissi oluşturmayan formülü ile ciltte pürüzsüz bir doku yaratır. <BR>Sağlıklı, canlı ve ışıldayan bir cilt görünümü yaratmaya yardımcı olur.<BR>Kanıtlanmış Sonuçlar<BR>Cilde zarar veren çevre kirliliğine karşı 87% oranında daha az hassas olmasını destekler. *<BR>*Dermatolojik olarak test edilmiştir. </P><P><STRONG>İçerik ve Teknoloji</STRONG><BR>Şeffaf-Kalkan Teknolojisi ve içeriğindeki Ayçiçeği Tohumu, Salatalık Özü ve Arpa Özü ile birlikte cildi çevre kirliliğine karşı korurken, cildin nem bariyerini onarmaya, daha dayanıklı olmasına,&nbsp;&nbsp; nem seviyesini korumasına ve dengelemesine yardımcı olur. İçeriğindeki Hiyaluronik Asit cildin daha dolgun, sıkı ve rahat hissetmesini destekler ve anında nem sağlar. </P><P><STRONG>Sırrımız 3 Adımda</STRONG><BR>Üç Adımlı Cilt Bakım Sistemi dermatologlar tarafından geliştirilmiştir. Günde yalnızca iki kere, üç dakikanızı ayırarak uygulayabileceğiniz kolay ve kişiye özel bir sistem; Facial Soap ile cildinizi temizleyin, Clarifying Lotion ile cildinizi arındırın ve Dramatically Different Moisturizing Lotion+, Dramatically Different Gel veya Dramatically Different Hydrating Jelly ile nemlendirin. </P><P><STRONG>Nasıl Kullanılır</STRONG><BR>Her gün, sabah ve akşam, 1-2 pompa tüm yüze/boyuna uygulayın. Tek başına ya da Liquid Facial Soap ve kişiye özel Clarifying Lotion’dan sonra kullanılabilir. Tek başına ve makyaj altına da uygulanabilir. </P><P>&nbsp;</P>","display_mode":null,"display_name":"Dramatically Different Hydrating Jelly - Yağsız Su Jel Nemlendirici","display_status":7,"finish":null,"form":[{"key":"watery-form","value":"watery_form"}],"formula_type":null,"fragrance_family":null,"indexable_keywords":[{"value":"DDHJ"},{"value":" 3-step"},{"value":" dry"},{"value":" sensitive"},{"value":" hypoallergenic"},{"value":" fresh"},{"value":" lightweight"},{"value":" dramatically"},{"value":" dramatically different"},{"value":" oil free"},{"value":" hydrating"},{"value":" water jelly"},{"value":" jelly"}],"is_hazmat":false,"is_product_coming_soon":null,"is_product_displayable":true,"is_product_searchable":true,"is_product_shoppable":true,"is_product_sold_out":null,"is_product_temporarily_out_of_stock":null,"is_search_suppressed":null,"key_ingredient":null,"media":{"large":[{"alt":"Dramatically Different Hydrating Jelly - Yağsız Su Jel Nemlendirici","height":1200,"position":0,"src":"/media/export/cms/products/1200x1500/cl_prod_58208_1200x1500_0.png","type":"image","width":1500},{"alt":"Dramatically Different Hydrating Jelly - Yağsız Su Jel Nemlendirici","height":1200,"position":1,"src":"/media/export/cms/products/1200x1500/cl_prod_58208_1200x1500_1.png","type":"image","width":1500}],"medium":null,"poster":null,"small":[{"alt":"Dramatically Different Hydrating Jelly - Yağsız Su Jel Nemlendirici","height":1200,"position":2,"src":"/media/export/cms/products/1200x1500/cl_prod_58208_1200x1500_0.png","type":"image","width":1500},{"alt":"Dramatically Different Hydrating Jelly - Yağsız Su Jel Nemlendirici","height":1200,"position":3,"src":"/media/export/cms/products/1200x1500/cl_prod_58208_1200x1500_1.png","type":"image","width":1500}],"videos":[{"position":null,"poster":{"height":null,"src":null,"width":null},"provider":null,"src":null},{"position":null,"poster":{"height":null,"src":null,"width":null},"provider":null,"src":null},{"position":null,"poster":{"height":null,"src":null,"width":null},"provider":null,"src":null}],"xl":null},"meta":{"description":null,"keywords":"DDHJ, 3-step, dry, sensitive, hypoallergenic, fresh, lightweight, dramatically, dramatically different, oil free, hydrating, water jelly, jelly"},"parent_category":[{"id":"1687","value":"YÜZ NEMLENDİRİCİ"},{"id":"1667","value":"CİLT BAKIMI"}],"product_badge":null,"product_id":"58208","product_title_tag":null,"product_type":"Sized","product_url":"/product/1687/58208/cilt-bakimi/yuz-nemlendirici/dramatically-different-hydrating-jelly--yagsz-su-jel-nemlendirici","reviews":{"average_rating":null,"number_of_questions":null,"number_of_reviews":null},"shade_groups":null,"short_description":"Cildi 24 saat boyunca nemlendiren ve cildi günlük olarak maruz kaldığı çevre kirliliğine karşı koruyan %100 şeffaf, yağsız,su-jel","skin":{"concern":[{"key":"oil-free-concern","value":"oil_free_concern"},{"key":"dry-concern","value":"dry_concern"},{"key":"sensitive-concern","value":"sensitive_concern"},{"key":"dehydration-concern","value":"dehydration_concern"}]},"skin_goal":null,"skus":{"total":1,"items":[{"color_family":null,"coverage_options":null,"cross_sell":null,"display_status":7,"finish":null,"finish_options":null,"fragrances":[{"family":null,"key":null,"value":null}],"iln_listing":null,"iln_version_number":null,"inventory_status":"Active","is_active":true,"is_coming_soon":null,"is_default_sku":true,"is_discountable":true,"is_displayable":null,"is_engravable":null,"is_fragrance":null,"is_giftable":null,"is_giftwrap":false,"is_inactive":null,"is_multi_shaded":null,"is_out_of_stock":null,"is_preorder":false,"is_preorderable":null,"is_promotional":null,"is_replenishable":true,"is_search_suppressed":null,"is_searchable":true,"is_shaded":null,"is_sized":null,"is_sold_out":null,"is_under_weight_hazmat":false,"is_vto_enabled":null,"life_of_product":"Basic Reorder","material_code":"K9FL010000","media":{"large":[{"alt":"Dramatically Different Hydrating Jelly - Yağsız Su Jel Nemlendirici","height":1200,"position":0,"src":"/media/export/cms/products/1200x1500/cl_sku_K9FL01_1200x1500_0.png","type":"image","width":1500}],"medium":[{"alt":"Dramatically Different Hydrating Jelly - Yağsız Su Jel Nemlendirici","height":600,"position":1,"src":"/media/export/cms/products/600x750/cl_sku_K9FL01_600x750_0.png","type":"image","width":750},{"alt":"Dramatically Different Hydrating Jelly - Yağsız Su Jel Nemlendirici","height":600,"position":2,"src":"/media/export/cms/products/600x750/cl_sku_K9FL01_600x750_1.png","type":"image","width":750}],"model":null,"poster":null,"small":[{"alt":"Dramatically Different Hydrating Jelly - Yağsız Su Jel Nemlendirici","height":1200,"position":3,"src":"/media/export/cms/products/1200x1500/cl_sku_K9FL01_1200x1500_0.png","type":"image","width":1500}],"smoosh":null,"xl":null},"out_of_stock_threshold":null,"perlgem":{"SKU_BASE_ID":92881},"preorder_date":null,"prices":[{"currency":"TRY","exclude_tax":{"original_price":385,"original_price_formatted":"385.00 TL","price":385,"price_formatted":"385.00 TL","price_per_unit":null,"price_per_unit_formatted":""},"include_tax":{"original_price":385,"original_price_formatted":"385.00 TL","price":385,"price_formatted":"385.00 TL","price_per_unit":null,"price_per_unit_formatted":""},"is_discounted":false}],"purchase_limit":null,"replenishment":{"message":"Recommended Auto-Ship cycle: 12 weeks  Learn more >"},"reviews":{"average_rating":null,"number_of_questions":null,"number_of_reviews":null},"set_components":null,"shade_groups":null,"shades":null,"sizes":[{"key":1,"value":"125 ml"}],"skin":{"tone":null,"type":[{"key":"very-dry-skintype","value":"very_dry_skintype"},{"key":"dry-skintype","value":"dry_skintype"},{"key":"combination-skintype","value":"combination_skintype"},{"key":"oily-skintype","value":"oily_skintype"}],"type_description":null},"sku_badge":null,"sku_badge_image":null,"sku_display_order":0,"sku_id":"K9FL01","sku_promo_messaging":null,"sku_type":"SE","sku_url":null,"tags":{"total":15,"items":[{"id":"17859","key":"çok-satanlar","value":"ÇOK SATANLAR"},{"id":"27172","key":"day5flashsale","value":"Day5FlashSale"},{"id":"1575","key":"en-çok-satanlar","value":"En Çok Satanlar"},{"id":"8194","key":"en-çok-satan-10","value":"En Çok Satan 10 "},{"id":"1570","key":"3-adimli-ci̇lt-bakim-si̇stemi̇","value":"3 ADIMLI CİLT BAKIM SİSTEMİ"},{"id":"1667","key":"ci̇lt-bakimi","value":"CİLT BAKIMI"},{"id":"27168","key":"day1flashsale","value":"Day1FlashSale"},{"id":"1687","key":"yüz-nemlendi̇ri̇ci̇","value":"YÜZ NEMLENDİRİCİ"},{"id":"27174","key":"day7flashsale","value":"Day7FlashSale"},{"id":"25016","key":"top-sellers","value":"Top Sellers"},{"id":"13770","key":"recommended-clinique-favourites","value":"Recommended Clinique Favourites"},{"id":"12517","key":"yağsiz-ci̇lt-bakim-ürünleri̇","value":"YAĞSIZ CİLT BAKIM ÜRÜNLERİ"},{"id":"13563","key":"yeni̇-yil-ci̇lt-bakimi","value":"YENİ YIL CİLT BAKIMI"},{"id":"1574","key":"nemlendi̇rme","value":"NEMLENDİRME"},{"id":"9428","key":"top10","value":"top10"}]},"texture":null,"undertone":null,"unit_of_measure":null,"unit_size":null,"unit_size_formatted":null,"upc":"020714939472","vto":{"is_color_experience":null,"is_foundation_experience":null}}]},"sub_display_name":null,"sub_header":null,"tags":{"total":15,"items":[{"id":"17859","key":"çok-satanlar","parent_tag_id":null,"product_display_order":102,"value":"ÇOK SATANLAR"},{"id":"27172","key":"day5flashsale","parent_tag_id":"1590","product_display_order":1,"value":"Day5FlashSale"},{"id":"1575","key":"en-çok-satanlar","parent_tag_id":null,"product_display_order":113,"value":"En Çok Satanlar"},{"id":"8194","key":"en-çok-satan-10","parent_tag_id":null,"product_display_order":0,"value":"En Çok Satan 10 "},{"id":"1570","key":"3-adimli-ci̇lt-bakim-si̇stemi̇","parent_tag_id":null,"product_display_order":0,"value":"3 ADIMLI CİLT BAKIM SİSTEMİ"},{"id":"1667","key":"ci̇lt-bakimi","parent_tag_id":null,"product_display_order":140,"value":"CİLT BAKIMI"},{"id":"27168","key":"day1flashsale","parent_tag_id":"1590","product_display_order":0,"value":"Day1FlashSale"},{"id":"1687","key":"yüz-nemlendi̇ri̇ci̇","parent_tag_id":"1667","product_display_order":120,"value":"YÜZ NEMLENDİRİCİ"},{"id":"27174","key":"day7flashsale","parent_tag_id":"1590","product_display_order":0,"value":"Day7FlashSale"},{"id":"25016","key":"top-sellers","parent_tag_id":"4323","product_display_order":0,"value":"Top Sellers"},{"id":"13770","key":"recommended-clinique-favourites","parent_tag_id":null,"product_display_order":0,"value":"Recommended Clinique Favourites"},{"id":"12517","key":"yağsiz-ci̇lt-bakim-ürünleri̇","parent_tag_id":"1667","product_display_order":0,"value":"YAĞSIZ CİLT BAKIM ÜRÜNLERİ"},{"id":"13563","key":"yeni̇-yil-ci̇lt-bakimi","parent_tag_id":"13561","product_display_order":0,"value":"YENİ YIL CİLT BAKIMI"},{"id":"1574","key":"nemlendi̇rme","parent_tag_id":"1570","product_display_order":0,"value":"NEMLENDİRME"},{"id":"9428","key":"top10","parent_tag_id":"9420","product_display_order":0,"value":"top10"}]},"usage":[{"content":"Her gün, sabah ve akşam, 1-2 pompa tüm yüze/boyuna uygulayın. Tek başına ya da Liquid Facial Soap ve kişiye özel Clarifying Lotion’dan sonra kullanılabilir. Tek başına ve makyaj altına da uygulanabilir. ","label":"PRODUCT USAGE","type":"product_usage"},{"content":null,"label":"HOW DOES IT WORK","type":"how_does_it_work"},{"content":"Tüm Cilt Tipleri (1,2,3,4)","label":"WHO IT IS FOR","type":"who_it_is_for"},{"content":"Cilt güzelliğinin sırrını keşfet.<br>3 adımlı cilt bakım sistemimiz dermatologlar tarafından geliştirilmiştir.<br>Basit, etkili ve güvenlidir. 3 dakika içinde, günde iki kere: Yüz yıkama jeli/sabunu ile cildinizi temizleyin, losyon ile cildinizi arındırın, DDML+ , yağ içermeyen jel veya jelly formülü ile nemlendirin.<br>Clinique cilt bakım sistemimizden size uygun olan rutini seçiniz.","label":"GREAT TO KNOW","type":"great_to_know"},{"content":"<ul><li>Clean Shield Teknolojisi ile ciltte bir filtre görevi görür ve hava kirliliklerine karşı cildi koruyarak 24 saat boyunca kesintisiz nem verir.</li><li> Cildin nem bariyerini güçlendirir ve cildin esnekliğini arttırır.</li><li>Su-jel formülü sayesinde cilt tarafından hızlıca emilir ve anında daha taze bir his verir.</li><li>Yağsız formülü sayesinde ciltte ağırlık bırakmaz.</li><li>Cildi daha pürüzsüz, daha sağlıklı ve doğal ışıltısına kavuşturur.</li></ul><b>Kanıtlanmış sonuçlar</b><br>%87'ye kadar hava kirliliğine karşı cildi korur.*<br><i>* Cilt modellerinde test edilmiştir.</i><br><br><b>Temel İçerik Maddeleri</b><br>Clean Shield Teknolojisi ile güçlendirilmiş aktif içerikler:Ayçiçeği tohumu, Salatalık Özü ile cildin nem bariyerini güçlendirir, dayanıklılığını arttırır ve cildin doğal nem dengesini düzenler. Hyalüronik Asit(Hümektan) mıknatıs görevi yaparak havadaki nemi cilde çeker.<br><br><b>Nasıl Kullanılır?</b><br><ul><li>Tüm cildinize ya da nemlendirmeye ihtiyaç olan bölgeye uygulayın. Günde 2 kere uygulayın.</li><li>En iyi sonuç için Facial Soap Temizleyici ve Arındırıcı Losyon'umuzdan sonra uygulayın.</li></ul>","label":"WHAT_IT_DOES","type":"what_it_does"},{"content":"3 Adımlı cilt bakım sistemimizin 3. adımıdır.<br> Cildi 24 saat boyunca nemlendiren ve cildi günlük olarak maruz kaldığı çevre kirliliğine karşı koruyan %100 şeffaf, yağsız,su-jel.","label":"WHAT_IT_IS","type":"what_it_is"}],"objectID":"58208"},{"benefit":{"statement":null,"benefits":null},"brand":null,"collection":null,"coverage":null,"cross_sell":[{"sku_id":"7T5R01","sort_key":1},{"sku_id":"6CY401","sort_key":2},{"sku_id":null,"sort_key":3},{"sku_id":"68A001","sort_key":4},{"sku_id":"ZY0R01","sort_key":5},{"sku_id":"CLNADE","sort_key":6}],"default_category":{"id":"1667","key":"ci̇lt-bakimi"},"description":"<b>What It Is</b><br>The perfect introduction to Clinique: our most-wanted skin care and makeup in travel sizes. This one-and-only Starter Kit comes with an extra treat: $10 off your next Clinique purchase. Plus, enjoy two complimentary bags.<br><br><b>Set Includes: </b><br>-Take The Day Off™ Cleansing Balm, 0.50 oz / 15 ml<br>Transforms from a solid balm into a silky oil to quickly dissolve tenacious makeup. <br><br>- Moisture Surge™ Hydrating Supercharged Concentrate, 0.5 oz / 15 ml <br>This ultralight water-gel instantly hydrates and refreshes thirsty skin. <br><br>- Dramatically Different Moisturizing Lotion+™, 1.0 oz / 30 ml  <br>Our #1 moisturizer softens, smooths, leaves skin glowing. <br><br>- Almost Lipstick in Black Honey, 0.04 oz / 1.2 g <br>Clinique’s cult-favorite shade goes on sheer and looks pretty on everyone. <br><br>- High Impact™ Mascara in Black, 0.14 oz / 3.5 ml <br>For instant lash drama. Kicks up volume for a lush, plush look. <br><br>Two complimentary bags. <br>One for makeup, one mini bag for little things. <br><br>Special treat: $10 off your next purchase.* <br>Once your order ships, we’ll email you a unique code. <br><br><b>Great To Know</b><br>Allergy Tested. 100% Fragrance Free.","display_mode":null,"display_name":"Clinique Starter Kit.<br> 5 best sellers to go.","display_status":1,"finish":null,"form":null,"formula_type":null,"fragrance_family":null,"indexable_keywords":null,"is_hazmat":false,"is_product_coming_soon":null,"is_product_displayable":true,"is_product_searchable":true,"is_product_shoppable":false,"is_product_sold_out":null,"is_product_temporarily_out_of_stock":null,"is_search_suppressed":null,"key_ingredient":null,"media":{"large":null,"medium":null,"poster":null,"small":null,"videos":[{"position":null,"poster":{"height":null,"src":null,"width":null},"provider":null,"src":null},{"position":null,"poster":{"height":null,"src":null,"width":null},"provider":null,"src":null},{"position":null,"poster":{"height":null,"src":null,"width":null},"provider":null,"src":null}],"xl":null},"meta":{"description":null,"keywords":null},"parent_category":[{"id":"1667","value":"CİLT BAKIMI"}],"product_badge":null,"product_id":"59585","product_title_tag":null,"product_type":"Other","product_url":"/product/1667/59585/cilt-bakimi/clinique-starter-kit-5-best-sellers-to-go","reviews":{"average_rating":null,"number_of_questions":null,"number_of_reviews":null},"shade_groups":null,"short_description":"The perfect introduction to Clinique: our most-wanted skin care and makeup in travel sizes. This one-and-only Starter Kit comes with an extra treat: $10 off your next Clinique purchase. Plus, enjoy two complimentary bags. ","skin":null,"skin_goal":null,"skus":{"total":1,"items":[{"color_family":null,"coverage_options":null,"cross_sell":null,"display_status":1,"finish":null,"finish_options":null,"fragrances":[{"family":null,"key":null,"value":null}],"iln_listing":null,"iln_version_number":null,"inventory_status":"Sold Out","is_active":null,"is_coming_soon":null,"is_default_sku":false,"is_discountable":false,"is_displayable":null,"is_engravable":null,"is_fragrance":null,"is_giftable":null,"is_giftwrap":false,"is_inactive":null,"is_multi_shaded":null,"is_out_of_stock":null,"is_preorder":false,"is_preorderable":null,"is_promotional":null,"is_replenishable":false,"is_search_suppressed":null,"is_searchable":true,"is_shaded":null,"is_sized":null,"is_sold_out":true,"is_under_weight_hazmat":false,"is_vto_enabled":null,"life_of_product":"Limited life","material_code":"CLNAED0001","media":{"large":[{"alt":"Clinique Starter Kit.<br> 5 best sellers to go.","height":1200,"position":0,"src":"/media/export/cms/products/1200x1500/cl_sku_CLNAED_1200x1500_0.png","type":"image","width":1500}],"medium":[{"alt":"Clinique Starter Kit.<br> 5 best sellers to go.","height":600,"position":1,"src":"/media/export/cms/products/600x750/cl_sku_CLNAED_600x750_0.png","type":"image","width":750}],"model":null,"poster":null,"small":[{"alt":"Clinique Starter Kit.<br> 5 best sellers to go.","height":1200,"position":2,"src":"/media/export/cms/products/1200x1500/cl_sku_CLNAED_1200x1500_0.png","type":"image","width":1500}],"smoosh":null,"xl":null},"out_of_stock_threshold":null,"perlgem":{"SKU_BASE_ID":94883},"preorder_date":null,"prices":[{"currency":"TRY","exclude_tax":{"original_price":10,"original_price_formatted":"10.00 TL","price":10,"price_formatted":"10.00 TL","price_per_unit":null,"price_per_unit_formatted":""},"include_tax":{"original_price":10,"original_price_formatted":"10.00 TL","price":10,"price_formatted":"10.00 TL","price_per_unit":null,"price_per_unit_formatted":""},"is_discounted":false}],"purchase_limit":null,"replenishment":{"message":null},"reviews":{"average_rating":null,"number_of_questions":null,"number_of_reviews":null},"set_components":null,"shade_groups":null,"shades":null,"sizes":[{"key":1,"value":null}],"skin":{"tone":null,"type":null,"type_description":null},"sku_badge":null,"sku_badge_image":null,"sku_display_order":0,"sku_id":"CLNAED","sku_promo_messaging":null,"sku_type":"SE","sku_url":null,"tags":{"total":6,"items":[{"id":"1667","key":"ci̇lt-bakimi","value":"CİLT BAKIMI"},{"id":"1602","key":"hedi̇yeler-setler","value":"HEDİYELER & SETLER"},{"id":"1592","key":"makyaj","value":"MAKYAJ"},{"id":"1600","key":"hedi̇yeler","value":"HEDİYELER"},{"id":"1684","key":"hediyeler","value":"Hediyeler"},{"id":"1685","key":"hedi̇yeler-setler","value":"HEDİYELER & SETLER"}]},"texture":null,"undertone":null,"unit_of_measure":null,"unit_size":null,"unit_size_formatted":null,"upc":"020000000255","vto":{"is_color_experience":null,"is_foundation_experience":null}}]},"sub_display_name":null,"sub_header":null,"tags":{"total":6,"items":[{"id":"1667","key":"ci̇lt-bakimi","parent_tag_id":null,"product_display_order":141,"value":"CİLT BAKIMI"},{"id":"1602","key":"hedi̇yeler-setler","parent_tag_id":"1600","product_display_order":0,"value":"HEDİYELER & SETLER"},{"id":"1592","key":"makyaj","parent_tag_id":null,"product_display_order":23,"value":"MAKYAJ"},{"id":"1600","key":"hedi̇yeler","parent_tag_id":"1592","product_display_order":0,"value":"HEDİYELER"},{"id":"1684","key":"hediyeler","parent_tag_id":"1667","product_display_order":0,"value":"Hediyeler"},{"id":"1685","key":"hedi̇yeler-setler","parent_tag_id":"1684","product_display_order":0,"value":"HEDİYELER & SETLER"}]},"usage":[{"content":null,"label":"PRODUCT USAGE","type":"product_usage"},{"content":null,"label":"HOW DOES IT WORK","type":"how_does_it_work"},{"content":null,"label":"WHO IT IS FOR","type":"who_it_is_for"},{"content":null,"label":"GREAT TO KNOW","type":"great_to_know"},{"content":null,"label":"WHAT_IT_DOES","type":"what_it_does"},{"content":"<b>What It Is</b><br>The perfect introduction to Clinique: our most-wanted skin care and makeup in travel sizes. This one-and-only Starter Kit comes with an extra treat: $10 off your next Clinique purchase. Plus, enjoy two complimentary bags.<br><br><b>Set Includes: </b><br>-Take The Day Off™ Cleansing Balm, 0.50 oz / 15 ml<br>Transforms from a solid balm into a silky oil to quickly dissolve tenacious makeup. <br><br>- Moisture Surge™ Hydrating Supercharged Concentrate, 0.5 oz / 15 ml <br>This ultralight water-gel instantly hydrates and refreshes thirsty skin. <br><br>- Dramatically Different Moisturizing Lotion+™, 1.0 oz / 30 ml  <br>Our #1 moisturizer softens, smooths, leaves skin glowing. <br><br>- Almost Lipstick in Black Honey, 0.04 oz / 1.2 g <br>Clinique’s cult-favorite shade goes on sheer and looks pretty on everyone. <br><br>- High Impact™ Mascara in Black, 0.14 oz / 3.5 ml <br>For instant lash drama. Kicks up volume for a lush, plush look. <br><br>Two complimentary bags. <br>One for makeup, one mini bag for little things. <br><br>Special treat: $10 off your next purchase.* <br>Once your order ships, we’ll email you a unique code. <br><br><b>Great To Know</b><br>Allergy Tested. 100% Fragrance Free.","label":"WHAT_IT_IS","type":"what_it_is"}],"objectID":"59585"},{"benefit":{"statement":null,"benefits":null},"brand":null,"collection":null,"coverage":null,"cross_sell":null,"default_category":{"id":"1599","key":"fondöten"},"description":null,"display_mode":null,"display_name":"Even Better Fondöten SPF15 15 ml Neutral","display_status":3,"finish":null,"form":null,"formula_type":null,"fragrance_family":null,"indexable_keywords":null,"is_hazmat":false,"is_product_coming_soon":null,"is_product_displayable":true,"is_product_searchable":true,"is_product_shoppable":false,"is_product_sold_out":null,"is_product_temporarily_out_of_stock":null,"is_search_suppressed":null,"key_ingredient":null,"media":{"large":null,"medium":null,"poster":null,"small":null,"videos":[{"position":null,"poster":{"height":null,"src":null,"width":null},"provider":null,"src":null},{"position":null,"poster":{"height":null,"src":null,"width":null},"provider":null,"src":null},{"position":null,"poster":{"height":null,"src":null,"width":null},"provider":null,"src":null}],"xl":null},"meta":{"description":null,"keywords":null},"parent_category":[{"id":"1599","value":"FONDÖTEN"},{"id":"1592","value":"MAKYAJ"}],"product_badge":null,"product_id":"59731","product_title_tag":null,"product_type":"Shaded","product_url":"/product/1599/59731/makyaj/fondoten/even-better-fondoten-spf15-15-ml-neutral","reviews":{"average_rating":null,"number_of_questions":null,"number_of_reviews":null},"shade_groups":null,"short_description":null,"skin":null,"skin_goal":null,"skus":{"total":1,"items":[{"color_family":null,"coverage_options":null,"cross_sell":null,"display_status":3,"finish":null,"finish_options":null,"fragrances":[{"family":null,"key":null,"value":null}],"iln_listing":null,"iln_version_number":null,"inventory_status":"Sold Out","is_active":null,"is_coming_soon":null,"is_default_sku":false,"is_discountable":true,"is_displayable":null,"is_engravable":null,"is_fragrance":null,"is_giftable":null,"is_giftwrap":false,"is_inactive":null,"is_multi_shaded":null,"is_out_of_stock":null,"is_preorder":false,"is_preorderable":null,"is_promotional":null,"is_replenishable":false,"is_search_suppressed":null,"is_searchable":true,"is_shaded":null,"is_sized":null,"is_sold_out":true,"is_under_weight_hazmat":false,"is_vto_enabled":null,"life_of_product":"Limited life","material_code":"K4EH05A000","media":{"large":[{"alt":"Even Better Fondöten SPF15 15 ml Neutral","height":1200,"position":0,"src":"/media/export/cms/products/1200x1500/cl_sku_K4EH05_1200x1500_0.png","type":"image","width":1500}],"medium":[{"alt":"Even Better Fondöten SPF15 15 ml Neutral","height":600,"position":1,"src":"/media/export/cms/products/600x750/cl_sku_K4EH05_600x750_0.png","type":"image","width":750}],"model":null,"poster":null,"small":[{"alt":"Even Better Fondöten SPF15 15 ml Neutral","height":1200,"position":2,"src":"/media/export/cms/products/1200x1500/cl_sku_K4EH05_1200x1500_0.png","type":"image","width":1500}],"smoosh":null,"xl":null},"out_of_stock_threshold":null,"perlgem":{"SKU_BASE_ID":95075},"preorder_date":null,"prices":[{"currency":"TRY","exclude_tax":{"original_price":69,"original_price_formatted":"69.00 TL","price":69,"price_formatted":"69.00 TL","price_per_unit":null,"price_per_unit_formatted":""},"include_tax":{"original_price":69,"original_price_formatted":"69.00 TL","price":69,"price_formatted":"69.00 TL","price_per_unit":null,"price_per_unit_formatted":""},"is_discounted":false}],"purchase_limit":null,"replenishment":{"message":null},"reviews":{"average_rating":null,"number_of_questions":null,"number_of_reviews":null},"set_components":null,"shade_groups":null,"shades":null,"sizes":[{"key":1,"value":null}],"skin":{"tone":null,"type":null,"type_description":null},"sku_badge":null,"sku_badge_image":null,"sku_display_order":0,"sku_id":"K4EH05","sku_promo_messaging":null,"sku_type":"SE","sku_url":null,"tags":{"total":1,"items":[{"id":"1599","key":"fondöten","value":"FONDÖTEN"}]},"texture":null,"undertone":null,"unit_of_measure":null,"unit_size":null,"unit_size_formatted":null,"upc":"020714896133","vto":{"is_color_experience":null,"is_foundation_experience":null}}]},"sub_display_name":null,"sub_header":null,"tags":{"total":1,"items":[{"id":"1599","key":"fondöten","parent_tag_id":"1592","product_display_order":6,"value":"FONDÖTEN"}]},"usage":[{"content":null,"label":"PRODUCT USAGE","type":"product_usage"},{"content":null,"label":"HOW DOES IT WORK","type":"how_does_it_work"},{"content":null,"label":"WHO IT IS FOR","type":"who_it_is_for"},{"content":null,"label":"GREAT TO KNOW","type":"great_to_know"},{"content":null,"label":"WHAT_IT_DOES","type":"what_it_does"},{"content":null,"label":"WHAT_IT_IS","type":"what_it_is"}],"objectID":"59731"},{"benefit":null,"brand":null,"collection":null,"coverage":null,"cross_sell":[{"sku_id":"7WL801","sort_key":1},{"sku_id":"Z5WW01","sort_key":2},{"sku_id":null,"sort_key":3},{"sku_id":"7KXN01","sort_key":4},{"sku_id":"67FE01","sort_key":5}],"default_category":{"id":"1624","key":"tiraş-temi̇zleme"},"description":"<b>What It Is</b><br>Energizing powder cleanser instantly purifies and invigorates dull, tired skin. <br><br><b>What It Does</b><br>Purify, invigorate, retexturize.Energizing powder cleanser instantly purifies and invigorates dull, tired skin. Water-activated formula lifts away pollution and impurities. Natural exfoliants gently buff skin smooth.<br><br><b>Proven Results </b><br>- Removes toxins. <br>- Unclogs pores and removes excess oil immediately and with continued use. <br>- Smooths skin immediately and over time. <br>- Supports natural cell turnover with exfoliation. <br><br><b>Key Ingredients / Technology</b><br>Powerful enzymes help detox and purify skin. <br><br><b>Great To Know</b><br>No parabens. No phthalates. No fragrance. Allergy tested. Ophthalmologist tested.","display_mode":null,"display_name":"Clinique For Men Super Energizer™ Anti-Fatigue Exfoliating Powder Cleanser","display_status":7,"finish":null,"form":null,"formula_type":null,"fragrance_family":null,"indexable_keywords":null,"is_hazmat":false,"is_product_coming_soon":null,"is_product_displayable":true,"is_product_searchable":true,"is_product_shoppable":true,"is_product_sold_out":null,"is_product_temporarily_out_of_stock":null,"is_search_suppressed":null,"key_ingredient":null,"media":{"large":null,"medium":null,"poster":null,"small":null,"videos":[{"position":null,"poster":{"height":null,"src":null,"width":null},"provider":null,"src":null},{"position":null,"poster":{"height":null,"src":null,"width":null},"provider":null,"src":null},{"position":null,"poster":{"height":null,"src":null,"width":null},"provider":null,"src":null}],"xl":null},"meta":{"description":null,"keywords":null},"parent_category":[{"id":"1624","value":"TIRAŞ & TEMİZLEME"},{"id":"1623","value":"TIRAŞ"},{"id":"1609","value":"ERKEK CİLT BAKIMI & TRAŞ"}],"product_badge":null,"product_id":"59815","product_title_tag":null,"product_type":"Other","product_url":"/product/1624/59815/erkek-cilt-bakimi-tras/tiras/tiras-temizleme/clinique-for-men-super-energizertm-anti-fatigue-exfoliating-powder-cleanser","reviews":{"average_rating":null,"number_of_questions":null,"number_of_reviews":null},"shade_groups":null,"short_description":"Energizing powder cleanser instantly purifies and invigorates dull, tired skin.","skin":null,"skin_goal":null,"skus":{"total":1,"items":[{"color_family":null,"coverage_options":null,"cross_sell":null,"display_status":7,"finish":null,"finish_options":null,"fragrances":[{"family":null,"key":null,"value":null}],"iln_listing":null,"iln_version_number":null,"inventory_status":"Active","is_active":true,"is_coming_soon":null,"is_default_sku":false,"is_discountable":true,"is_displayable":null,"is_engravable":null,"is_fragrance":null,"is_giftable":null,"is_giftwrap":false,"is_inactive":null,"is_multi_shaded":null,"is_out_of_stock":null,"is_preorder":false,"is_preorderable":null,"is_promotional":null,"is_replenishable":false,"is_search_suppressed":null,"is_searchable":true,"is_shaded":null,"is_sized":null,"is_sold_out":null,"is_under_weight_hazmat":false,"is_vto_enabled":null,"life_of_product":"Basic Reorder","material_code":"K6K5010000","media":{"large":[{"alt":"Clinique For Men Super Energizer™ Anti-Fatigue Exfoliating Powder Cleanser","height":1200,"position":0,"src":"/media/export/cms/products/1200x1500/cl_sku_K6K501_1200x1500_0.png","type":"image","width":1500}],"medium":[{"alt":"Clinique For Men Super Energizer™ Anti-Fatigue Exfoliating Powder Cleanser","height":600,"position":1,"src":"/media/export/cms/products/600x750/cl_sku_K6K501_600x750_0.png","type":"image","width":750}],"model":null,"poster":null,"small":[{"alt":"Clinique For Men Super Energizer™ Anti-Fatigue Exfoliating Powder Cleanser","height":1200,"position":2,"src":"/media/export/cms/products/1200x1500/cl_sku_K6K501_1200x1500_0.png","type":"image","width":1500}],"smoosh":null,"xl":null},"out_of_stock_threshold":null,"perlgem":{"SKU_BASE_ID":95227},"preorder_date":null,"prices":[{"currency":"TRY","exclude_tax":{"original_price":255,"original_price_formatted":"255.00 TL","price":255,"price_formatted":"255.00 TL","price_per_unit":null,"price_per_unit_formatted":""},"include_tax":{"original_price":255,"original_price_formatted":"255.00 TL","price":255,"price_formatted":"255.00 TL","price_per_unit":null,"price_per_unit_formatted":""},"is_discounted":false}],"purchase_limit":null,"replenishment":{"message":null},"reviews":{"average_rating":null,"number_of_questions":null,"number_of_reviews":null},"set_components":null,"shade_groups":null,"shades":null,"sizes":[{"key":1,"value":"50g"}],"skin":{"tone":null,"type":null,"type_description":null},"sku_badge":null,"sku_badge_image":null,"sku_display_order":0,"sku_id":"K6K501","sku_promo_messaging":null,"sku_type":"SE","sku_url":null,"tags":{"total":2,"items":[{"id":"1612","key":"arındırma","value":"Arındırma"},{"id":"1624","key":"tiraş-temi̇zleme","value":"TIRAŞ & TEMİZLEME"}]},"texture":null,"undertone":null,"unit_of_measure":null,"unit_size":null,"unit_size_formatted":null,"upc":"020714913908","vto":{"is_color_experience":null,"is_foundation_experience":null}}]},"sub_display_name":null,"sub_header":null,"tags":{"total":2,"items":[{"id":"1612","key":"arındırma","parent_tag_id":"1610","product_display_order":0,"value":"Arındırma"},{"id":"1624","key":"tiraş-temi̇zleme","parent_tag_id":"1623","product_display_order":0,"value":"TIRAŞ & TEMİZLEME"}]},"usage":[{"content":"<ul><li>Pour into wet palm. </li><li>Mix in a few drops of water or a liberal amount of water depending on the consistency desired, then rub hands together. </li><li>Gently massage directly onto facial skin in light circular motions. </li><li> Avoid eye area.  </li><li>Rinse thoroughly with water and pat dry. </li></ul>For use daily: To use as an invigorating cleanser, add water and work into lather.<br><br>For use 2-3 times a week: For a deep-cleansing exfoliator, mix with a few drops of water and massage over dampened skin.","label":"PRODUCT USAGE","type":"product_usage"},{"content":null,"label":"HOW DOES IT WORK","type":"how_does_it_work"},{"content":null,"label":"WHO IT IS FOR","type":"who_it_is_for"},{"content":null,"label":"GREAT TO KNOW","type":"great_to_know"},{"content":null,"label":"WHAT_IT_DOES","type":"what_it_does"},{"content":"<b>What It Is</b><br>Energizing powder cleanser instantly purifies and invigorates dull, tired skin. <br><br><b>What It Does</b><br>Purify, invigorate, retexturize.Energizing powder cleanser instantly purifies and invigorates dull, tired skin. Water-activated formula lifts away pollution and impurities. Natural exfoliants gently buff skin smooth.<br><br><b>Proven Results </b><br>- Removes toxins. <br>- Unclogs pores and removes excess oil immediately and with continued use. <br>- Smooths skin immediately and over time. <br>- Supports natural cell turnover with exfoliation. <br><br><b>Key Ingredients / Technology</b><br>Powerful enzymes help detox and purify skin. <br><br><b>Great To Know</b><br>No parabens. No phthalates. No fragrance. Allergy tested. Ophthalmologist tested.","label":"WHAT_IT_IS","type":"what_it_is"}],"objectID":"59815"},{"benefit":null,"brand":null,"collection":null,"coverage":null,"cross_sell":[{"sku_id":null,"sort_key":1},{"sku_id":"77XH01","sort_key":2},{"sku_id":null,"sort_key":3},{"sku_id":"749K01","sort_key":4},{"sku_id":"61EM01","sort_key":5},{"sku_id":"791P01","sort_key":6}],"default_category":{"id":"1608","key":"tüm-firçalar"},"description":"Dudaklarını profesyonelce renklendirmenin en kolay yolu. Kolay sürülebilen fırça ile ruju kolaylıkla eşit olarak uygulayabilirsiniz. Ruj daha uzun süre kalıcılığını korur. Clinique'in eşsiz anti-bakteriyel teknolojine sahiptir, hijyeniktir. <br>","display_mode":null,"display_name":"Lip Brush Dudak Fırçası","display_status":7,"finish":null,"form":null,"formula_type":null,"fragrance_family":null,"indexable_keywords":null,"is_hazmat":false,"is_product_coming_soon":null,"is_product_displayable":true,"is_product_searchable":true,"is_product_shoppable":true,"is_product_sold_out":null,"is_product_temporarily_out_of_stock":null,"is_search_suppressed":null,"key_ingredient":null,"media":{"large":null,"medium":null,"poster":null,"small":null,"videos":[{"position":null,"poster":{"height":null,"src":null,"width":null},"provider":null,"src":null},{"position":null,"poster":{"height":null,"src":null,"width":null},"provider":null,"src":null},{"position":null,"poster":{"height":null,"src":null,"width":null},"provider":null,"src":null}],"xl":null},"meta":{"description":null,"keywords":null},"parent_category":[{"id":"1608","value":"TÜM FIRÇALAR"},{"id":"1592","value":"MAKYAJ"}],"product_badge":null,"product_id":"5988","product_title_tag":null,"product_type":"Other","product_url":"/product/1608/5988/makyaj/tum-fircalar/lip-brush-dudak-frcas","reviews":{"average_rating":2,"number_of_questions":null,"number_of_reviews":1},"shade_groups":null,"short_description":"İçeri çekilebilir fırçası sayesinde renk tonunun eşit dağılmasını sağlar. Tutuşu, pratik uygulamaya yardımcı olur.&nbsp;Antibakteriyel&nbsp;teknolojilidir.&nbsp;&nbsp;","skin":null,"skin_goal":null,"skus":{"total":1,"items":[{"color_family":null,"coverage_options":null,"cross_sell":null,"display_status":7,"finish":null,"finish_options":null,"fragrances":[{"family":null,"key":null,"value":null}],"iln_listing":null,"iln_version_number":null,"inventory_status":"Active","is_active":true,"is_coming_soon":null,"is_default_sku":false,"is_discountable":true,"is_displayable":null,"is_engravable":null,"is_fragrance":null,"is_giftable":null,"is_giftwrap":false,"is_inactive":null,"is_multi_shaded":null,"is_out_of_stock":null,"is_preorder":false,"is_preorderable":null,"is_promotional":null,"is_replenishable":true,"is_search_suppressed":null,"is_searchable":true,"is_shaded":null,"is_sized":null,"is_sold_out":null,"is_under_weight_hazmat":false,"is_vto_enabled":null,"life_of_product":"Basic Reorder","material_code":"6F4C010001","media":{"large":[{"alt":"Lip Brush Dudak Fırçası","height":1200,"position":0,"src":"/media/export/cms/products/1200x1500/cl_sku_6F4C01_1200x1500_0.png","type":"image","width":1500}],"medium":[{"alt":"Lip Brush Dudak Fırçası","height":600,"position":1,"src":"/media/export/cms/products/600x750/cl_sku_6F4C01_600x750_0.png","type":"image","width":750}],"model":null,"poster":null,"small":[{"alt":"Lip Brush Dudak Fırçası","height":1200,"position":2,"src":"/media/export/cms/products/1200x1500/cl_sku_6F4C01_1200x1500_0.png","type":"image","width":1500}],"smoosh":null,"xl":null},"out_of_stock_threshold":null,"perlgem":{"SKU_BASE_ID":13297},"preorder_date":null,"prices":[{"currency":"TRY","exclude_tax":{"original_price":139,"original_price_formatted":"139.00 TL","price":139,"price_formatted":"139.00 TL","price_per_unit":null,"price_per_unit_formatted":""},"include_tax":{"original_price":139,"original_price_formatted":"139.00 TL","price":139,"price_formatted":"139.00 TL","price_per_unit":null,"price_per_unit_formatted":""},"is_discounted":false}],"purchase_limit":null,"replenishment":{"message":"Never run low on your favourites. Sign up for Auto-Ship. Learn more >"},"reviews":{"average_rating":null,"number_of_questions":null,"number_of_reviews":null},"set_components":null,"shade_groups":null,"shades":null,"sizes":[{"key":1,"value":null}],"skin":{"tone":null,"type":null,"type_description":null},"sku_badge":null,"sku_badge_image":null,"sku_display_order":0,"sku_id":"6F4C01","sku_promo_messaging":null,"sku_type":"SE","sku_url":null,"tags":{"total":5,"items":[{"id":"27174","key":"day7flashsale","value":"Day7FlashSale"},{"id":"12520","key":"çiçeklerin-gücü-serisi","value":"Çiçeklerin Gücü Serisi"},{"id":"1608","key":"tüm-firçalar","value":"TÜM FIRÇALAR"},{"id":"27172","key":"day5flashsale","value":"Day5FlashSale"},{"id":"27170","key":"day3flashsale","value":"Day3FlashSale"}]},"texture":null,"undertone":null,"unit_of_measure":null,"unit_size":null,"unit_size_formatted":null,"upc":"020714228088","vto":{"is_color_experience":null,"is_foundation_experience":null}}]},"sub_display_name":null,"sub_header":null,"tags":{"total":5,"items":[{"id":"27174","key":"day7flashsale","parent_tag_id":"1590","product_display_order":0,"value":"Day7FlashSale"},{"id":"12520","key":"çiçeklerin-gücü-serisi","parent_tag_id":"1608","product_display_order":5,"value":"Çiçeklerin Gücü Serisi"},{"id":"1608","key":"tüm-firçalar","parent_tag_id":"1592","product_display_order":130,"value":"TÜM FIRÇALAR"},{"id":"27172","key":"day5flashsale","parent_tag_id":"1590","product_display_order":115,"value":"Day5FlashSale"},{"id":"27170","key":"day3flashsale","parent_tag_id":"1590","product_display_order":0,"value":"Day3FlashSale"}]},"usage":[{"content":"<ul><li>Ruj veya dudak parlatıcıları ile kullanabilirsiniz.<br></li><li>Rengi uyguladıktan sonra dudak kenarlına kadar eşit olarak yayın. <br></li><li>Clinique Makyaj Fırçası Temizleyicisi ile temizleyin. <br></li></ul>","label":"PRODUCT USAGE","type":"product_usage"},{"content":null,"label":"HOW DOES IT WORK","type":"how_does_it_work"},{"content":null,"label":"WHO IT IS FOR","type":"who_it_is_for"},{"content":null,"label":"GREAT TO KNOW","type":"great_to_know"},{"content":null,"label":"WHAT_IT_DOES","type":"what_it_does"},{"content":"Dudaklarını profesyonelce renklendirmenin en kolay yolu. Kolay sürülebilen fırça ile ruju kolaylıkla eşit olarak uygulayabilirsiniz. Ruj daha uzun süre kalıcılığını korur. Clinique'in eşsiz anti-bakteriyel teknolojine sahiptir, hijyeniktir. <br>","label":"WHAT_IT_IS","type":"what_it_is"}],"objectID":"5988"},{"benefit":{"statement":null,"benefits":null},"brand":null,"collection":null,"coverage":null,"cross_sell":null,"default_category":{"id":"1605","key":"ruj"},"description":"İçten gelen fark.Bir renkten daha fazlası.Her sürüşte daha belirgin ve yumuşak dudaklar.Dudaklarınızı renklendirirken aynı zamanda bakım yapan rujlarımızla tanışın.3D inci çekirdek dudaklarınızı boyutlandırır ve kontur yapar. 12 farklı tonda yoğun renkli, nemlendirici ruj.4 renk online’a özel.Paraben içermez. Ftalat içermez. Parfümsüzdür.  Sadece mutlu bir cilt.","display_mode":null,"display_name":"Dramatically Different™ Dudak Belirginleştirici Ruj","display_status":7,"finish":null,"form":null,"formula_type":null,"fragrance_family":null,"indexable_keywords":null,"is_hazmat":false,"is_product_coming_soon":null,"is_product_displayable":true,"is_product_searchable":true,"is_product_shoppable":true,"is_product_sold_out":null,"is_product_temporarily_out_of_stock":null,"is_search_suppressed":null,"key_ingredient":null,"media":{"large":[{"alt":"Dramatically Different™ Dudak Belirginleştirici Ruj","height":1200,"position":0,"src":"/media/export/cms/products/1200x1500/cl_prod_60030_1200x1500_0.png","type":"image","width":1500},{"alt":"Dramatically Different™ Dudak Belirginleştirici Ruj","height":1200,"position":1,"src":"/media/export/cms/products/1200x1500/cl_prod_60030_1200x1500_1.png","type":"image","width":1500}],"medium":null,"poster":null,"small":[{"alt":"Dramatically Different™ Dudak Belirginleştirici Ruj","height":1200,"position":2,"src":"/media/export/cms/products/1200x1500/cl_prod_60030_1200x1500_0.png","type":"image","width":1500},{"alt":"Dramatically Different™ Dudak Belirginleştirici Ruj","height":1200,"position":3,"src":"/media/export/cms/products/1200x1500/cl_prod_60030_1200x1500_1.png","type":"image","width":1500}],"videos":[{"position":null,"poster":{"height":null,"src":null,"width":null},"provider":null,"src":null},{"position":null,"poster":{"height":null,"src":null,"width":null},"provider":null,"src":null},{"position":null,"poster":{"height":null,"src":null,"width":null},"provider":null,"src":null}],"xl":null},"meta":{"description":null,"keywords":null},"parent_category":[{"id":"1605","value":"RUJ"},{"id":"1592","value":"MAKYAJ"}],"product_badge":null,"product_id":"60030","product_title_tag":null,"product_type":"Shaded","product_url":"/product/1605/60030/makyaj/ruj/dramatically-differenttm-dudak-belirginlestirici-ruj","reviews":{"average_rating":null,"number_of_questions":null,"number_of_reviews":null},"shade_groups":null,"short_description":"İçten gelen fark.Bir renkten daha fazlası.Her sürüşte daha belirgin ve yumuşak dudaklar.","skin":null,"skin_goal":null,"skus":{"total":16,"items":[{"color_family":[{"key":"nude-color","value":"nude_color"}],"coverage_options":null,"cross_sell":null,"display_status":7,"finish":null,"finish_options":null,"fragrances":[{"family":null,"key":null,"value":null}],"iln_listing":null,"iln_version_number":null,"inventory_status":"Active","is_active":true,"is_coming_soon":null,"is_default_sku":false,"is_discountable":true,"is_displayable":null,"is_engravable":null,"is_fragrance":null,"is_giftable":null,"is_giftwrap":false,"is_inactive":null,"is_multi_shaded":null,"is_out_of_stock":null,"is_preorder":false,"is_preorderable":null,"is_promotional":null,"is_replenishable":false,"is_search_suppressed":null,"is_searchable":true,"is_shaded":null,"is_sized":null,"is_sold_out":null,"is_under_weight_hazmat":false,"is_vto_enabled":null,"life_of_product":"Basic Reorder","material_code":"K4XH110000","media":{"large":[{"alt":"Dramatically Different™ Dudak Belirginleştirici Ruj","height":1200,"position":1,"src":"/media/export/cms/products/1200x1500/cl_sku_K4XH11_1200x1500_0.png","type":"image","width":1500}],"medium":[{"alt":"Dramatically Different™ Dudak Belirginleştirici Ruj","height":600,"position":2,"src":"/media/export/cms/products/600x750/cl_sku_K4XH11_600x750_0.png","type":"image","width":750}],"model":null,"poster":null,"small":[{"alt":"Dramatically Different™ Dudak Belirginleştirici Ruj","height":1200,"position":3,"src":"/media/export/cms/products/1200x1500/cl_sku_K4XH11_1200x1500_0.png","type":"image","width":1500}],"smoosh":[{"alt":"Dramatically Different™ Dudak Belirginleştirici Ruj","height":1200,"position":0,"src":"/media/export/cms/products/1200x1500/swatches_v3/39_ns_ng.png","type":"image","width":1500}],"xl":null},"out_of_stock_threshold":null,"perlgem":{"SKU_BASE_ID":95659},"preorder_date":null,"prices":[{"currency":"TRY","exclude_tax":{"original_price":180,"original_price_formatted":"180.00 TL","price":180,"price_formatted":"180.00 TL","price_per_unit":null,"price_per_unit_formatted":""},"include_tax":{"original_price":180,"original_price_formatted":"180.00 TL","price":180,"price_formatted":"180.00 TL","price_per_unit":null,"price_per_unit_formatted":""},"is_discounted":false}],"purchase_limit":null,"replenishment":{"message":null},"reviews":{"average_rating":null,"number_of_questions":null,"number_of_reviews":null},"set_components":null,"shade_groups":null,"shades":[{"description":"","hex_val":"#B98183","image":{"height":null,"src":"","width":null},"name":"11 Sugared Maple","smoosh_design":{"group_id":null,"name":"39::none::none"}}],"sizes":[{"key":1,"value":"4g"}],"skin":{"tone":null,"type":null,"type_description":null},"sku_badge":null,"sku_badge_image":null,"sku_display_order":0,"sku_id":"K4XH11","sku_promo_messaging":null,"sku_type":"SE","sku_url":null,"tags":{"total":8,"items":[{"id":"25016","key":"top-sellers","value":"Top Sellers"},{"id":"27172","key":"day5flashsale","value":"Day5FlashSale"},{"id":"27171","key":"day4flashsale","value":"Day4FlashSale"},{"id":"1575","key":"en-çok-satanlar","value":"En Çok Satanlar"},{"id":"4323","key":"yeni̇-ürünler","value":"YENİ ÜRÜNLER"},{"id":"1592","key":"makyaj","value":"MAKYAJ"},{"id":"9427","key":"whatsnew","value":"what'snew"},{"id":"1605","key":"ruj","value":"RUJ"}]},"texture":null,"undertone":null,"unit_of_measure":null,"unit_size":null,"unit_size_formatted":null,"upc":"020714922351","vto":{"is_color_experience":null,"is_foundation_experience":null}},{"color_family":[{"key":"nude-color","value":"nude_color"}],"coverage_options":null,"cross_sell":null,"display_status":7,"finish":null,"finish_options":null,"fragrances":[{"family":null,"key":null,"value":null}],"iln_listing":null,"iln_version_number":null,"inventory_status":"Active","is_active":true,"is_coming_soon":null,"is_default_sku":false,"is_discountable":true,"is_displayable":null,"is_engravable":null,"is_fragrance":null,"is_giftable":null,"is_giftwrap":false,"is_inactive":null,"is_multi_shaded":null,"is_out_of_stock":null,"is_preorder":false,"is_preorderable":null,"is_promotional":null,"is_replenishable":false,"is_search_suppressed":null,"is_searchable":true,"is_shaded":null,"is_sized":null,"is_sold_out":null,"is_under_weight_hazmat":false,"is_vto_enabled":null,"life_of_product":"Basic Reorder","material_code":"K4XH150000","media":{"large":[{"alt":"Dramatically Different™ Dudak Belirginleştirici Ruj","height":1200,"position":1,"src":"/media/export/cms/products/1200x1500/cl_sku_K4XH15_1200x1500_0.png","type":"image","width":1500}],"medium":[{"alt":"Dramatically Different™ Dudak Belirginleştirici Ruj","height":600,"position":2,"src":"/media/export/cms/products/600x750/cl_sku_K4XH15_600x750_0.png","type":"image","width":750}],"model":null,"poster":null,"small":[{"alt":"Dramatically Different™ Dudak Belirginleştirici Ruj","height":1200,"position":3,"src":"/media/export/cms/products/1200x1500/cl_sku_K4XH15_1200x1500_0.png","type":"image","width":1500}],"smoosh":[{"alt":"Dramatically Different™ Dudak Belirginleştirici Ruj","height":1200,"position":0,"src":"/media/export/cms/products/1200x1500/swatches_v3/39_ns_ng.png","type":"image","width":1500}],"xl":null},"out_of_stock_threshold":null,"perlgem":{"SKU_BASE_ID":95663},"preorder_date":null,"prices":[{"currency":"TRY","exclude_tax":{"original_price":180,"original_price_formatted":"180.00 TL","price":180,"price_formatted":"180.00 TL","price_per_unit":null,"price_per_unit_formatted":""},"include_tax":{"original_price":180,"original_price_formatted":"180.00 TL","price":180,"price_formatted":"180.00 TL","price_per_unit":null,"price_per_unit_formatted":""},"is_discounted":false}],"purchase_limit":null,"replenishment":{"message":null},"reviews":{"average_rating":null,"number_of_questions":null,"number_of_reviews":null},"set_components":null,"shade_groups":null,"shades":[{"description":"","hex_val":"#B76B6C","image":{"height":null,"src":"","width":null},"name":"15 Sugarcoated","smoosh_design":{"group_id":null,"name":"39::none::none"}}],"sizes":[{"key":1,"value":"4g"}],"skin":{"tone":null,"type":null,"type_description":null},"sku_badge":null,"sku_badge_image":null,"sku_display_order":0,"sku_id":"K4XH15","sku_promo_messaging":null,"sku_type":"SE","sku_url":null,"tags":{"total":8,"items":[{"id":"25016","key":"top-sellers","value":"Top Sellers"},{"id":"27172","key":"day5flashsale","value":"Day5FlashSale"},{"id":"27171","key":"day4flashsale","value":"Day4FlashSale"},{"id":"1575","key":"en-çok-satanlar","value":"En Çok Satanlar"},{"id":"4323","key":"yeni̇-ürünler","value":"YENİ ÜRÜNLER"},{"id":"1592","key":"makyaj","value":"MAKYAJ"},{"id":"9427","key":"whatsnew","value":"what'snew"},{"id":"1605","key":"ruj","value":"RUJ"}]},"texture":null,"undertone":null,"unit_of_measure":null,"unit_size":null,"unit_size_formatted":null,"upc":"020714922399","vto":{"is_color_experience":null,"is_foundation_experience":null}},{"color_family":[{"key":"violet-color","value":"violet_color"}],"coverage_options":null,"cross_sell":null,"display_status":7,"finish":null,"finish_options":null,"fragrances":[{"family":null,"key":null,"value":null}],"iln_listing":null,"iln_version_number":null,"inventory_status":"Active","is_active":true,"is_coming_soon":null,"is_default_sku":false,"is_discountable":true,"is_displayable":null,"is_engravable":null,"is_fragrance":null,"is_giftable":null,"is_giftwrap":false,"is_inactive":null,"is_multi_shaded":null,"is_out_of_stock":null,"is_preorder":false,"is_preorderable":null,"is_promotional":null,"is_replenishable":false,"is_search_suppressed":null,"is_searchable":true,"is_shaded":null,"is_sized":null,"is_sold_out":null,"is_under_weight_hazmat":false,"is_vto_enabled":null,"life_of_product":"Basic Reorder","material_code":"K4XH450000","media":{"large":[{"alt":"Dramatically Different™ Dudak Belirginleştirici Ruj","height":1200,"position":1,"src":"/media/export/cms/products/1200x1500/cl_sku_K4XH45_1200x1500_0.png","type":"image","width":1500}],"medium":[{"alt":"Dramatically Different™ Dudak Belirginleştirici Ruj","height":600,"position":2,"src":"/media/export/cms/products/600x750/cl_sku_K4XH45_600x750_0.png","type":"image","width":750}],"model":null,"poster":null,"small":[{"alt":"Dramatically Different™ Dudak Belirginleştirici Ruj","height":1200,"position":3,"src":"/media/export/cms/products/1200x1500/cl_sku_K4XH45_1200x1500_0.png","type":"image","width":1500}],"smoosh":[{"alt":"Dramatically Different™ Dudak Belirginleştirici Ruj","height":1200,"position":0,"src":"/media/export/cms/products/1200x1500/swatches_v3/39_ns_ng.png","type":"image","width":1500}],"xl":null},"out_of_stock_threshold":null,"perlgem":{"SKU_BASE_ID":95695},"preorder_date":null,"prices":[{"currency":"TRY","exclude_tax":{"original_price":180,"original_price_formatted":"180.00 TL","price":180,"price_formatted":"180.00 TL","price_per_unit":null,"price_per_unit_formatted":""},"include_tax":{"original_price":180,"original_price_formatted":"180.00 TL","price":180,"price_formatted":"180.00 TL","price_per_unit":null,"price_per_unit_formatted":""},"is_discounted":false}],"purchase_limit":null,"replenishment":{"message":null},"reviews":{"average_rating":null,"number_of_questions":null,"number_of_reviews":null},"set_components":null,"shade_groups":null,"shades":[{"description":"","hex_val":"#B41E8E","image":{"height":null,"src":"","width":null},"name":"45 Strut","smoosh_design":{"group_id":null,"name":"39::none::none"}}],"sizes":[{"key":1,"value":"4g"}],"skin":{"tone":null,"type":null,"type_description":null},"sku_badge":null,"sku_badge_image":null,"sku_display_order":0,"sku_id":"K4XH45","sku_promo_messaging":null,"sku_type":"SE","sku_url":null,"tags":{"total":8,"items":[{"id":"25016","key":"top-sellers","value":"Top Sellers"},{"id":"27172","key":"day5flashsale","value":"Day5FlashSale"},{"id":"27171","key":"day4flashsale","value":"Day4FlashSale"},{"id":"1575","key":"en-çok-satanlar","value":"En Çok Satanlar"},{"id":"4323","key":"yeni̇-ürünler","value":"YENİ ÜRÜNLER"},{"id":"1592","key":"makyaj","value":"MAKYAJ"},{"id":"9427","key":"whatsnew","value":"what'snew"},{"id":"1605","key":"ruj","value":"RUJ"}]},"texture":null,"undertone":null,"unit_of_measure":null,"unit_size":null,"unit_size_formatted":null,"upc":"020714922696","vto":{"is_color_experience":null,"is_foundation_experience":null}},{"color_family":[{"key":"pink-color","value":"pink_color"}],"coverage_options":null,"cross_sell":null,"display_status":7,"finish":null,"finish_options":null,"fragrances":[{"family":null,"key":null,"value":null}],"iln_listing":null,"iln_version_number":null,"inventory_status":"Active","is_active":true,"is_coming_soon":null,"is_default_sku":false,"is_discountable":true,"is_displayable":null,"is_engravable":null,"is_fragrance":null,"is_giftable":null,"is_giftwrap":false,"is_inactive":null,"is_multi_shaded":null,"is_out_of_stock":null,"is_preorder":false,"is_preorderable":null,"is_promotional":null,"is_replenishable":false,"is_search_suppressed":null,"is_searchable":true,"is_shaded":null,"is_sized":null,"is_sold_out":null,"is_under_weight_hazmat":false,"is_vto_enabled":null,"life_of_product":"Basic Reorder","material_code":"K4XH350000","media":{"large":[{"alt":"Dramatically Different™ Dudak Belirginleştirici Ruj","height":1200,"position":1,"src":"/media/export/cms/products/1200x1500/cl_sku_K4XH35_1200x1500_0.png","type":"image","width":1500}],"medium":[{"alt":"Dramatically Different™ Dudak Belirginleştirici Ruj","height":600,"position":2,"src":"/media/export/cms/products/600x750/cl_sku_K4XH35_600x750_0.png","type":"image","width":750}],"model":null,"poster":null,"small":[{"alt":"Dramatically Different™ Dudak Belirginleştirici Ruj","height":1200,"position":3,"src":"/media/export/cms/products/1200x1500/cl_sku_K4XH35_1200x1500_0.png","type":"image","width":1500}],"smoosh":[{"alt":"Dramatically Different™ Dudak Belirginleştirici Ruj","height":1200,"position":0,"src":"/media/export/cms/products/1200x1500/swatches_v3/39_ns_ng.png","type":"image","width":1500}],"xl":null},"out_of_stock_threshold":null,"perlgem":{"SKU_BASE_ID":95685},"preorder_date":null,"prices":[{"currency":"TRY","exclude_tax":{"original_price":180,"original_price_formatted":"180.00 TL","price":180,"price_formatted":"180.00 TL","price_per_unit":null,"price_per_unit_formatted":""},"include_tax":{"original_price":180,"original_price_formatted":"180.00 TL","price":180,"price_formatted":"180.00 TL","price_per_unit":null,"price_per_unit_formatted":""},"is_discounted":false}],"purchase_limit":null,"replenishment":{"message":null},"reviews":{"average_rating":null,"number_of_questions":null,"number_of_reviews":null},"set_components":null,"shade_groups":null,"shades":[{"description":"","hex_val":"#C27F75","image":{"height":null,"src":"","width":null},"name":"35 Think Bronze","smoosh_design":{"group_id":null,"name":"39::none::none"}}],"sizes":[{"key":1,"value":"4g"}],"skin":{"tone":null,"type":null,"type_description":null},"sku_badge":null,"sku_badge_image":null,"sku_display_order":0,"sku_id":"K4XH35","sku_promo_messaging":null,"sku_type":"SE","sku_url":null,"tags":{"total":9,"items":[{"id":"25016","key":"top-sellers","value":"Top Sellers"},{"id":"27172","key":"day5flashsale","value":"Day5FlashSale"},{"id":"27171","key":"day4flashsale","value":"Day4FlashSale"},{"id":"1575","key":"en-çok-satanlar","value":"En Çok Satanlar"},{"id":"4323","key":"yeni̇-ürünler","value":"YENİ ÜRÜNLER"},{"id":"1592","key":"makyaj","value":"MAKYAJ"},{"id":"27174","key":"day7flashsale","value":"Day7FlashSale"},{"id":"9427","key":"whatsnew","value":"what'snew"},{"id":"1605","key":"ruj","value":"RUJ"}]},"texture":null,"undertone":null,"unit_of_measure":null,"unit_size":null,"unit_size_formatted":null,"upc":"020714922597","vto":{"is_color_experience":null,"is_foundation_experience":null}},{"color_family":[{"key":"nude-color","value":"nude_color"}],"coverage_options":null,"cross_sell":null,"display_status":7,"finish":null,"finish_options":null,"fragrances":[{"family":null,"key":null,"value":null}],"iln_listing":null,"iln_version_number":null,"inventory_status":"Active","is_active":true,"is_coming_soon":null,"is_default_sku":false,"is_discountable":true,"is_displayable":null,"is_engravable":null,"is_fragrance":null,"is_giftable":null,"is_giftwrap":false,"is_inactive":null,"is_multi_shaded":null,"is_out_of_stock":null,"is_preorder":false,"is_preorderable":null,"is_promotional":null,"is_replenishable":false,"is_search_suppressed":null,"is_searchable":true,"is_shaded":null,"is_sized":null,"is_sold_out":null,"is_under_weight_hazmat":false,"is_vto_enabled":null,"life_of_product":"Basic Reorder","material_code":"K4XH140000","media":{"large":[{"alt":"Dramatically Different™ Dudak Belirginleştirici Ruj","height":1200,"position":1,"src":"/media/export/cms/products/1200x1500/cl_sku_K4XH14_1200x1500_0.png","type":"image","width":1500}],"medium":[{"alt":"Dramatically Different™ Dudak Belirginleştirici Ruj","height":600,"position":2,"src":"/media/export/cms/products/600x750/cl_sku_K4XH14_600x750_0.png","type":"image","width":750}],"model":null,"poster":null,"small":[{"alt":"Dramatically Different™ Dudak Belirginleştirici Ruj","height":1200,"position":3,"src":"/media/export/cms/products/1200x1500/cl_sku_K4XH14_1200x1500_0.png","type":"image","width":1500}],"smoosh":[{"alt":"Dramatically Different™ Dudak Belirginleştirici Ruj","height":1200,"position":0,"src":"/media/export/cms/products/1200x1500/swatches_v3/39_ns_ng.png","type":"image","width":1500}],"xl":null},"out_of_stock_threshold":null,"perlgem":{"SKU_BASE_ID":95662},"preorder_date":null,"prices":[{"currency":"TRY","exclude_tax":{"original_price":180,"original_price_formatted":"180.00 TL","price":180,"price_formatted":"180.00 TL","price_per_unit":null,"price_per_unit_formatted":""},"include_tax":{"original_price":180,"original_price_formatted":"180.00 TL","price":180,"price_formatted":"180.00 TL","price_per_unit":null,"price_per_unit_formatted":""},"is_discounted":false}],"purchase_limit":null,"replenishment":{"message":null},"reviews":{"average_rating":null,"number_of_questions":null,"number_of_reviews":null},"set_components":null,"shade_groups":null,"shades":[{"description":"","hex_val":"#562023","image":{"height":null,"src":"","width":null},"name":"14 Semi Sweet","smoosh_design":{"group_id":null,"name":"39::none::none"}}],"sizes":[{"key":1,"value":"4g"}],"skin":{"tone":null,"type":null,"type_description":null},"sku_badge":null,"sku_badge_image":null,"sku_display_order":0,"sku_id":"K4XH14","sku_promo_messaging":null,"sku_type":"SE","sku_url":null,"tags":{"total":8,"items":[{"id":"25016","key":"top-sellers","value":"Top Sellers"},{"id":"1575","key":"en-çok-satanlar","value":"En Çok Satanlar"},{"id":"4323","key":"yeni̇-ürünler","value":"YENİ ÜRÜNLER"},{"id":"1592","key":"makyaj","value":"MAKYAJ"},{"id":"9427","key":"whatsnew","value":"what'snew"},{"id":"19288","key":"sale","value":"sale"},{"id":"1590","key":"i̇ndi̇ri̇mli̇-ürünler","value":"İNDİRİMLİ ÜRÜNLER"},{"id":"1605","key":"ruj","value":"RUJ"}]},"texture":null,"undertone":null,"unit_of_measure":null,"unit_size":null,"unit_size_formatted":null,"upc":"020714922382","vto":{"is_color_experience":null,"is_foundation_experience":null}},{"color_family":[{"key":"red-color","value":"red_color"}],"coverage_options":null,"cross_sell":null,"display_status":7,"finish":null,"finish_options":null,"fragrances":[{"family":null,"key":null,"value":null}],"iln_listing":null,"iln_version_number":null,"inventory_status":"Active","is_active":true,"is_coming_soon":null,"is_default_sku":false,"is_discountable":true,"is_displayable":null,"is_engravable":null,"is_fragrance":null,"is_giftable":null,"is_giftwrap":false,"is_inactive":null,"is_multi_shaded":null,"is_out_of_stock":null,"is_preorder":false,"is_preorderable":null,"is_promotional":null,"is_replenishable":false,"is_search_suppressed":null,"is_searchable":true,"is_shaded":null,"is_sized":null,"is_sold_out":null,"is_under_weight_hazmat":false,"is_vto_enabled":null,"life_of_product":"Basic Reorder","material_code":"K4XH230000","media":{"large":[{"alt":"Dramatically Different™ Dudak Belirginleştirici Ruj","height":1200,"position":1,"src":"/media/export/cms/products/1200x1500/cl_sku_K4XH23_1200x1500_0.png","type":"image","width":1500}],"medium":[{"alt":"Dramatically Different™ Dudak Belirginleştirici Ruj","height":600,"position":2,"src":"/media/export/cms/products/600x750/cl_sku_K4XH23_600x750_0.png","type":"image","width":750}],"model":null,"poster":null,"small":[{"alt":"Dramatically Different™ Dudak Belirginleştirici Ruj","height":1200,"position":3,"src":"/media/export/cms/products/1200x1500/cl_sku_K4XH23_1200x1500_0.png","type":"image","width":1500}],"smoosh":[{"alt":"Dramatically Different™ Dudak Belirginleştirici Ruj","height":1200,"position":0,"src":"/media/export/cms/products/1200x1500/swatches_v3/39_ns_ng.png","type":"image","width":1500}],"xl":null},"out_of_stock_threshold":null,"perlgem":{"SKU_BASE_ID":95671},"preorder_date":null,"prices":[{"currency":"TRY","exclude_tax":{"original_price":180,"original_price_formatted":"180.00 TL","price":180,"price_formatted":"180.00 TL","price_per_unit":null,"price_per_unit_formatted":""},"include_tax":{"original_price":180,"original_price_formatted":"180.00 TL","price":180,"price_formatted":"180.00 TL","price_per_unit":null,"price_per_unit_formatted":""},"is_discounted":false}],"purchase_limit":null,"replenishment":{"message":null},"reviews":{"average_rating":null,"number_of_questions":null,"number_of_reviews":null},"set_components":null,"shade_groups":null,"shades":[{"description":"","hex_val":"#CA585E","image":{"height":null,"src":"","width":null},"name":"23 All Heart","smoosh_design":{"group_id":null,"name":"39::none::none"}}],"sizes":[{"key":1,"value":"4g"}],"skin":{"tone":null,"type":null,"type_description":null},"sku_badge":null,"sku_badge_image":null,"sku_display_order":0,"sku_id":"K4XH23","sku_promo_messaging":null,"sku_type":"SE","sku_url":null,"tags":{"total":8,"items":[{"id":"25016","key":"top-sellers","value":"Top Sellers"},{"id":"27172","key":"day5flashsale","value":"Day5FlashSale"},{"id":"27171","key":"day4flashsale","value":"Day4FlashSale"},{"id":"1575","key":"en-çok-satanlar","value":"En Çok Satanlar"},{"id":"4323","key":"yeni̇-ürünler","value":"YENİ ÜRÜNLER"},{"id":"1592","key":"makyaj","value":"MAKYAJ"},{"id":"9427","key":"whatsnew","value":"what'snew"},{"id":"1605","key":"ruj","value":"RUJ"}]},"texture":null,"undertone":null,"unit_of_measure":null,"unit_size":null,"unit_size_formatted":null,"upc":"020714922474","vto":{"is_color_experience":null,"is_foundation_experience":null}},{"color_family":[{"key":"violet-color","value":"violet_color"}],"coverage_options":null,"cross_sell":null,"display_status":7,"finish":null,"finish_options":null,"fragrances":[{"family":null,"key":null,"value":null}],"iln_listing":null,"iln_version_number":null,"inventory_status":"Active","is_active":true,"is_coming_soon":null,"is_default_sku":false,"is_discountable":true,"is_displayable":null,"is_engravable":null,"is_fragrance":null,"is_giftable":null,"is_giftwrap":false,"is_inactive":null,"is_multi_shaded":null,"is_out_of_stock":null,"is_preorder":false,"is_preorderable":null,"is_promotional":null,"is_replenishable":false,"is_search_suppressed":null,"is_searchable":true,"is_shaded":null,"is_sized":null,"is_sold_out":null,"is_under_weight_hazmat":false,"is_vto_enabled":null,"life_of_product":"Basic Reorder","material_code":"K4XH440000","media":{"large":[{"alt":"Dramatically Different™ Dudak Belirginleştirici Ruj","height":1200,"position":1,"src":"/media/export/cms/products/1200x1500/cl_sku_K4XH44_1200x1500_0.png","type":"image","width":1500}],"medium":[{"alt":"Dramatically Different™ Dudak Belirginleştirici Ruj","height":600,"position":2,"src":"/media/export/cms/products/600x750/cl_sku_K4XH44_600x750_0.png","type":"image","width":750}],"model":null,"poster":null,"small":[{"alt":"Dramatically Different™ Dudak Belirginleştirici Ruj","height":1200,"position":3,"src":"/media/export/cms/products/1200x1500/cl_sku_K4XH44_1200x1500_0.png","type":"image","width":1500}],"smoosh":[{"alt":"Dramatically Different™ Dudak Belirginleştirici Ruj","height":1200,"position":0,"src":"/media/export/cms/products/1200x1500/swatches_v3/39_ns_ng.png","type":"image","width":1500}],"xl":null},"out_of_stock_threshold":null,"perlgem":{"SKU_BASE_ID":95694},"preorder_date":null,"prices":[{"currency":"TRY","exclude_tax":{"original_price":180,"original_price_formatted":"180.00 TL","price":180,"price_formatted":"180.00 TL","price_per_unit":null,"price_per_unit_formatted":""},"include_tax":{"original_price":180,"original_price_formatted":"180.00 TL","price":180,"price_formatted":"180.00 TL","price_per_unit":null,"price_per_unit_formatted":""},"is_discounted":false}],"purchase_limit":null,"replenishment":{"message":null},"reviews":{"average_rating":null,"number_of_questions":null,"number_of_reviews":null},"set_components":null,"shade_groups":null,"shades":[{"description":"","hex_val":"#C85D6A","image":{"height":null,"src":"","width":null},"name":"44 Raspberry Glace","smoosh_design":{"group_id":null,"name":"39::none::none"}}],"sizes":[{"key":1,"value":"4g"}],"skin":{"tone":null,"type":null,"type_description":null},"sku_badge":null,"sku_badge_image":null,"sku_display_order":0,"sku_id":"K4XH44","sku_promo_messaging":null,"sku_type":"SE","sku_url":null,"tags":{"total":8,"items":[{"id":"25016","key":"top-sellers","value":"Top Sellers"},{"id":"27172","key":"day5flashsale","value":"Day5FlashSale"},{"id":"27171","key":"day4flashsale","value":"Day4FlashSale"},{"id":"1575","key":"en-çok-satanlar","value":"En Çok Satanlar"},{"id":"4323","key":"yeni̇-ürünler","value":"YENİ ÜRÜNLER"},{"id":"1592","key":"makyaj","value":"MAKYAJ"},{"id":"9427","key":"whatsnew","value":"what'snew"},{"id":"1605","key":"ruj","value":"RUJ"}]},"texture":null,"undertone":null,"unit_of_measure":null,"unit_size":null,"unit_size_formatted":null,"upc":"020714922689","vto":{"is_color_experience":null,"is_foundation_experience":null}},{"color_family":[{"key":"nude-color","value":"nude_color"}],"coverage_options":null,"cross_sell":null,"display_status":7,"finish":null,"finish_options":null,"fragrances":[{"family":null,"key":null,"value":null}],"iln_listing":null,"iln_version_number":null,"inventory_status":"Active","is_active":true,"is_coming_soon":null,"is_default_sku":true,"is_discountable":true,"is_displayable":null,"is_engravable":null,"is_fragrance":null,"is_giftable":null,"is_giftwrap":false,"is_inactive":null,"is_multi_shaded":null,"is_out_of_stock":null,"is_preorder":false,"is_preorderable":null,"is_promotional":null,"is_replenishable":false,"is_search_suppressed":null,"is_searchable":true,"is_shaded":null,"is_sized":null,"is_sold_out":null,"is_under_weight_hazmat":false,"is_vto_enabled":null,"life_of_product":"Basic Reorder","material_code":"K4XH040000","media":{"large":[{"alt":"Dramatically Different™ Dudak Belirginleştirici Ruj","height":1200,"position":1,"src":"/media/export/cms/products/1200x1500/cl_sku_K4XH04_1200x1500_0.png","type":"image","width":1500}],"medium":[{"alt":"Dramatically Different™ Dudak Belirginleştirici Ruj","height":600,"position":2,"src":"/media/export/cms/products/600x750/cl_sku_K4XH04_600x750_0.png","type":"image","width":750},{"alt":"Dramatically Different™ Dudak Belirginleştirici Ruj","height":600,"position":3,"src":"/media/export/cms/products/600x750/cl_sku_K4XH04_600x750_1.png","type":"image","width":750}],"model":null,"poster":null,"small":[{"alt":"Dramatically Different™ Dudak Belirginleştirici Ruj","height":1200,"position":4,"src":"/media/export/cms/products/1200x1500/cl_sku_K4XH04_1200x1500_0.png","type":"image","width":1500}],"smoosh":[{"alt":"Dramatically Different™ Dudak Belirginleştirici Ruj","height":1200,"position":0,"src":"/media/export/cms/products/1200x1500/swatches_v3/39_ns_ng.png","type":"image","width":1500}],"xl":null},"out_of_stock_threshold":null,"perlgem":{"SKU_BASE_ID":95650},"preorder_date":null,"prices":[{"currency":"TRY","exclude_tax":{"original_price":180,"original_price_formatted":"180.00 TL","price":180,"price_formatted":"180.00 TL","price_per_unit":null,"price_per_unit_formatted":""},"include_tax":{"original_price":180,"original_price_formatted":"180.00 TL","price":180,"price_formatted":"180.00 TL","price_per_unit":null,"price_per_unit_formatted":""},"is_discounted":false}],"purchase_limit":null,"replenishment":{"message":null},"reviews":{"average_rating":null,"number_of_questions":null,"number_of_reviews":null},"set_components":null,"shade_groups":null,"shades":[{"description":"","hex_val":"#D58377","image":{"height":null,"src":"","width":null},"name":"04 Canoodle","smoosh_design":{"group_id":null,"name":"39::none::none"}}],"sizes":[{"key":1,"value":"4g"}],"skin":{"tone":null,"type":null,"type_description":null},"sku_badge":null,"sku_badge_image":null,"sku_display_order":0,"sku_id":"K4XH04","sku_promo_messaging":null,"sku_type":"SE","sku_url":null,"tags":{"total":11,"items":[{"id":"13770","key":"recommended-clinique-favourites","value":"Recommended Clinique Favourites"},{"id":"25016","key":"top-sellers","value":"Top Sellers"},{"id":"27172","key":"day5flashsale","value":"Day5FlashSale"},{"id":"27171","key":"day4flashsale","value":"Day4FlashSale"},{"id":"1575","key":"en-çok-satanlar","value":"En Çok Satanlar"},{"id":"17859","key":"çok-satanlar","value":"ÇOK SATANLAR"},{"id":"4323","key":"yeni̇-ürünler","value":"YENİ ÜRÜNLER"},{"id":"13562","key":"yeni̇-yil-makyaj","value":"YENİ YIL MAKYAJ"},{"id":"1592","key":"makyaj","value":"MAKYAJ"},{"id":"9427","key":"whatsnew","value":"what'snew"},{"id":"1605","key":"ruj","value":"RUJ"}]},"texture":null,"undertone":null,"unit_of_measure":null,"unit_size":null,"unit_size_formatted":null,"upc":"020714910914","vto":{"is_color_experience":null,"is_foundation_experience":null}},{"color_family":[{"key":"nude-color","value":"nude_color"}],"coverage_options":null,"cross_sell":null,"display_status":7,"finish":null,"finish_options":null,"fragrances":[{"family":null,"key":null,"value":null}],"iln_listing":null,"iln_version_number":null,"inventory_status":"Active","is_active":true,"is_coming_soon":null,"is_default_sku":false,"is_discountable":true,"is_displayable":null,"is_engravable":null,"is_fragrance":null,"is_giftable":null,"is_giftwrap":false,"is_inactive":null,"is_multi_shaded":null,"is_out_of_stock":null,"is_preorder":false,"is_preorderable":null,"is_promotional":null,"is_replenishable":false,"is_search_suppressed":null,"is_searchable":true,"is_shaded":null,"is_sized":null,"is_sold_out":null,"is_under_weight_hazmat":false,"is_vto_enabled":null,"life_of_product":"Basic Reorder","material_code":"K4XH080000","media":{"large":[{"alt":"Dramatically Different™ Dudak Belirginleştirici Ruj","height":1200,"position":1,"src":"/media/export/cms/products/1200x1500/cl_sku_K4XH08_1200x1500_0.png","type":"image","width":1500}],"medium":[{"alt":"Dramatically Different™ Dudak Belirginleştirici Ruj","height":600,"position":2,"src":"/media/export/cms/products/600x750/cl_sku_K4XH08_600x750_0.png","type":"image","width":750}],"model":null,"poster":null,"small":[{"alt":"Dramatically Different™ Dudak Belirginleştirici Ruj","height":1200,"position":3,"src":"/media/export/cms/products/1200x1500/cl_sku_K4XH08_1200x1500_0.png","type":"image","width":1500}],"smoosh":[{"alt":"Dramatically Different™ Dudak Belirginleştirici Ruj","height":1200,"position":0,"src":"/media/export/cms/products/1200x1500/swatches_v3/39_ns_ng.png","type":"image","width":1500}],"xl":null},"out_of_stock_threshold":null,"perlgem":{"SKU_BASE_ID":95654},"preorder_date":null,"prices":[{"currency":"TRY","exclude_tax":{"original_price":180,"original_price_formatted":"180.00 TL","price":180,"price_formatted":"180.00 TL","price_per_unit":null,"price_per_unit_formatted":""},"include_tax":{"original_price":180,"original_price_formatted":"180.00 TL","price":180,"price_formatted":"180.00 TL","price_per_unit":null,"price_per_unit_formatted":""},"is_discounted":false}],"purchase_limit":null,"replenishment":{"message":null},"reviews":{"average_rating":null,"number_of_questions":null,"number_of_reviews":null},"set_components":null,"shade_groups":null,"shades":[{"description":"","hex_val":"#954B44","image":{"height":null,"src":"","width":null},"name":"08 Intimately","smoosh_design":{"group_id":null,"name":"39::none::none"}}],"sizes":[{"key":1,"value":"4g"}],"skin":{"tone":null,"type":null,"type_description":null},"sku_badge":null,"sku_badge_image":null,"sku_display_order":0,"sku_id":"K4XH08","sku_promo_messaging":null,"sku_type":"SE","sku_url":null,"tags":{"total":8,"items":[{"id":"25016","key":"top-sellers","value":"Top Sellers"},{"id":"27172","key":"day5flashsale","value":"Day5FlashSale"},{"id":"27171","key":"day4flashsale","value":"Day4FlashSale"},{"id":"1575","key":"en-çok-satanlar","value":"En Çok Satanlar"},{"id":"4323","key":"yeni̇-ürünler","value":"YENİ ÜRÜNLER"},{"id":"1592","key":"makyaj","value":"MAKYAJ"},{"id":"9427","key":"whatsnew","value":"what'snew"},{"id":"1605","key":"ruj","value":"RUJ"}]},"texture":null,"undertone":null,"unit_of_measure":null,"unit_size":null,"unit_size_formatted":null,"upc":"020714922320","vto":{"is_color_experience":null,"is_foundation_experience":null}},{"color_family":[{"key":"red-color","value":"red_color"}],"coverage_options":null,"cross_sell":null,"display_status":7,"finish":null,"finish_options":null,"fragrances":[{"family":null,"key":null,"value":null}],"iln_listing":null,"iln_version_number":null,"inventory_status":"Active","is_active":true,"is_coming_soon":null,"is_default_sku":false,"is_discountable":true,"is_displayable":null,"is_engravable":null,"is_fragrance":null,"is_giftable":null,"is_giftwrap":false,"is_inactive":null,"is_multi_shaded":null,"is_out_of_stock":null,"is_preorder":false,"is_preorderable":null,"is_promotional":null,"is_replenishable":false,"is_search_suppressed":null,"is_searchable":true,"is_shaded":null,"is_sized":null,"is_sold_out":null,"is_under_weight_hazmat":false,"is_vto_enabled":null,"life_of_product":"Basic Reorder","material_code":"K4XH200000","media":{"large":[{"alt":"Dramatically Different™ Dudak Belirginleştirici Ruj","height":1200,"position":1,"src":"/media/export/cms/products/1200x1500/cl_sku_K4XH20_1200x1500_0.png","type":"image","width":1500}],"medium":[{"alt":"Dramatically Different™ Dudak Belirginleştirici Ruj","height":600,"position":2,"src":"/media/export/cms/products/600x750/cl_sku_K4XH20_600x750_0.png","type":"image","width":750}],"model":null,"poster":null,"small":[{"alt":"Dramatically Different™ Dudak Belirginleştirici Ruj","height":1200,"position":3,"src":"/media/export/cms/products/1200x1500/cl_sku_K4XH20_1200x1500_0.png","type":"image","width":1500}],"smoosh":[{"alt":"Dramatically Different™ Dudak Belirginleştirici Ruj","height":1200,"position":0,"src":"/media/export/cms/products/1200x1500/swatches_v3/39_ns_ng.png","type":"image","width":1500}],"xl":null},"out_of_stock_threshold":null,"perlgem":{"SKU_BASE_ID":95668},"preorder_date":null,"prices":[{"currency":"TRY","exclude_tax":{"original_price":180,"original_price_formatted":"180.00 TL","price":180,"price_formatted":"180.00 TL","price_per_unit":null,"price_per_unit_formatted":""},"include_tax":{"original_price":180,"original_price_formatted":"180.00 TL","price":180,"price_formatted":"180.00 TL","price_per_unit":null,"price_per_unit_formatted":""},"is_discounted":false}],"purchase_limit":null,"replenishment":{"message":null},"reviews":{"average_rating":null,"number_of_questions":null,"number_of_reviews":null},"set_components":null,"shade_groups":null,"shades":[{"description":"","hex_val":"#C4122F","image":{"height":null,"src":"","width":null},"name":"20 Red Alert","smoosh_design":{"group_id":null,"name":"39::none::none"}}],"sizes":[{"key":1,"value":"4g"}],"skin":{"tone":null,"type":null,"type_description":null},"sku_badge":null,"sku_badge_image":null,"sku_display_order":0,"sku_id":"K4XH20","sku_promo_messaging":null,"sku_type":"SE","sku_url":null,"tags":{"total":8,"items":[{"id":"25016","key":"top-sellers","value":"Top Sellers"},{"id":"27172","key":"day5flashsale","value":"Day5FlashSale"},{"id":"27171","key":"day4flashsale","value":"Day4FlashSale"},{"id":"1575","key":"en-çok-satanlar","value":"En Çok Satanlar"},{"id":"4323","key":"yeni̇-ürünler","value":"YENİ ÜRÜNLER"},{"id":"1592","key":"makyaj","value":"MAKYAJ"},{"id":"9427","key":"whatsnew","value":"what'snew"},{"id":"1605","key":"ruj","value":"RUJ"}]},"texture":null,"undertone":null,"unit_of_measure":null,"unit_size":null,"unit_size_formatted":null,"upc":"020714922443","vto":{"is_color_experience":null,"is_foundation_experience":null}},{"color_family":[{"key":"violet-color","value":"violet_color"}],"coverage_options":null,"cross_sell":null,"display_status":7,"finish":null,"finish_options":null,"fragrances":[{"family":null,"key":null,"value":null}],"iln_listing":null,"iln_version_number":null,"inventory_status":"Active","is_active":true,"is_coming_soon":null,"is_default_sku":false,"is_discountable":true,"is_displayable":null,"is_engravable":null,"is_fragrance":null,"is_giftable":null,"is_giftwrap":false,"is_inactive":null,"is_multi_shaded":null,"is_out_of_stock":null,"is_preorder":false,"is_preorderable":null,"is_promotional":null,"is_replenishable":false,"is_search_suppressed":null,"is_searchable":true,"is_shaded":null,"is_sized":null,"is_sold_out":null,"is_under_weight_hazmat":false,"is_vto_enabled":null,"life_of_product":"Basic Reorder","material_code":"K4XH490000","media":{"large":[{"alt":"Dramatically Different™ Dudak Belirginleştirici Ruj","height":1200,"position":1,"src":"/media/export/cms/products/1200x1500/cl_sku_K4XH49_1200x1500_0.png","type":"image","width":1500}],"medium":[{"alt":"Dramatically Different™ Dudak Belirginleştirici Ruj","height":600,"position":2,"src":"/media/export/cms/products/600x750/cl_sku_K4XH49_600x750_0.png","type":"image","width":750}],"model":null,"poster":null,"small":[{"alt":"Dramatically Different™ Dudak Belirginleştirici Ruj","height":1200,"position":3,"src":"/media/export/cms/products/1200x1500/cl_sku_K4XH49_1200x1500_0.png","type":"image","width":1500}],"smoosh":[{"alt":"Dramatically Different™ Dudak Belirginleştirici Ruj","height":1200,"position":0,"src":"/media/export/cms/products/1200x1500/swatches_v3/39_ns_ng.png","type":"image","width":1500}],"xl":null},"out_of_stock_threshold":null,"perlgem":{"SKU_BASE_ID":95699},"preorder_date":null,"prices":[{"currency":"TRY","exclude_tax":{"original_price":180,"original_price_formatted":"180.00 TL","price":180,"price_formatted":"180.00 TL","price_per_unit":null,"price_per_unit_formatted":""},"include_tax":{"original_price":180,"original_price_formatted":"180.00 TL","price":180,"price_formatted":"180.00 TL","price_per_unit":null,"price_per_unit_formatted":""},"is_discounted":false}],"purchase_limit":null,"replenishment":{"message":null},"reviews":{"average_rating":null,"number_of_questions":null,"number_of_reviews":null},"set_components":null,"shade_groups":null,"shades":[{"description":"","hex_val":"#975D44","image":{"height":null,"src":"","width":null},"name":"49 Surprise","smoosh_design":{"group_id":null,"name":"39::none::none"}}],"sizes":[{"key":1,"value":"4g"}],"skin":{"tone":null,"type":null,"type_description":null},"sku_badge":null,"sku_badge_image":null,"sku_display_order":0,"sku_id":"K4XH49","sku_promo_messaging":null,"sku_type":"SE","sku_url":null,"tags":{"total":9,"items":[{"id":"25016","key":"top-sellers","value":"Top Sellers"},{"id":"27172","key":"day5flashsale","value":"Day5FlashSale"},{"id":"27171","key":"day4flashsale","value":"Day4FlashSale"},{"id":"1575","key":"en-çok-satanlar","value":"En Çok Satanlar"},{"id":"4323","key":"yeni̇-ürünler","value":"YENİ ÜRÜNLER"},{"id":"1592","key":"makyaj","value":"MAKYAJ"},{"id":"27174","key":"day7flashsale","value":"Day7FlashSale"},{"id":"9427","key":"whatsnew","value":"what'snew"},{"id":"1605","key":"ruj","value":"RUJ"}]},"texture":null,"undertone":null,"unit_of_measure":null,"unit_size":null,"unit_size_formatted":null,"upc":"020714922733","vto":{"is_color_experience":null,"is_foundation_experience":null}},{"color_family":[{"key":"red-color","value":"red_color"}],"coverage_options":null,"cross_sell":null,"display_status":7,"finish":null,"finish_options":null,"fragrances":[{"family":null,"key":null,"value":null}],"iln_listing":null,"iln_version_number":null,"inventory_status":"Active","is_active":true,"is_coming_soon":null,"is_default_sku":false,"is_discountable":true,"is_displayable":null,"is_engravable":null,"is_fragrance":null,"is_giftable":null,"is_giftwrap":false,"is_inactive":null,"is_multi_shaded":null,"is_out_of_stock":null,"is_preorder":false,"is_preorderable":null,"is_promotional":null,"is_replenishable":false,"is_search_suppressed":null,"is_searchable":true,"is_shaded":null,"is_sized":null,"is_sold_out":null,"is_under_weight_hazmat":false,"is_vto_enabled":null,"life_of_product":"Basic Reorder","material_code":"K4XH170000","media":{"large":[{"alt":"Dramatically Different™ Dudak Belirginleştirici Ruj","height":1200,"position":1,"src":"/media/export/cms/products/1200x1500/cl_sku_K4XH17_1200x1500_0.png","type":"image","width":1500}],"medium":[{"alt":"Dramatically Different™ Dudak Belirginleştirici Ruj","height":600,"position":2,"src":"/media/export/cms/products/600x750/cl_sku_K4XH17_600x750_0.png","type":"image","width":750}],"model":null,"poster":null,"small":[{"alt":"Dramatically Different™ Dudak Belirginleştirici Ruj","height":1200,"position":3,"src":"/media/export/cms/products/1200x1500/cl_sku_K4XH17_1200x1500_0.png","type":"image","width":1500}],"smoosh":[{"alt":"Dramatically Different™ Dudak Belirginleştirici Ruj","height":1200,"position":0,"src":"/media/export/cms/products/1200x1500/swatches_v3/39_ns_ng.png","type":"image","width":1500}],"xl":null},"out_of_stock_threshold":null,"perlgem":{"SKU_BASE_ID":95665},"preorder_date":null,"prices":[{"currency":"TRY","exclude_tax":{"original_price":180,"original_price_formatted":"180.00 TL","price":180,"price_formatted":"180.00 TL","price_per_unit":null,"price_per_unit_formatted":""},"include_tax":{"original_price":180,"original_price_formatted":"180.00 TL","price":180,"price_formatted":"180.00 TL","price_per_unit":null,"price_per_unit_formatted":""},"is_discounted":false}],"purchase_limit":null,"replenishment":{"message":null},"reviews":{"average_rating":null,"number_of_questions":null,"number_of_reviews":null},"set_components":null,"shade_groups":null,"shades":[{"description":"","hex_val":"#CB6B6F","image":{"height":null,"src":"","width":null},"name":"17 Strawberry Ice","smoosh_design":{"group_id":null,"name":"39::none::none"}}],"sizes":[{"key":1,"value":"4g"}],"skin":{"tone":null,"type":null,"type_description":null},"sku_badge":null,"sku_badge_image":null,"sku_display_order":0,"sku_id":"K4XH17","sku_promo_messaging":null,"sku_type":"SE","sku_url":null,"tags":{"total":11,"items":[{"id":"25016","key":"top-sellers","value":"Top Sellers"},{"id":"27172","key":"day5flashsale","value":"Day5FlashSale"},{"id":"27171","key":"day4flashsale","value":"Day4FlashSale"},{"id":"1575","key":"en-çok-satanlar","value":"En Çok Satanlar"},{"id":"4323","key":"yeni̇-ürünler","value":"YENİ ÜRÜNLER"},{"id":"13562","key":"yeni̇-yil-makyaj","value":"YENİ YIL MAKYAJ"},{"id":"1592","key":"makyaj","value":"MAKYAJ"},{"id":"27174","key":"day7flashsale","value":"Day7FlashSale"},{"id":"9427","key":"whatsnew","value":"what'snew"},{"id":"19288","key":"sale","value":"sale"},{"id":"1605","key":"ruj","value":"RUJ"}]},"texture":null,"undertone":null,"unit_of_measure":null,"unit_size":null,"unit_size_formatted":null,"upc":"020714922412","vto":{"is_color_experience":null,"is_foundation_experience":null}},{"color_family":[{"key":"red-color","value":"red_color"}],"coverage_options":null,"cross_sell":null,"display_status":7,"finish":null,"finish_options":null,"fragrances":[{"family":null,"key":null,"value":null}],"iln_listing":null,"iln_version_number":null,"inventory_status":"Active","is_active":true,"is_coming_soon":null,"is_default_sku":false,"is_discountable":true,"is_displayable":null,"is_engravable":null,"is_fragrance":null,"is_giftable":null,"is_giftwrap":false,"is_inactive":null,"is_multi_shaded":null,"is_out_of_stock":null,"is_preorder":false,"is_preorderable":null,"is_promotional":null,"is_replenishable":false,"is_search_suppressed":null,"is_searchable":true,"is_shaded":null,"is_sized":null,"is_sold_out":null,"is_under_weight_hazmat":false,"is_vto_enabled":null,"life_of_product":"Basic Reorder","material_code":"K4XH160000","media":{"large":[{"alt":"Dramatically Different™ Dudak Belirginleştirici Ruj","height":1200,"position":1,"src":"/media/export/cms/products/1200x1500/cl_sku_K4XH16_1200x1500_0.png","type":"image","width":1500}],"medium":[{"alt":"Dramatically Different™ Dudak Belirginleştirici Ruj","height":600,"position":2,"src":"/media/export/cms/products/600x750/cl_sku_K4XH16_600x750_0.png","type":"image","width":750}],"model":null,"poster":null,"small":[{"alt":"Dramatically Different™ Dudak Belirginleştirici Ruj","height":1200,"position":3,"src":"/media/export/cms/products/1200x1500/cl_sku_K4XH16_1200x1500_0.png","type":"image","width":1500}],"smoosh":[{"alt":"Dramatically Different™ Dudak Belirginleştirici Ruj","height":1200,"position":0,"src":"/media/export/cms/products/1200x1500/swatches_v3/39_ns_ng.png","type":"image","width":1500}],"xl":null},"out_of_stock_threshold":null,"perlgem":{"SKU_BASE_ID":95664},"preorder_date":null,"prices":[{"currency":"TRY","exclude_tax":{"original_price":180,"original_price_formatted":"180.00 TL","price":180,"price_formatted":"180.00 TL","price_per_unit":null,"price_per_unit_formatted":""},"include_tax":{"original_price":180,"original_price_formatted":"180.00 TL","price":180,"price_formatted":"180.00 TL","price_per_unit":null,"price_per_unit_formatted":""},"is_discounted":false}],"purchase_limit":null,"replenishment":{"message":null},"reviews":{"average_rating":null,"number_of_questions":null,"number_of_reviews":null},"set_components":null,"shade_groups":null,"shades":[{"description":"","hex_val":"#E66B67","image":{"height":null,"src":"","width":null},"name":"16 Whimsy","smoosh_design":{"group_id":null,"name":"39::none::none"}}],"sizes":[{"key":1,"value":"4g"}],"skin":{"tone":null,"type":null,"type_description":null},"sku_badge":null,"sku_badge_image":null,"sku_display_order":0,"sku_id":"K4XH16","sku_promo_messaging":null,"sku_type":"SE","sku_url":null,"tags":{"total":9,"items":[{"id":"25016","key":"top-sellers","value":"Top Sellers"},{"id":"27172","key":"day5flashsale","value":"Day5FlashSale"},{"id":"27171","key":"day4flashsale","value":"Day4FlashSale"},{"id":"1575","key":"en-çok-satanlar","value":"En Çok Satanlar"},{"id":"4323","key":"yeni̇-ürünler","value":"YENİ ÜRÜNLER"},{"id":"13562","key":"yeni̇-yil-makyaj","value":"YENİ YIL MAKYAJ"},{"id":"1592","key":"makyaj","value":"MAKYAJ"},{"id":"9427","key":"whatsnew","value":"what'snew"},{"id":"1605","key":"ruj","value":"RUJ"}]},"texture":null,"undertone":null,"unit_of_measure":null,"unit_size":null,"unit_size_formatted":null,"upc":"020714922405","vto":{"is_color_experience":null,"is_foundation_experience":null}},{"color_family":[{"key":"violet-color","value":"violet_color"}],"coverage_options":null,"cross_sell":null,"display_status":7,"finish":null,"finish_options":null,"fragrances":[{"family":null,"key":null,"value":null}],"iln_listing":null,"iln_version_number":null,"inventory_status":"Active","is_active":true,"is_coming_soon":null,"is_default_sku":false,"is_discountable":true,"is_displayable":null,"is_engravable":null,"is_fragrance":null,"is_giftable":null,"is_giftwrap":false,"is_inactive":null,"is_multi_shaded":null,"is_out_of_stock":null,"is_preorder":false,"is_preorderable":null,"is_promotional":null,"is_replenishable":false,"is_search_suppressed":null,"is_searchable":true,"is_shaded":null,"is_sized":null,"is_sold_out":null,"is_under_weight_hazmat":false,"is_vto_enabled":null,"life_of_product":"Basic Reorder","material_code":"K4XH420000","media":{"large":[{"alt":"Dramatically Different™ Dudak Belirginleştirici Ruj","height":1200,"position":1,"src":"/media/export/cms/products/1200x1500/cl_sku_K4XH42_1200x1500_0.png","type":"image","width":1500}],"medium":[{"alt":"Dramatically Different™ Dudak Belirginleştirici Ruj","height":600,"position":2,"src":"/media/export/cms/products/600x750/cl_sku_K4XH42_600x750_0.png","type":"image","width":750}],"model":null,"poster":null,"small":[{"alt":"Dramatically Different™ Dudak Belirginleştirici Ruj","height":1200,"position":3,"src":"/media/export/cms/products/1200x1500/cl_sku_K4XH42_1200x1500_0.png","type":"image","width":1500}],"smoosh":[{"alt":"Dramatically Different™ Dudak Belirginleştirici Ruj","height":1200,"position":0,"src":"/media/export/cms/products/1200x1500/swatches_v3/39_ns_ng.png","type":"image","width":1500}],"xl":null},"out_of_stock_threshold":null,"perlgem":{"SKU_BASE_ID":95692},"preorder_date":null,"prices":[{"currency":"TRY","exclude_tax":{"original_price":180,"original_price_formatted":"180.00 TL","price":180,"price_formatted":"180.00 TL","price_per_unit":null,"price_per_unit_formatted":""},"include_tax":{"original_price":180,"original_price_formatted":"180.00 TL","price":180,"price_formatted":"180.00 TL","price_per_unit":null,"price_per_unit_formatted":""},"is_discounted":false}],"purchase_limit":null,"replenishment":{"message":null},"reviews":{"average_rating":null,"number_of_questions":null,"number_of_reviews":null},"set_components":null,"shade_groups":null,"shades":[{"description":"","hex_val":"#B6899C","image":{"height":null,"src":"","width":null},"name":"42 Silvery Moon","smoosh_design":{"group_id":null,"name":"39::none::none"}}],"sizes":[{"key":1,"value":"4g"}],"skin":{"tone":null,"type":null,"type_description":null},"sku_badge":null,"sku_badge_image":null,"sku_display_order":0,"sku_id":"K4XH42","sku_promo_messaging":null,"sku_type":"SE","sku_url":null,"tags":{"total":9,"items":[{"id":"25016","key":"top-sellers","value":"Top Sellers"},{"id":"27172","key":"day5flashsale","value":"Day5FlashSale"},{"id":"27171","key":"day4flashsale","value":"Day4FlashSale"},{"id":"1575","key":"en-çok-satanlar","value":"En Çok Satanlar"},{"id":"4323","key":"yeni̇-ürünler","value":"YENİ ÜRÜNLER"},{"id":"1592","key":"makyaj","value":"MAKYAJ"},{"id":"27174","key":"day7flashsale","value":"Day7FlashSale"},{"id":"9427","key":"whatsnew","value":"what'snew"},{"id":"1605","key":"ruj","value":"RUJ"}]},"texture":null,"undertone":null,"unit_of_measure":null,"unit_size":null,"unit_size_formatted":null,"upc":"020714922665","vto":{"is_color_experience":null,"is_foundation_experience":null}},{"color_family":[{"key":"pink-color","value":"pink_color"}],"coverage_options":null,"cross_sell":null,"display_status":7,"finish":null,"finish_options":null,"fragrances":[{"family":null,"key":null,"value":null}],"iln_listing":null,"iln_version_number":null,"inventory_status":"Active","is_active":true,"is_coming_soon":null,"is_default_sku":false,"is_discountable":true,"is_displayable":null,"is_engravable":null,"is_fragrance":null,"is_giftable":null,"is_giftwrap":false,"is_inactive":null,"is_multi_shaded":null,"is_out_of_stock":null,"is_preorder":false,"is_preorderable":null,"is_promotional":null,"is_replenishable":false,"is_search_suppressed":null,"is_searchable":true,"is_shaded":null,"is_sized":null,"is_sold_out":null,"is_under_weight_hazmat":false,"is_vto_enabled":null,"life_of_product":"Basic Reorder","material_code":"K4XH290000","media":{"large":[{"alt":"Dramatically Different™ Dudak Belirginleştirici Ruj","height":1200,"position":1,"src":"/media/export/cms/products/1200x1500/cl_sku_K4XH29_1200x1500_0.png","type":"image","width":1500}],"medium":[{"alt":"Dramatically Different™ Dudak Belirginleştirici Ruj","height":600,"position":2,"src":"/media/export/cms/products/600x750/cl_sku_K4XH29_600x750_0.png","type":"image","width":750}],"model":null,"poster":null,"small":[{"alt":"Dramatically Different™ Dudak Belirginleştirici Ruj","height":1200,"position":3,"src":"/media/export/cms/products/1200x1500/cl_sku_K4XH29_1200x1500_0.png","type":"image","width":1500}],"smoosh":[{"alt":"Dramatically Different™ Dudak Belirginleştirici Ruj","height":1200,"position":0,"src":"/media/export/cms/products/1200x1500/swatches_v3/39_ns_ng.png","type":"image","width":1500}],"xl":null},"out_of_stock_threshold":null,"perlgem":{"SKU_BASE_ID":95677},"preorder_date":null,"prices":[{"currency":"TRY","exclude_tax":{"original_price":180,"original_price_formatted":"180.00 TL","price":180,"price_formatted":"180.00 TL","price_per_unit":null,"price_per_unit_formatted":""},"include_tax":{"original_price":180,"original_price_formatted":"180.00 TL","price":180,"price_formatted":"180.00 TL","price_per_unit":null,"price_per_unit_formatted":""},"is_discounted":false}],"purchase_limit":null,"replenishment":{"message":null},"reviews":{"average_rating":null,"number_of_questions":null,"number_of_reviews":null},"set_components":null,"shade_groups":null,"shades":[{"description":"","hex_val":"#E77E87","image":{"height":null,"src":"","width":null},"name":"29 Glazed Berry","smoosh_design":{"group_id":null,"name":"39::none::none"}}],"sizes":[{"key":1,"value":"4g"}],"skin":{"tone":null,"type":null,"type_description":null},"sku_badge":null,"sku_badge_image":null,"sku_display_order":0,"sku_id":"K4XH29","sku_promo_messaging":null,"sku_type":"SE","sku_url":null,"tags":{"total":10,"items":[{"id":"25016","key":"top-sellers","value":"Top Sellers"},{"id":"27172","key":"day5flashsale","value":"Day5FlashSale"},{"id":"27171","key":"day4flashsale","value":"Day4FlashSale"},{"id":"1575","key":"en-çok-satanlar","value":"En Çok Satanlar"},{"id":"4323","key":"yeni̇-ürünler","value":"YENİ ÜRÜNLER"},{"id":"13562","key":"yeni̇-yil-makyaj","value":"YENİ YIL MAKYAJ"},{"id":"1592","key":"makyaj","value":"MAKYAJ"},{"id":"27174","key":"day7flashsale","value":"Day7FlashSale"},{"id":"9427","key":"whatsnew","value":"what'snew"},{"id":"1605","key":"ruj","value":"RUJ"}]},"texture":null,"undertone":null,"unit_of_measure":null,"unit_size":null,"unit_size_formatted":null,"upc":"020714922535","vto":{"is_color_experience":null,"is_foundation_experience":null}},{"color_family":[{"key":"pink-color","value":"pink_color"}],"coverage_options":null,"cross_sell":null,"display_status":7,"finish":null,"finish_options":null,"fragrances":[{"family":null,"key":null,"value":null}],"iln_listing":null,"iln_version_number":null,"inventory_status":"Active","is_active":true,"is_coming_soon":null,"is_default_sku":false,"is_discountable":true,"is_displayable":null,"is_engravable":null,"is_fragrance":null,"is_giftable":null,"is_giftwrap":false,"is_inactive":null,"is_multi_shaded":null,"is_out_of_stock":null,"is_preorder":false,"is_preorderable":null,"is_promotional":null,"is_replenishable":false,"is_search_suppressed":null,"is_searchable":true,"is_shaded":null,"is_sized":null,"is_sold_out":null,"is_under_weight_hazmat":false,"is_vto_enabled":null,"life_of_product":"Basic Reorder","material_code":"K4XH320000","media":{"large":[{"alt":"Dramatically Different™ Dudak Belirginleştirici Ruj","height":1200,"position":1,"src":"/media/export/cms/products/1200x1500/cl_sku_K4XH32_1200x1500_0.png","type":"image","width":1500}],"medium":[{"alt":"Dramatically Different™ Dudak Belirginleştirici Ruj","height":600,"position":2,"src":"/media/export/cms/products/600x750/cl_sku_K4XH32_600x750_0.png","type":"image","width":750}],"model":null,"poster":null,"small":[{"alt":"Dramatically Different™ Dudak Belirginleştirici Ruj","height":1200,"position":3,"src":"/media/export/cms/products/1200x1500/cl_sku_K4XH32_1200x1500_0.png","type":"image","width":1500}],"smoosh":[{"alt":"Dramatically Different™ Dudak Belirginleştirici Ruj","height":1200,"position":0,"src":"/media/export/cms/products/1200x1500/swatches_v3/39_ns_ng.png","type":"image","width":1500}],"xl":null},"out_of_stock_threshold":null,"perlgem":{"SKU_BASE_ID":95682},"preorder_date":null,"prices":[{"currency":"TRY","exclude_tax":{"original_price":180,"original_price_formatted":"180.00 TL","price":180,"price_formatted":"180.00 TL","price_per_unit":null,"price_per_unit_formatted":""},"include_tax":{"original_price":180,"original_price_formatted":"180.00 TL","price":180,"price_formatted":"180.00 TL","price_per_unit":null,"price_per_unit_formatted":""},"is_discounted":false}],"purchase_limit":null,"replenishment":{"message":null},"reviews":{"average_rating":null,"number_of_questions":null,"number_of_reviews":null},"set_components":null,"shade_groups":null,"shades":[{"description":"","hex_val":"#B7727C","image":{"height":null,"src":"","width":null},"name":"32 Wine & Dine","smoosh_design":{"group_id":null,"name":"39::none::none"}}],"sizes":[{"key":1,"value":"4g"}],"skin":{"tone":null,"type":null,"type_description":null},"sku_badge":null,"sku_badge_image":null,"sku_display_order":0,"sku_id":"K4XH32","sku_promo_messaging":null,"sku_type":"SE","sku_url":null,"tags":{"total":10,"items":[{"id":"25016","key":"top-sellers","value":"Top Sellers"},{"id":"27172","key":"day5flashsale","value":"Day5FlashSale"},{"id":"27171","key":"day4flashsale","value":"Day4FlashSale"},{"id":"1575","key":"en-çok-satanlar","value":"En Çok Satanlar"},{"id":"4323","key":"yeni̇-ürünler","value":"YENİ ÜRÜNLER"},{"id":"13562","key":"yeni̇-yil-makyaj","value":"YENİ YIL MAKYAJ"},{"id":"1592","key":"makyaj","value":"MAKYAJ"},{"id":"27174","key":"day7flashsale","value":"Day7FlashSale"},{"id":"9427","key":"whatsnew","value":"what'snew"},{"id":"1605","key":"ruj","value":"RUJ"}]},"texture":null,"undertone":null,"unit_of_measure":null,"unit_size":null,"unit_size_formatted":null,"upc":"020714922566","vto":{"is_color_experience":null,"is_foundation_experience":null}}]},"sub_display_name":null,"sub_header":null,"tags":{"total":14,"items":[{"id":"13770","key":"recommended-clinique-favourites","parent_tag_id":null,"product_display_order":5,"value":"Recommended Clinique Favourites"},{"id":"25016","key":"top-sellers","parent_tag_id":"4323","product_display_order":0,"value":"Top Sellers"},{"id":"27172","key":"day5flashsale","parent_tag_id":"1590","product_display_order":0,"value":"Day5FlashSale"},{"id":"27171","key":"day4flashsale","parent_tag_id":"1590","product_display_order":42,"value":"Day4FlashSale"},{"id":"1575","key":"en-çok-satanlar","parent_tag_id":null,"product_display_order":149,"value":"En Çok Satanlar"},{"id":"17859","key":"çok-satanlar","parent_tag_id":null,"product_display_order":72,"value":"ÇOK SATANLAR"},{"id":"4323","key":"yeni̇-ürünler","parent_tag_id":null,"product_display_order":30,"value":"YENİ ÜRÜNLER"},{"id":"13562","key":"yeni̇-yil-makyaj","parent_tag_id":"13561","product_display_order":0,"value":"YENİ YIL MAKYAJ"},{"id":"1592","key":"makyaj","parent_tag_id":null,"product_display_order":117,"value":"MAKYAJ"},{"id":"27174","key":"day7flashsale","parent_tag_id":"1590","product_display_order":0,"value":"Day7FlashSale"},{"id":"9427","key":"whatsnew","parent_tag_id":"9420","product_display_order":0,"value":"what'snew"},{"id":"19288","key":"sale","parent_tag_id":"1590","product_display_order":0,"value":"sale"},{"id":"1590","key":"i̇ndi̇ri̇mli̇-ürünler","parent_tag_id":null,"product_display_order":0,"value":"İNDİRİMLİ ÜRÜNLER"},{"id":"1605","key":"ruj","parent_tag_id":"1592","product_display_order":0,"value":"RUJ"}]},"usage":[{"content":null,"label":"PRODUCT USAGE","type":"product_usage"},{"content":null,"label":"HOW DOES IT WORK","type":"how_does_it_work"},{"content":"Tüm Cilt Tipleri (1,2,3,4)","label":"WHO IT IS FOR","type":"who_it_is_for"},{"content":null,"label":"GREAT TO KNOW","type":"great_to_know"},{"content":"Dramatically Different Ruj dudaklarınızı renklendirirken aynı zamanda bakım yapar.3D inci çekirdek dudaklarınızı boyutlandırır ve kontur yapar. 12 farklı tonda yoğun renkler.<br><br><b>Nasıl Kullanılır?</b><br>Temiz dudaklara uygulayın. Dudak kalemi ile daha iyi bir görünüm elde edebilirsiniz.","label":"WHAT_IT_DOES","type":"what_it_does"},{"content":"İçten gelen fark.Bir renkten daha fazlası.Her sürüşte daha belirgin ve yumuşak dudaklar.","label":"WHAT_IT_IS","type":"what_it_is"}],"objectID":"60030"},{"benefit":{"statement":null,"benefits":null},"brand":null,"collection":[{"key":"redness-solutions-collection","value":"redness_solutions_collection"}],"coverage":null,"cross_sell":[{"sku_id":"70JW01","sort_key":1},{"sku_id":"74TM01","sort_key":2},{"sku_id":"68A001","sort_key":3},{"sku_id":null,"sort_key":4},{"sku_id":"62A401","sort_key":5},{"sku_id":"6F3701","sort_key":6}],"default_category":{"id":"1687","key":"yüz-nemlendi̇ri̇ci̇"},"description":"<STYLE type=text/css>#results_table {WIDTH: 200px; MARGIN: 10px 0px 20px}#results_table TD.section {PADDING-BOTTOM: 0px; PADDING-TOP: 10px; PADDING-LEFT: 0px; PADDING-RIGHT: 0px}#results_table TD {BORDER-TOP-STYLE: none; BORDER-BOTTOM-STYLE: none; PADDING-BOTTOM: 2px; PADDING-TOP: 2px; BORDER-RIGHT-STYLE: none; PADDING-LEFT: 0px; BORDER-LEFT-STYLE: none; PADDING-RIGHT: 20px}UNKNOWN {PADDING-BOTTOM: 2px; TEXT-ALIGN: right; PADDING-TOP: 2px; PADDING-LEFT: 5px; PADDING-RIGHT: 5px}</STYLE>Geçici veya uzun süredir kızarıklık yaşayan her cilt tipi için uygundur.<BR><BR><B>Nedir?</B><BR>Ultra hassas, yağsız nemlendirici krem Redness Solutions Serisinin ikinci adımıdır. Cildi kısa sürede yatıştırmaya ve kızarıklıkların görünümünü azaltmaya yardımcı olur. Hassas ciltlerde çevresel faktörler nedeni ile oluşan kızarıklıkların azaltılması için serinin tamamını kullanın. <BR><BR><B>Ne Yapar?</B><BR> <BR><BR><B>Temel İçerik Maddeleri / Teknoloji </B><BR>Mikrobiyom Teknolojisi patentli laktobasil özü içerir. Bu rahatlatıcı probiyotik türevi, cilt bariyerinin güçlenmesine ve mikrobiyom dengesinin tekrar sağlanmasına yardımcı olarak tahriş hissinin azaltılmasına destek verir. <BR><BR><B>Redness Solutions Serimiz kızarıklıkların görünümünü azaltmaya yardımcı olur. </B><BR>TKızarıklık problemini kontrol altına almanın en önemli çözümü düzenli tahriş etmeyen bir rutin oluşturmaktır. Clinique’in Redness Solutions her ürünün bir amacı vardır:<A href=\"/product/1689/5800/skin-care/redness/redness-solutions-soothing-cleanser-with-probiotic-technology\"> cleanse</A>, soothe, <A href=\"/product/1689/6008/skin-care/redness/redness-solutions-daily-protective-base-broad-spectrum-spf-15\">protect</A>.","display_mode":null,"display_name":"Redness Kızarıklık Karşıtı Çözüm Serisi Günlük Rahatlatıcı Krem","display_status":7,"finish":null,"form":[{"key":"cream-form","value":"cream_form"}],"formula_type":null,"fragrance_family":null,"indexable_keywords":[{"value":"cx"},{"value":" rosacea"},{"value":" kızarıklık"},{"value":" losyon"},{"value":" tonik"},{"value":" roseacea"},{"value":" rosacia"}],"is_hazmat":false,"is_product_coming_soon":null,"is_product_displayable":true,"is_product_searchable":true,"is_product_shoppable":true,"is_product_sold_out":null,"is_product_temporarily_out_of_stock":null,"is_search_suppressed":null,"key_ingredient":null,"media":{"large":null,"medium":null,"poster":null,"small":null,"videos":[{"position":null,"poster":{"height":null,"src":null,"width":null},"provider":null,"src":null},{"position":null,"poster":{"height":null,"src":null,"width":null},"provider":null,"src":null},{"position":null,"poster":{"height":null,"src":null,"width":null},"provider":null,"src":null}],"xl":null},"meta":{"description":null,"keywords":"cx, rosacea, flare up, lotion, rosecea, roseacea, rosacia"},"parent_category":[{"id":"1687","value":"YÜZ NEMLENDİRİCİ"},{"id":"1667","value":"CİLT BAKIMI"}],"product_badge":null,"product_id":"6007","product_title_tag":null,"product_type":"Sized","product_url":"/product/1687/6007/cilt-bakimi/yuz-nemlendirici/redness-kzarklk-karst-cozum-serisi-gunluk-rahatlatc-krem","reviews":{"average_rating":3.5,"number_of_questions":null,"number_of_reviews":2},"shade_groups":null,"short_description":"Ultra hassas, yağsız kızarıklık karşıtı nemlendirici krem cildi kısa sürede yatıştırmaya ve kızarıklıkların görünümünü azaltmaya yardımcı olur.","skin":{"concern":[{"key":"red-concern","value":"red_concern"},{"key":"sensitive-concern","value":"sensitive_concern"}]},"skin_goal":null,"skus":{"total":1,"items":[{"color_family":null,"coverage_options":null,"cross_sell":null,"display_status":7,"finish":null,"finish_options":null,"fragrances":[{"family":null,"key":null,"value":null}],"iln_listing":null,"iln_version_number":null,"inventory_status":"Active","is_active":true,"is_coming_soon":null,"is_default_sku":false,"is_discountable":true,"is_displayable":null,"is_engravable":null,"is_fragrance":null,"is_giftable":null,"is_giftwrap":false,"is_inactive":null,"is_multi_shaded":null,"is_out_of_stock":null,"is_preorder":false,"is_preorderable":null,"is_promotional":null,"is_replenishable":true,"is_search_suppressed":null,"is_searchable":true,"is_shaded":null,"is_sized":null,"is_sold_out":null,"is_under_weight_hazmat":false,"is_vto_enabled":null,"life_of_product":"Basic Reorder","material_code":"6L4P010001","media":{"large":[{"alt":"Redness Kızarıklık Karşıtı Çözüm Serisi Günlük Rahatlatıcı Krem","height":1200,"position":0,"src":"/media/export/cms/products/1200x1500/cl_sku_6L4P01_1200x1500_0.png","type":"image","width":1500}],"medium":[{"alt":"Redness Kızarıklık Karşıtı Çözüm Serisi Günlük Rahatlatıcı Krem","height":600,"position":1,"src":"/media/export/cms/products/600x750/cl_sku_6L4P01_600x750_0.png","type":"image","width":750}],"model":null,"poster":null,"small":[{"alt":"Redness Kızarıklık Karşıtı Çözüm Serisi Günlük Rahatlatıcı Krem","height":1200,"position":2,"src":"/media/export/cms/products/1200x1500/cl_sku_6L4P01_1200x1500_0.png","type":"image","width":1500}],"smoosh":null,"xl":null},"out_of_stock_threshold":null,"perlgem":{"SKU_BASE_ID":13922},"preorder_date":null,"prices":[{"currency":"TRY","exclude_tax":{"original_price":460,"original_price_formatted":"460.00 TL","price":460,"price_formatted":"460.00 TL","price_per_unit":null,"price_per_unit_formatted":""},"include_tax":{"original_price":460,"original_price_formatted":"460.00 TL","price":460,"price_formatted":"460.00 TL","price_per_unit":null,"price_per_unit_formatted":""},"is_discounted":false}],"purchase_limit":null,"replenishment":{"message":"Recommended Auto-Ship cycle: 6 weeks  Learn more >"},"reviews":{"average_rating":null,"number_of_questions":null,"number_of_reviews":null},"set_components":null,"shade_groups":null,"shades":null,"sizes":[{"key":1,"value":"50 ml"}],"skin":{"tone":null,"type":[{"key":"very-dry-skintype","value":"very_dry_skintype"}],"type_description":null},"sku_badge":null,"sku_badge_image":null,"sku_display_order":0,"sku_id":"6L4P01","sku_promo_messaging":null,"sku_type":"SE","sku_url":null,"tags":{"total":12,"items":[{"id":"25016","key":"top-sellers","value":"Top Sellers"},{"id":"25565","key":"justarrivednew","value":"justarrivednew"},{"id":"1689","key":"kızarıklık","value":"Kızarıklık"},{"id":"10589","key":"offers-lp","value":"Offers LP"},{"id":"1575","key":"en-çok-satanlar","value":"En Çok Satanlar"},{"id":"1667","key":"ci̇lt-bakimi","value":"CİLT BAKIMI"},{"id":"1692","key":"bakım","value":"Bakım"},{"id":"13051","key":"skin-care-best-sellers","value":"Skin Care Best Sellers"},{"id":"13563","key":"yeni̇-yil-ci̇lt-bakimi","value":"YENİ YIL CİLT BAKIMI"},{"id":"1687","key":"yüz-nemlendi̇ri̇ci̇","value":"YÜZ NEMLENDİRİCİ"},{"id":"1691","key":"koruma","value":"Koruma"},{"id":"12517","key":"yağsiz-ci̇lt-bakim-ürünleri̇","value":"YAĞSIZ CİLT BAKIM ÜRÜNLERİ"}]},"texture":null,"undertone":null,"unit_of_measure":null,"unit_size":null,"unit_size_formatted":null,"upc":"020714297923","vto":{"is_color_experience":null,"is_foundation_experience":null}}]},"sub_display_name":null,"sub_header":null,"tags":{"total":12,"items":[{"id":"25016","key":"top-sellers","parent_tag_id":"4323","product_display_order":0,"value":"Top Sellers"},{"id":"25565","key":"justarrivednew","parent_tag_id":null,"product_display_order":1,"value":"justarrivednew"},{"id":"1689","key":"kızarıklık","parent_tag_id":"1667","product_display_order":0,"value":"Kızarıklık"},{"id":"10589","key":"offers-lp","parent_tag_id":null,"product_display_order":1,"value":"Offers LP"},{"id":"1575","key":"en-çok-satanlar","parent_tag_id":null,"product_display_order":117,"value":"En Çok Satanlar"},{"id":"1667","key":"ci̇lt-bakimi","parent_tag_id":null,"product_display_order":31,"value":"CİLT BAKIMI"},{"id":"1692","key":"bakım","parent_tag_id":"1689","product_display_order":5,"value":"Bakım"},{"id":"13051","key":"skin-care-best-sellers","parent_tag_id":"1667","product_display_order":0,"value":"Skin Care Best Sellers"},{"id":"13563","key":"yeni̇-yil-ci̇lt-bakimi","parent_tag_id":"13561","product_display_order":0,"value":"YENİ YIL CİLT BAKIMI"},{"id":"1687","key":"yüz-nemlendi̇ri̇ci̇","parent_tag_id":"1667","product_display_order":154,"value":"YÜZ NEMLENDİRİCİ"},{"id":"1691","key":"koruma","parent_tag_id":"1689","product_display_order":0,"value":"Koruma"},{"id":"12517","key":"yağsiz-ci̇lt-bakim-ürünleri̇","parent_tag_id":"1667","product_display_order":23,"value":"YAĞSIZ CİLT BAKIM ÜRÜNLERİ"}]},"usage":[{"content":"<ul><li>Sabah ve akşam olmak üzere günde iki kere uygulayın.</li><li>Makyajdan arınmış temiz cilde uygulayın ve göz çevresine uygulamaktan kaçının.</li></ul>TIPS:<br><ul><li>Kızarıklık çözümü için <A href=\"http://www.clinique.com/product/1690/5800/Skincare/Redness/Cleanse/Redness-Solutions-Soothing-Cleanser/index.tmpl\">rahatlatıcı kızarıklık karşıtı temizleyici ile cildinizi arındırın</a></li><li>Her gün güneş koruması kullanmaya özen gösterin, kızarıklığa yatkın cilt güneşe karşı da hassasiyet gösterebilir. Hassas formülümüzü keşfedin: <a href=\"http://www.clinique.com/product/1691/6008/Skincare/Redness/Protect/Redness-Solutions-Daily-Protective-Base-SPF-15/index.tmpl\">Redness Solutions Daily Protective Base SPF 15.</a></li></ul>","label":"PRODUCT USAGE","type":"product_usage"},{"content":null,"label":"HOW DOES IT WORK","type":"how_does_it_work"},{"content":"Tüm Cilt Tipleri (1,2,3,4) kalıcı veya geçici kızarıklık içeren","label":"WHO IT IS FOR","type":"who_it_is_for"},{"content":"Kızarıklık Çözümleri Rejimi ile görünür kızarıklıkta hemen bir iyileşme görün. <br> Kızarıklığı kontrol altına almanın en iyi yolu tutarlı, tahriş edici olmayan bir rutindir. Cildinizi koruyun.","label":"GREAT TO KNOW","type":"great_to_know"},{"content":"Kalıcı kızarıklık ve lekeleri yatıştırır. Zamanla, cildin rahatlığını artırmaya yardımcı olur, kılcal damarların görünümünü azaltmaya yardımcı olur.<br><br><b>Nasıl Kullanılır</b><br><ul><li>Gece ve gündüz olmak üzere günde 2 kere uygulayın.</li><li>Göz bölgesinden kaçınarak makyajsız cilde uygulayın.</li><li> Her gün güneş koruyucu kullanın - kızarıklığa eğilimli ciltler güneşe maruz kalmaya karşı daha duyarlı olabilir.</li></ul>","label":"WHAT_IT_DOES","type":"what_it_does"},{"content":"Ultra hassas, yağsız nemlendirici krem Redness Solutions Serisinin ikinci adımıdır.","label":"WHAT_IT_IS","type":"what_it_is"}],"objectID":"6007"},{"benefit":{"statement":null,"benefits":null},"brand":null,"collection":null,"coverage":null,"cross_sell":null,"default_category":{"id":"25564","key":"cliniqueids"},"description":null,"display_mode":null,"display_name":"Clinique iD Dramatically Different™ Nemlendirici Losyon+","display_status":7,"finish":null,"form":null,"formula_type":null,"fragrance_family":null,"indexable_keywords":null,"is_hazmat":false,"is_product_coming_soon":null,"is_product_displayable":true,"is_product_searchable":true,"is_product_shoppable":true,"is_product_sold_out":null,"is_product_temporarily_out_of_stock":null,"is_search_suppressed":null,"key_ingredient":null,"media":{"large":null,"medium":null,"poster":null,"small":null,"videos":[{"position":null,"poster":{"height":null,"src":null,"width":null},"provider":null,"src":null},{"position":null,"poster":{"height":null,"src":null,"width":null},"provider":null,"src":null},{"position":null,"poster":{"height":null,"src":null,"width":null},"provider":null,"src":null}],"xl":null},"meta":{"description":null,"keywords":null},"parent_category":[{"id":"25564","value":"cliniqueIds"}],"product_badge":null,"product_id":"60150","product_title_tag":null,"product_type":"Other","product_url":"/product/25564/60150/cliniqueids/clinique-id-dramatically-differenttm-nemlendirici-losyon","reviews":{"average_rating":null,"number_of_questions":null,"number_of_reviews":null},"shade_groups":null,"short_description":"8 saate kadar cildi güçlendirmeye yardımcı nemlendirme.","skin":null,"skin_goal":null,"skus":{"total":1,"items":[{"color_family":null,"coverage_options":null,"cross_sell":null,"display_status":7,"finish":null,"finish_options":null,"fragrances":[{"family":null,"key":null,"value":null}],"iln_listing":null,"iln_version_number":null,"inventory_status":"Active","is_active":true,"is_coming_soon":null,"is_default_sku":false,"is_discountable":true,"is_displayable":null,"is_engravable":null,"is_fragrance":null,"is_giftable":null,"is_giftwrap":false,"is_inactive":null,"is_multi_shaded":null,"is_out_of_stock":null,"is_preorder":false,"is_preorderable":null,"is_promotional":null,"is_replenishable":false,"is_search_suppressed":null,"is_searchable":true,"is_shaded":null,"is_sized":null,"is_sold_out":null,"is_under_weight_hazmat":false,"is_vto_enabled":null,"life_of_product":"Basic Reorder","material_code":"KALC010000","media":{"large":[{"alt":"Clinique iD Dramatically Different™ Nemlendirici Losyon+","height":1200,"position":0,"src":"/media/export/cms/products/1200x1500/cl_sku_KALC01_1200x1500_0.png","type":"image","width":1500}],"medium":[{"alt":"Clinique iD Dramatically Different™ Nemlendirici Losyon+","height":600,"position":1,"src":"/media/export/cms/products/600x750/cl_sku_KALC01_600x750_0.png","type":"image","width":750}],"model":null,"poster":null,"small":[{"alt":"Clinique iD Dramatically Different™ Nemlendirici Losyon+","height":1200,"position":2,"src":"/media/export/cms/products/1200x1500/cl_sku_KALC01_1200x1500_0.png","type":"image","width":1500}],"smoosh":null,"xl":null},"out_of_stock_threshold":null,"perlgem":{"SKU_BASE_ID":95762},"preorder_date":null,"prices":[{"currency":"TRY","exclude_tax":{"original_price":285,"original_price_formatted":"285.00 TL","price":285,"price_formatted":"285.00 TL","price_per_unit":null,"price_per_unit_formatted":""},"include_tax":{"original_price":285,"original_price_formatted":"285.00 TL","price":285,"price_formatted":"285.00 TL","price_per_unit":null,"price_per_unit_formatted":""},"is_discounted":false}],"purchase_limit":null,"replenishment":{"message":null},"reviews":{"average_rating":null,"number_of_questions":null,"number_of_reviews":null},"set_components":null,"shade_groups":null,"shades":null,"sizes":[{"key":1,"value":"115ml"}],"skin":{"tone":null,"type":null,"type_description":null},"sku_badge":null,"sku_badge_image":null,"sku_display_order":0,"sku_id":"KALC01","sku_promo_messaging":null,"sku_type":"SE","sku_url":null,"tags":{"total":2,"items":[{"id":"25564","key":"cliniqueids","value":"cliniqueIds"},{"id":"1590","key":"i̇ndi̇ri̇mli̇-ürünler","value":"İNDİRİMLİ ÜRÜNLER"}]},"texture":null,"undertone":null,"unit_of_measure":null,"unit_size":null,"unit_size_formatted":null,"upc":"020714949525","vto":{"is_color_experience":null,"is_foundation_experience":null}}]},"sub_display_name":null,"sub_header":null,"tags":{"total":2,"items":[{"id":"25564","key":"cliniqueids","parent_tag_id":null,"product_display_order":0,"value":"cliniqueIds"},{"id":"1590","key":"i̇ndi̇ri̇mli̇-ürünler","parent_tag_id":null,"product_display_order":0,"value":"İNDİRİMLİ ÜRÜNLER"}]},"usage":[{"content":null,"label":"PRODUCT USAGE","type":"product_usage"},{"content":null,"label":"HOW DOES IT WORK","type":"how_does_it_work"},{"content":null,"label":"WHO IT IS FOR","type":"who_it_is_for"},{"content":null,"label":"GREAT TO KNOW","type":"great_to_know"},{"content":null,"label":"WHAT_IT_DOES","type":"what_it_does"},{"content":null,"label":"WHAT_IT_IS","type":"what_it_is"}],"objectID":"60150"},{"benefit":{"statement":null,"benefits":null},"brand":null,"collection":null,"coverage":null,"cross_sell":null,"default_category":{"id":"25564","key":"cliniqueids"},"description":"24 saat boyunca onarıma yardımcı olur ve Cildi çevre kirliliğinin zararlı etkilerine karşı korur.&nbsp; Clean Shield Teknolojisi™ ile cildi nemlendirirken, zararlı partikülleri filtreler. Cildin nem bariyerini güçlendirirken, esnekliğini arttır. Eşsiz dokusu ile ciltte taze bir his bırakır ve cilde hızlıca nüfus eder.","display_mode":null,"display_name":"Clinique iD Dramatically Dramatically Different™ Yağsız Nemlendirici Jelly","display_status":7,"finish":null,"form":null,"formula_type":null,"fragrance_family":null,"indexable_keywords":null,"is_hazmat":false,"is_product_coming_soon":null,"is_product_displayable":true,"is_product_searchable":true,"is_product_shoppable":true,"is_product_sold_out":null,"is_product_temporarily_out_of_stock":null,"is_search_suppressed":null,"key_ingredient":null,"media":{"large":null,"medium":null,"poster":null,"small":null,"videos":[{"position":null,"poster":{"height":null,"src":null,"width":null},"provider":null,"src":null},{"position":null,"poster":{"height":null,"src":null,"width":null},"provider":null,"src":null},{"position":null,"poster":{"height":null,"src":null,"width":null},"provider":null,"src":null}],"xl":null},"meta":{"description":null,"keywords":null},"parent_category":[{"id":"25564","value":"cliniqueIds"}],"product_badge":null,"product_id":"60152","product_title_tag":null,"product_type":"Other","product_url":"/product/25564/60152/cliniqueids/clinique-id-dramatically-dramatically-differenttm-yagsz-nemlendirici-jelly","reviews":{"average_rating":null,"number_of_questions":null,"number_of_reviews":null},"shade_groups":null,"short_description":"24 saat boyunca onarmaya yardımcı ve çevre kirliğine karşı cildi koruyan nemlendirme.","skin":null,"skin_goal":null,"skus":{"total":1,"items":[{"color_family":null,"coverage_options":null,"cross_sell":null,"display_status":7,"finish":null,"finish_options":null,"fragrances":[{"family":null,"key":null,"value":null}],"iln_listing":null,"iln_version_number":null,"inventory_status":"Active","is_active":true,"is_coming_soon":null,"is_default_sku":false,"is_discountable":true,"is_displayable":null,"is_engravable":null,"is_fragrance":null,"is_giftable":null,"is_giftwrap":false,"is_inactive":null,"is_multi_shaded":null,"is_out_of_stock":null,"is_preorder":false,"is_preorderable":null,"is_promotional":null,"is_replenishable":false,"is_search_suppressed":null,"is_searchable":true,"is_shaded":null,"is_sized":null,"is_sold_out":null,"is_under_weight_hazmat":false,"is_vto_enabled":null,"life_of_product":"Basic Reorder","material_code":"KALF010000","media":{"large":[{"alt":"Clinique iD Dramatically Dramatically Different™ Yağsız Nemlendirici Jelly","height":1200,"position":0,"src":"/media/export/cms/products/1200x1500/cl_sku_KALF01_1200x1500_0.png","type":"image","width":1500}],"medium":[{"alt":"Clinique iD Dramatically Dramatically Different™ Yağsız Nemlendirici Jelly","height":600,"position":1,"src":"/media/export/cms/products/600x750/cl_sku_KALF01_600x750_0.png","type":"image","width":750}],"model":null,"poster":null,"small":[{"alt":"Clinique iD Dramatically Dramatically Different™ Yağsız Nemlendirici Jelly","height":1200,"position":2,"src":"/media/export/cms/products/1200x1500/cl_sku_KALF01_1200x1500_0.png","type":"image","width":1500}],"smoosh":null,"xl":null},"out_of_stock_threshold":null,"perlgem":{"SKU_BASE_ID":95764},"preorder_date":null,"prices":[{"currency":"TRY","exclude_tax":{"original_price":285,"original_price_formatted":"285.00 TL","price":285,"price_formatted":"285.00 TL","price_per_unit":null,"price_per_unit_formatted":""},"include_tax":{"original_price":285,"original_price_formatted":"285.00 TL","price":285,"price_formatted":"285.00 TL","price_per_unit":null,"price_per_unit_formatted":""},"is_discounted":false}],"purchase_limit":null,"replenishment":{"message":null},"reviews":{"average_rating":null,"number_of_questions":null,"number_of_reviews":null},"set_components":null,"shade_groups":null,"shades":null,"sizes":[{"key":1,"value":"115ml"}],"skin":{"tone":null,"type":null,"type_description":null},"sku_badge":null,"sku_badge_image":null,"sku_display_order":0,"sku_id":"KALF01","sku_promo_messaging":null,"sku_type":"SE","sku_url":null,"tags":{"total":2,"items":[{"id":"1590","key":"i̇ndi̇ri̇mli̇-ürünler","value":"İNDİRİMLİ ÜRÜNLER"},{"id":"25564","key":"cliniqueids","value":"cliniqueIds"}]},"texture":null,"undertone":null,"unit_of_measure":null,"unit_size":null,"unit_size_formatted":null,"upc":"020714949549","vto":{"is_color_experience":null,"is_foundation_experience":null}}]},"sub_display_name":null,"sub_header":null,"tags":{"total":2,"items":[{"id":"1590","key":"i̇ndi̇ri̇mli̇-ürünler","parent_tag_id":null,"product_display_order":0,"value":"İNDİRİMLİ ÜRÜNLER"},{"id":"25564","key":"cliniqueids","parent_tag_id":null,"product_display_order":0,"value":"cliniqueIds"}]},"usage":[{"content":null,"label":"PRODUCT USAGE","type":"product_usage"},{"content":null,"label":"HOW DOES IT WORK","type":"how_does_it_work"},{"content":null,"label":"WHO IT IS FOR","type":"who_it_is_for"},{"content":null,"label":"GREAT TO KNOW","type":"great_to_know"},{"content":null,"label":"WHAT_IT_DOES","type":"what_it_does"},{"content":"24 saat boyunca onarıma yardımcı olur ve Cildi çevre kirliliğinin zararlı etkilerine karşı korur.&nbsp; Clean Shield Teknolojisi™ ile cildi nemlendirirken, zararlı partikülleri filtreler. Cildin nem bariyerini güçlendirirken, esnekliğini arttır. Eşsiz dokusu ile ciltte taze bir his bırakır ve cilde hızlıca nüfus eder.","label":"WHAT_IT_IS","type":"what_it_is"}],"objectID":"60152"},{"benefit":{"statement":null,"benefits":null},"brand":null,"collection":[{"key":"dramatically-dif-collection","value":"dramatically_dif_collection"}],"coverage":null,"cross_sell":null,"default_category":{"id":"25564","key":"cliniqueids"},"description":"<P>Konsantre aktif madde içeren kartuş, gözenek görünümünü azaltmaya ve cilt dokusunu pürüzsüzleştirmeye yardımcı olur. Düzenli kullanımda, cilt dokusunda gözle görülür bir şekilde gelişme sağlar. Üç nemlendirici bazdan birini seçin.&nbsp; </P><P>*CliniqueiD kişiselletirilebilir nemlendirici hiçbir kampanya ile birleştirilemez.</P>","display_mode":null,"display_name":"Clinique iD Aktif Kartuş Konsantresi - Pürüzlü ve Eşit Olmayan Cilt Görünümü","display_status":7,"finish":null,"form":[{"key":"gel-form","value":"gel_form"},{"key":"lotion-form","value":"lotion_form"},{"key":"watery-form","value":"watery_form"}],"formula_type":null,"fragrance_family":null,"indexable_keywords":null,"is_hazmat":false,"is_product_coming_soon":null,"is_product_displayable":true,"is_product_searchable":true,"is_product_shoppable":true,"is_product_sold_out":null,"is_product_temporarily_out_of_stock":null,"is_search_suppressed":null,"key_ingredient":null,"media":{"large":[{"alt":"Clinique iD Aktif Kartuş Konsantresi - Pürüzlü ve Eşit Olmayan Cilt Görünümü","height":1200,"position":0,"src":"/media/export/cms/products/1200x1500/cl_prod_60153_1200x1500_0.png","type":"image","width":1500},{"alt":"Clinique iD Aktif Kartuş Konsantresi - Pürüzlü ve Eşit Olmayan Cilt Görünümü","height":1200,"position":1,"src":"/media/export/cms/products/1200x1500/cl_prod_60153_1200x1500_1.png","type":"image","width":1500},{"alt":"Clinique iD Aktif Kartuş Konsantresi - Pürüzlü ve Eşit Olmayan Cilt Görünümü","height":1200,"position":2,"src":"/media/export/cms/products/1200x1500/cl_prod_60153_1200x1500_2.png","type":"image","width":1500},{"alt":"Clinique iD Aktif Kartuş Konsantresi - Pürüzlü ve Eşit Olmayan Cilt Görünümü","height":1200,"position":3,"src":"/media/export/cms/products/1200x1500/cl_prod_60153_1200x1500_3.png","type":"image","width":1500}],"medium":null,"poster":null,"small":[{"alt":"Clinique iD Aktif Kartuş Konsantresi - Pürüzlü ve Eşit Olmayan Cilt Görünümü","height":1200,"position":4,"src":"/media/export/cms/products/1200x1500/cl_prod_60153_1200x1500_0.png","type":"image","width":1500},{"alt":"Clinique iD Aktif Kartuş Konsantresi - Pürüzlü ve Eşit Olmayan Cilt Görünümü","height":1200,"position":5,"src":"/media/export/cms/products/1200x1500/cl_prod_60153_1200x1500_1.png","type":"image","width":1500},{"alt":"Clinique iD Aktif Kartuş Konsantresi - Pürüzlü ve Eşit Olmayan Cilt Görünümü","height":1200,"position":6,"src":"/media/export/cms/products/1200x1500/cl_prod_60153_1200x1500_2.png","type":"image","width":1500},{"alt":"Clinique iD Aktif Kartuş Konsantresi - Pürüzlü ve Eşit Olmayan Cilt Görünümü","height":1200,"position":7,"src":"/media/export/cms/products/1200x1500/cl_prod_60153_1200x1500_3.png","type":"image","width":1500}],"videos":[{"position":null,"poster":{"height":null,"src":null,"width":null},"provider":"YouTube","src":null},{"position":null,"poster":{"height":null,"src":null,"width":null},"provider":"YouTube","src":null},{"position":null,"poster":{"height":null,"src":null,"width":null},"provider":"YouTube","src":null}],"xl":null},"meta":{"description":null,"keywords":null},"parent_category":[{"id":"25564","value":"cliniqueIds"}],"product_badge":null,"product_id":"60153","product_title_tag":null,"product_type":"Other","product_url":"/product/25564/60153/cliniqueids/clinique-id-aktif-kartus-konsantresi--puruzlu-ve-esit-olmayan-cilt-gorunumu","reviews":{"average_rating":null,"number_of_questions":null,"number_of_reviews":null},"shade_groups":null,"short_description":"Devrim niteliğindeki endişeye göre kişisel nemlendirici","skin":{"concern":[{"key":"dullness-concern","value":"dullness_concern"}]},"skin_goal":null,"skus":{"total":1,"items":[{"color_family":null,"coverage_options":null,"cross_sell":null,"display_status":7,"finish":null,"finish_options":null,"fragrances":[{"family":null,"key":null,"value":null}],"iln_listing":null,"iln_version_number":null,"inventory_status":"Active","is_active":true,"is_coming_soon":null,"is_default_sku":true,"is_discountable":true,"is_displayable":null,"is_engravable":null,"is_fragrance":null,"is_giftable":null,"is_giftwrap":false,"is_inactive":null,"is_multi_shaded":null,"is_out_of_stock":null,"is_preorder":false,"is_preorderable":null,"is_promotional":null,"is_replenishable":false,"is_search_suppressed":null,"is_searchable":true,"is_shaded":null,"is_sized":null,"is_sold_out":null,"is_under_weight_hazmat":false,"is_vto_enabled":null,"life_of_product":"Basic Reorder","material_code":"KALG010000","media":{"large":[{"alt":"Clinique iD Aktif Kartuş Konsantresi - Pürüzlü ve Eşit Olmayan Cilt Görünümü","height":1200,"position":0,"src":"/media/export/cms/products/1200x1500/cl_sku_KALG01_1200x1500_0.png","type":"image","width":1500}],"medium":[{"alt":"Clinique iD Aktif Kartuş Konsantresi - Pürüzlü ve Eşit Olmayan Cilt Görünümü","height":600,"position":1,"src":"/media/export/cms/products/600x750/cl_sku_KALG01_600x750_0.png","type":"image","width":750},{"alt":"Clinique iD Aktif Kartuş Konsantresi - Pürüzlü ve Eşit Olmayan Cilt Görünümü","height":600,"position":2,"src":"/media/export/cms/products/600x750/cl_sku_KALG01_600x750_1.png","type":"image","width":750}],"model":null,"poster":null,"small":[{"alt":"Clinique iD Aktif Kartuş Konsantresi - Pürüzlü ve Eşit Olmayan Cilt Görünümü","height":1200,"position":3,"src":"/media/export/cms/products/1200x1500/cl_sku_KALG01_1200x1500_0.png","type":"image","width":1500}],"smoosh":null,"xl":null},"out_of_stock_threshold":null,"perlgem":{"SKU_BASE_ID":95765},"preorder_date":null,"prices":[{"currency":"TRY","exclude_tax":{"original_price":100,"original_price_formatted":"100.00 TL","price":100,"price_formatted":"100.00 TL","price_per_unit":null,"price_per_unit_formatted":""},"include_tax":{"original_price":100,"original_price_formatted":"100.00 TL","price":100,"price_formatted":"100.00 TL","price_per_unit":null,"price_per_unit_formatted":""},"is_discounted":false}],"purchase_limit":null,"replenishment":{"message":null},"reviews":{"average_rating":null,"number_of_questions":null,"number_of_reviews":null},"set_components":null,"shade_groups":null,"shades":null,"sizes":[{"key":1,"value":"10ml"}],"skin":{"tone":null,"type":null,"type_description":null},"sku_badge":null,"sku_badge_image":null,"sku_display_order":0,"sku_id":"KALG01","sku_promo_messaging":null,"sku_type":"SE","sku_url":null,"tags":{"total":2,"items":[{"id":"25564","key":"cliniqueids","value":"cliniqueIds"},{"id":"1590","key":"i̇ndi̇ri̇mli̇-ürünler","value":"İNDİRİMLİ ÜRÜNLER"}]},"texture":null,"undertone":null,"unit_of_measure":null,"unit_size":null,"unit_size_formatted":null,"upc":"020714949556","vto":{"is_color_experience":null,"is_foundation_experience":null}}]},"sub_display_name":null,"sub_header":null,"tags":{"total":2,"items":[{"id":"25564","key":"cliniqueids","parent_tag_id":null,"product_display_order":0,"value":"cliniqueIds"},{"id":"1590","key":"i̇ndi̇ri̇mli̇-ürünler","parent_tag_id":null,"product_display_order":0,"value":"İNDİRİMLİ ÜRÜNLER"}]},"usage":[{"content":null,"label":"PRODUCT USAGE","type":"product_usage"},{"content":null,"label":"HOW DOES IT WORK","type":"how_does_it_work"},{"content":null,"label":"WHO IT IS FOR","type":"who_it_is_for"},{"content":null,"label":"GREAT TO KNOW","type":"great_to_know"},{"content":"3 nemlendirici bazdan birini seçin.*:<br><br><b>Dramatically Different Nemlendirici losyon+™</b><br>Kuru ve kuru karma ciltler için gün boyu güçlü nemlendirme sağlar.<br><br><b>Dramatically Different™ Nemlendirici Jel</b><br>Yağlı ve karma ciltler için yağsız formülüyle gün boyu güçlü nemlendirme sağlar.<br><br><b>Dramatically Different™ Jelly</b><br>Tüm cilt tipleri için gün boyu nem sağlar. Cildi çevre kirliliğine karşı korur.<br><br><i>* Nemlendirici bazınızda fazladan boşluk fark ettiniz mi? Bu, Aktif Kartuş Konsantresinin eklenmesi içindir. Her bir baz 115 ml'dir ve her bir Aktif Kartuş Konsantresi 10 ml'dir.</i><br><br><b>Nasıl Kullanılır?</b><br><ul><li>İlk kullanımda, Aktif Kartuş Konsantresini Nemlendirici bazınıza yerleştirin.<li>Günde iki kez, sabah ve akşam kullanın.</li><li>Yüzünüze ve boynunuza uygulayın.</li><li>Temizlenmiş cilt nemi daha iyi kabul eder,temiz cilde uygulayın.</li><li>En iyi sonuçlar için, bir temizleyici ve Arındırıcı Losyon kullandıktan sonra uygulayın.</li></ul>","label":"WHAT_IT_DOES","type":"what_it_does"},{"content":"<b>Ciltteki bozulma ve pürüzlerden kurtulmak mı istiyorsunuz? </b><br>Pürüzlü ve eşit olmayan cilt görünümü endişesi için geliştirilen konsantre aktif madde Alfa Hidroksi Asit içeren kartuş, gözenek görünümünü azaltmaya ve cilt dokusunu pürüzsüzleştirmeye yardımcı olur. Cildi ölü hücrelerden arındırır, daha canlı ve ışıltılı bir görünüm sağlar. Düzenli kullanımda, cilt dokusunda gözle görülür bir şekilde gelişme sağlar.Cilt tipinize uygun nemlendirici bazınızla birleştirirerek cilt endişenize uygun Clinique iD'nizi hazırlayın.","label":"WHAT_IT_IS","type":"what_it_is"}],"objectID":"60153"},{"benefit":{"statement":null,"benefits":null},"brand":null,"collection":[{"key":"dramatically-dif-collection","value":"dramatically_dif_collection"}],"coverage":null,"cross_sell":null,"default_category":{"id":"25564","key":"cliniqueids"},"description":"<P>Konsantre aktif madde içeren kartuş, cilde enerji vermeye ve canlandırmaya yardımcı olur. Düzenli kullanımda, yorgunluk görünümünü gözle görülür bir şekilde azaltır. Üç nemlendirici bazdan birini seçin.&nbsp;</P><P>*CliniqueiD kişiselleştirilebilir nemlendirici hiçbir kampanya ile birleştirilemez.</P>","display_mode":null,"display_name":"Clinique iD Aktif Kartuş Konsantresi - Yorgunluk","display_status":7,"finish":null,"form":[{"key":"gel-form","value":"gel_form"},{"key":"lotion-form","value":"lotion_form"},{"key":"watery-form","value":"watery_form"}],"formula_type":null,"fragrance_family":null,"indexable_keywords":null,"is_hazmat":false,"is_product_coming_soon":null,"is_product_displayable":true,"is_product_searchable":true,"is_product_shoppable":true,"is_product_sold_out":null,"is_product_temporarily_out_of_stock":null,"is_search_suppressed":null,"key_ingredient":null,"media":{"large":[{"alt":"Clinique iD Aktif Kartuş Konsantresi - Yorgunluk","height":1200,"position":0,"src":"/media/export/cms/products/1200x1500/cl_prod_60154_1200x1500_0.png","type":"image","width":1500},{"alt":"Clinique iD Aktif Kartuş Konsantresi - Yorgunluk","height":1200,"position":1,"src":"/media/export/cms/products/1200x1500/cl_prod_60154_1200x1500_1.png","type":"image","width":1500},{"alt":"Clinique iD Aktif Kartuş Konsantresi - Yorgunluk","height":1200,"position":2,"src":"/media/export/cms/products/1200x1500/cl_prod_60154_1200x1500_2.png","type":"image","width":1500},{"alt":"Clinique iD Aktif Kartuş Konsantresi - Yorgunluk","height":1200,"position":3,"src":"/media/export/cms/products/1200x1500/cl_prod_60154_1200x1500_3.png","type":"image","width":1500}],"medium":null,"poster":null,"small":[{"alt":"Clinique iD Aktif Kartuş Konsantresi - Yorgunluk","height":1200,"position":4,"src":"/media/export/cms/products/1200x1500/cl_prod_60154_1200x1500_0.png","type":"image","width":1500},{"alt":"Clinique iD Aktif Kartuş Konsantresi - Yorgunluk","height":1200,"position":5,"src":"/media/export/cms/products/1200x1500/cl_prod_60154_1200x1500_1.png","type":"image","width":1500},{"alt":"Clinique iD Aktif Kartuş Konsantresi - Yorgunluk","height":1200,"position":6,"src":"/media/export/cms/products/1200x1500/cl_prod_60154_1200x1500_2.png","type":"image","width":1500},{"alt":"Clinique iD Aktif Kartuş Konsantresi - Yorgunluk","height":1200,"position":7,"src":"/media/export/cms/products/1200x1500/cl_prod_60154_1200x1500_3.png","type":"image","width":1500}],"videos":[{"position":null,"poster":{"height":null,"src":null,"width":null},"provider":"YouTube","src":null},{"position":null,"poster":{"height":null,"src":null,"width":null},"provider":"YouTube","src":null},{"position":null,"poster":{"height":null,"src":null,"width":null},"provider":"YouTube","src":null}],"xl":null},"meta":{"description":null,"keywords":null},"parent_category":[{"id":"25564","value":"cliniqueIds"}],"product_badge":null,"product_id":"60154","product_title_tag":null,"product_type":"Other","product_url":"/product/25564/60154/cliniqueids/clinique-id-aktif-kartus-konsantresi--yorgunluk","reviews":{"average_rating":null,"number_of_questions":null,"number_of_reviews":null},"shade_groups":null,"short_description":"Devrim niteliğindeki endişeye göre kişisel nemlendirici","skin":{"concern":[{"key":"fatigue-concern","value":"fatigue_concern"}]},"skin_goal":null,"skus":{"total":1,"items":[{"color_family":null,"coverage_options":null,"cross_sell":null,"display_status":7,"finish":null,"finish_options":null,"fragrances":[{"family":null,"key":null,"value":null}],"iln_listing":null,"iln_version_number":null,"inventory_status":"Active","is_active":true,"is_coming_soon":null,"is_default_sku":true,"is_discountable":true,"is_displayable":null,"is_engravable":null,"is_fragrance":null,"is_giftable":null,"is_giftwrap":false,"is_inactive":null,"is_multi_shaded":null,"is_out_of_stock":null,"is_preorder":false,"is_preorderable":null,"is_promotional":null,"is_replenishable":false,"is_search_suppressed":null,"is_searchable":true,"is_shaded":null,"is_sized":null,"is_sold_out":null,"is_under_weight_hazmat":false,"is_vto_enabled":null,"life_of_product":"Basic Reorder","material_code":"KALH010000","media":{"large":[{"alt":"Clinique iD Aktif Kartuş Konsantresi - Yorgunluk","height":1200,"position":0,"src":"/media/export/cms/products/1200x1500/cl_sku_KALH01_1200x1500_0.png","type":"image","width":1500}],"medium":[{"alt":"Clinique iD Aktif Kartuş Konsantresi - Yorgunluk","height":600,"position":1,"src":"/media/export/cms/products/600x750/cl_sku_KALH01_600x750_0.png","type":"image","width":750},{"alt":"Clinique iD Aktif Kartuş Konsantresi - Yorgunluk","height":600,"position":2,"src":"/media/export/cms/products/600x750/cl_sku_KALH01_600x750_1.png","type":"image","width":750}],"model":null,"poster":null,"small":[{"alt":"Clinique iD Aktif Kartuş Konsantresi - Yorgunluk","height":1200,"position":3,"src":"/media/export/cms/products/1200x1500/cl_sku_KALH01_1200x1500_0.png","type":"image","width":1500}],"smoosh":null,"xl":null},"out_of_stock_threshold":null,"perlgem":{"SKU_BASE_ID":95766},"preorder_date":null,"prices":[{"currency":"TRY","exclude_tax":{"original_price":100,"original_price_formatted":"100.00 TL","price":100,"price_formatted":"100.00 TL","price_per_unit":null,"price_per_unit_formatted":""},"include_tax":{"original_price":100,"original_price_formatted":"100.00 TL","price":100,"price_formatted":"100.00 TL","price_per_unit":null,"price_per_unit_formatted":""},"is_discounted":false}],"purchase_limit":null,"replenishment":{"message":null},"reviews":{"average_rating":null,"number_of_questions":null,"number_of_reviews":null},"set_components":null,"shade_groups":null,"shades":null,"sizes":[{"key":1,"value":"10ml"}],"skin":{"tone":null,"type":null,"type_description":null},"sku_badge":null,"sku_badge_image":null,"sku_display_order":0,"sku_id":"KALH01","sku_promo_messaging":null,"sku_type":"SE","sku_url":null,"tags":{"total":3,"items":[{"id":"25565","key":"justarrivednew","value":"justarrivednew"},{"id":"1590","key":"i̇ndi̇ri̇mli̇-ürünler","value":"İNDİRİMLİ ÜRÜNLER"},{"id":"25564","key":"cliniqueids","value":"cliniqueIds"}]},"texture":null,"undertone":null,"unit_of_measure":null,"unit_size":null,"unit_size_formatted":null,"upc":"020714949563","vto":{"is_color_experience":null,"is_foundation_experience":null}}]},"sub_display_name":null,"sub_header":null,"tags":{"total":3,"items":[{"id":"25565","key":"justarrivednew","parent_tag_id":null,"product_display_order":0,"value":"justarrivednew"},{"id":"1590","key":"i̇ndi̇ri̇mli̇-ürünler","parent_tag_id":null,"product_display_order":0,"value":"İNDİRİMLİ ÜRÜNLER"},{"id":"25564","key":"cliniqueids","parent_tag_id":null,"product_display_order":0,"value":"cliniqueIds"}]},"usage":[{"content":null,"label":"PRODUCT USAGE","type":"product_usage"},{"content":null,"label":"HOW DOES IT WORK","type":"how_does_it_work"},{"content":null,"label":"WHO IT IS FOR","type":"who_it_is_for"},{"content":null,"label":"GREAT TO KNOW","type":"great_to_know"},{"content":"3 nemlendirici bazdan birini seçin.*:<br><br><b>Dramatically Different Nemlendirici losyon+™</b><br>Kuru ve kuru karma ciltler için gün boyu güçlü nemlendirme sağlar.<br><br><b>Dramatically Different™ Nemlendirici Jel</b><br>Yağlı ve karma ciltler için yağsız formülüyle gün boyu güçlü nemlendirme sağlar.<br><br><b>Dramatically Different™ Jelly</b><br>Tüm cilt tipleri için gün boyu nem sağlar. Cildi çevre kirliliğine karşı korur.<br><br><i>* Nemlendirici bazınızda fazladan boşluk fark ettiniz mi? Bu, Aktif Kartuş Konsantresinin eklenmesi içindir. Her bir baz 115 ml'dir ve her bir Aktif Kartuş Konsantresi 10 ml'dir.</i><br><br><b>Nasıl Kullanılır?</b><br><ul><li>İlk kullanımda, Aktif Kartuş Konsantresini Nemlendirici bazınıza yerleştirin.<li>Günde iki kez, sabah ve akşam kullanın.</li><li>Yüzünüze ve boynunuza uygulayın.</li><li>Temizlenmiş cilt nemi daha iyi kabul eder,temiz cilde uygulayın.</li><li>En iyi sonuçlar için, bir temizleyici ve Arındırıcı Losyon kullandıktan sonra uygulayın.</li></ul>","label":"WHAT_IT_DOES","type":"what_it_does"},{"content":"<b>Sabah uyandığınızda yorgun gözüken, donuk cilt endişeniz mi var?</b><br>Yorgunluk Endişesine Özel Aktif İçerikli kartuş cilde enerji ve ışıltılı bir görünüm veren Taurine ve aktif içerikler içerir. Kartuşun içindeki konsantre aktif içerikler cildinize enerji verirken, sağlıklı ışıltılı bir görünüm sağlar. Düzenli kullanımda yorgunluk belirtilerinde gözle görülür azalma sağlamaya yardımcıdır. Cilt tipinize uygun nemlendirici bazınızla birleştirirerek cilt endişenize uygun Clinique iD'nizi hazırlayın.","label":"WHAT_IT_IS","type":"what_it_is"}],"objectID":"60154"},{"benefit":null,"brand":null,"collection":[{"key":"dramatically-dif-collection","value":"dramatically_dif_collection"}],"coverage":null,"cross_sell":null,"default_category":{"id":"25564","key":"cliniqueids"},"description":"Konsantre aktif madde içeren kartuş, cilt tonunu eşitlemeye ve aydınlatmaya yardımcı olur. Düzenli kullanımda, cilt tonunu gözle görülür bir şekilde düzenler.","display_mode":null,"display_name":"Clinique iD Aktif Kartuş Konsantresi - Eşit Olmayan Cilt Tonu (Leke Endişesi)","display_status":7,"finish":null,"form":[{"key":"gel-form","value":"gel_form"},{"key":"lotion-form","value":"lotion_form"},{"key":"watery-form","value":"watery_form"}],"formula_type":null,"fragrance_family":null,"indexable_keywords":null,"is_hazmat":false,"is_product_coming_soon":null,"is_product_displayable":true,"is_product_searchable":true,"is_product_shoppable":true,"is_product_sold_out":null,"is_product_temporarily_out_of_stock":null,"is_search_suppressed":null,"key_ingredient":null,"media":{"large":[{"alt":"Clinique iD Aktif Kartuş Konsantresi - Eşit Olmayan Cilt Tonu (Leke Endişesi)","height":1200,"position":0,"src":"/media/export/cms/products/1200x1500/cl_prod_60155_1200x1500_0.png","type":"image","width":1500},{"alt":"Clinique iD Aktif Kartuş Konsantresi - Eşit Olmayan Cilt Tonu (Leke Endişesi)","height":1200,"position":1,"src":"/media/export/cms/products/1200x1500/cl_prod_60155_1200x1500_1.png","type":"image","width":1500},{"alt":"Clinique iD Aktif Kartuş Konsantresi - Eşit Olmayan Cilt Tonu (Leke Endişesi)","height":1200,"position":2,"src":"/media/export/cms/products/1200x1500/cl_prod_60155_1200x1500_2.png","type":"image","width":1500},{"alt":"Clinique iD Aktif Kartuş Konsantresi - Eşit Olmayan Cilt Tonu (Leke Endişesi)","height":1200,"position":3,"src":"/media/export/cms/products/1200x1500/cl_prod_60155_1200x1500_3.png","type":"image","width":1500}],"medium":null,"poster":null,"small":[{"alt":"Clinique iD Aktif Kartuş Konsantresi - Eşit Olmayan Cilt Tonu (Leke Endişesi)","height":1200,"position":4,"src":"/media/export/cms/products/1200x1500/cl_prod_60155_1200x1500_0.png","type":"image","width":1500},{"alt":"Clinique iD Aktif Kartuş Konsantresi - Eşit Olmayan Cilt Tonu (Leke Endişesi)","height":1200,"position":5,"src":"/media/export/cms/products/1200x1500/cl_prod_60155_1200x1500_1.png","type":"image","width":1500},{"alt":"Clinique iD Aktif Kartuş Konsantresi - Eşit Olmayan Cilt Tonu (Leke Endişesi)","height":1200,"position":6,"src":"/media/export/cms/products/1200x1500/cl_prod_60155_1200x1500_2.png","type":"image","width":1500},{"alt":"Clinique iD Aktif Kartuş Konsantresi - Eşit Olmayan Cilt Tonu (Leke Endişesi)","height":1200,"position":7,"src":"/media/export/cms/products/1200x1500/cl_prod_60155_1200x1500_3.png","type":"image","width":1500}],"videos":[{"position":null,"poster":{"height":null,"src":null,"width":null},"provider":"YouTube","src":null},{"position":null,"poster":{"height":null,"src":null,"width":null},"provider":"YouTube","src":null},{"position":null,"poster":{"height":null,"src":null,"width":null},"provider":"YouTube","src":null}],"xl":null},"meta":{"description":null,"keywords":null},"parent_category":[{"id":"25564","value":"cliniqueIds"}],"product_badge":null,"product_id":"60155","product_title_tag":null,"product_type":"Other","product_url":"/product/25564/60155/cliniqueids/clinique-id-aktif-kartus-konsantresi--esit-olmayan-cilt-tonu-leke-endisesi","reviews":{"average_rating":5,"number_of_questions":null,"number_of_reviews":1},"shade_groups":null,"short_description":"Devrim niteliğindeki endişeye göre kişisel nemlendirici","skin":{"concern":[{"key":"dark-spots-concern","value":"dark_spots_concern"}]},"skin_goal":null,"skus":{"total":1,"items":[{"color_family":null,"coverage_options":null,"cross_sell":null,"display_status":7,"finish":null,"finish_options":null,"fragrances":[{"family":null,"key":null,"value":null}],"iln_listing":null,"iln_version_number":null,"inventory_status":"Active","is_active":true,"is_coming_soon":null,"is_default_sku":true,"is_discountable":true,"is_displayable":null,"is_engravable":null,"is_fragrance":null,"is_giftable":null,"is_giftwrap":false,"is_inactive":null,"is_multi_shaded":null,"is_out_of_stock":null,"is_preorder":false,"is_preorderable":null,"is_promotional":null,"is_replenishable":false,"is_search_suppressed":null,"is_searchable":true,"is_shaded":null,"is_sized":null,"is_sold_out":null,"is_under_weight_hazmat":false,"is_vto_enabled":null,"life_of_product":"Basic Reorder","material_code":"KALJ010000","media":{"large":[{"alt":"Clinique iD Aktif Kartuş Konsantresi - Eşit Olmayan Cilt Tonu (Leke Endişesi)","height":1200,"position":0,"src":"/media/export/cms/products/1200x1500/cl_sku_KALJ01_1200x1500_0.png","type":"image","width":1500}],"medium":[{"alt":"Clinique iD Aktif Kartuş Konsantresi - Eşit Olmayan Cilt Tonu (Leke Endişesi)","height":600,"position":1,"src":"/media/export/cms/products/600x750/cl_sku_KALJ01_600x750_0.png","type":"image","width":750},{"alt":"Clinique iD Aktif Kartuş Konsantresi - Eşit Olmayan Cilt Tonu (Leke Endişesi)","height":600,"position":2,"src":"/media/export/cms/products/600x750/cl_sku_KALJ01_600x750_1.png","type":"image","width":750}],"model":null,"poster":null,"small":[{"alt":"Clinique iD Aktif Kartuş Konsantresi - Eşit Olmayan Cilt Tonu (Leke Endişesi)","height":1200,"position":3,"src":"/media/export/cms/products/1200x1500/cl_sku_KALJ01_1200x1500_0.png","type":"image","width":1500}],"smoosh":null,"xl":null},"out_of_stock_threshold":null,"perlgem":{"SKU_BASE_ID":95767},"preorder_date":null,"prices":[{"currency":"TRY","exclude_tax":{"original_price":100,"original_price_formatted":"100.00 TL","price":100,"price_formatted":"100.00 TL","price_per_unit":null,"price_per_unit_formatted":""},"include_tax":{"original_price":100,"original_price_formatted":"100.00 TL","price":100,"price_formatted":"100.00 TL","price_per_unit":null,"price_per_unit_formatted":""},"is_discounted":false}],"purchase_limit":null,"replenishment":{"message":null},"reviews":{"average_rating":null,"number_of_questions":null,"number_of_reviews":null},"set_components":null,"shade_groups":null,"shades":null,"sizes":[{"key":1,"value":"10ml"}],"skin":{"tone":null,"type":null,"type_description":null},"sku_badge":null,"sku_badge_image":null,"sku_display_order":0,"sku_id":"KALJ01","sku_promo_messaging":null,"sku_type":"SE","sku_url":null,"tags":{"total":1,"items":[{"id":"25564","key":"cliniqueids","value":"cliniqueIds"}]},"texture":null,"undertone":null,"unit_of_measure":null,"unit_size":null,"unit_size_formatted":null,"upc":"020714949570","vto":{"is_color_experience":null,"is_foundation_experience":null}}]},"sub_display_name":null,"sub_header":null,"tags":{"total":1,"items":[{"id":"25564","key":"cliniqueids","parent_tag_id":null,"product_display_order":0,"value":"cliniqueIds"}]},"usage":[{"content":null,"label":"PRODUCT USAGE","type":"product_usage"},{"content":null,"label":"HOW DOES IT WORK","type":"how_does_it_work"},{"content":null,"label":"WHO IT IS FOR","type":"who_it_is_for"},{"content":null,"label":"GREAT TO KNOW","type":"great_to_know"},{"content":"3 nemlendirici bazdan birini seçin.*:<br><br><b>Dramatically Different Nemlendirici losyon+™</b><br>Kuru ve kuru karma ciltler için gün boyu güçlü nemlendirme sağlar.<br><br><b>Dramatically Different™ Nemlendirici Jel</b><br>Yağlı ve karma ciltler için yağsız formülüyle gün boyu güçlü nemlendirme sağlar.<br><br><b>Dramatically Different™ Jelly</b><br>Tüm cilt tipleri için gün boyu nem sağlar. Cildi çevre kirliliğine karşı korur.<br><br><i>* Nemlendirici bazınızda fazladan boşluk fark ettiniz mi? Bu, Aktif Kartuş Konsantresinin eklenmesi içindir. Her bir baz 115 ml'dir ve her bir Aktif Kartuş Konsantresi 10 ml'dir.</i><br><br><b>Nasıl Kullanılır?</b><br><ul><li>İlk kullanımda, Aktif Kartuş Konsantresini Nemlendirici bazınıza yerleştirin.<li>Günde iki kez, sabah ve akşam kullanın.</li><li>Yüzünüze ve boynunuza uygulayın.</li><li>Temizlenmiş cilt nemi daha iyi kabul eder,temiz cilde uygulayın.</li><li>En iyi sonuçlar için, bir temizleyici ve Arındırıcı Losyon kullandıktan sonra uygulayın.</li></ul>","label":"WHAT_IT_DOES","type":"what_it_does"},{"content":"<b>Cilt lekeleriyle mücadele edip daha eşit bir cilt tonu mu istiyorsunuz?</b><br>Eşit olmayan cilt tonu (leke endişesi) için geliştirilen konsantre aktif madde Japon Angelica Kök Özütü içeren kartuş. Konsantre aktif madde içeren kartuş, cilt tonunu eşitlemeye ve aydınlatmaya yardımcı olur. Düzenli kullanımda, cilt tonunu gözle görülür bir şekilde düzenlemeye yardımcıdır. Cilt tipinize uygun nemlendirici bazınızla birleştirirerek cilt endişenize uygun Clinique iD'nizi hazırlayın.","label":"WHAT_IT_IS","type":"what_it_is"}],"objectID":"60155"},{"benefit":null,"brand":null,"collection":[{"key":"dramatically-dif-collection","value":"dramatically_dif_collection"}],"coverage":null,"cross_sell":null,"default_category":{"id":"25564","key":"cliniqueids"},"description":null,"display_mode":null,"display_name":"Clinique iD Aktif Kartuş Konsantresi - Çizgi ve Kırışıklıklar","display_status":7,"finish":null,"form":[{"key":"gel-form","value":"gel_form"},{"key":"lotion-form","value":"lotion_form"},{"key":"watery-form","value":"watery_form"}],"formula_type":null,"fragrance_family":null,"indexable_keywords":null,"is_hazmat":false,"is_product_coming_soon":null,"is_product_displayable":true,"is_product_searchable":true,"is_product_shoppable":true,"is_product_sold_out":null,"is_product_temporarily_out_of_stock":null,"is_search_suppressed":null,"key_ingredient":null,"media":{"large":[{"alt":"Clinique iD Aktif Kartuş Konsantresi - Çizgi ve Kırışıklıklar","height":1200,"position":0,"src":"/media/export/cms/products/1200x1500/cl_prod_60156_1200x1500_0.png","type":"image","width":1500},{"alt":"Clinique iD Aktif Kartuş Konsantresi - Çizgi ve Kırışıklıklar","height":1200,"position":1,"src":"/media/export/cms/products/1200x1500/cl_prod_60156_1200x1500_1.png","type":"image","width":1500},{"alt":"Clinique iD Aktif Kartuş Konsantresi - Çizgi ve Kırışıklıklar","height":1200,"position":2,"src":"/media/export/cms/products/1200x1500/cl_prod_60156_1200x1500_2.png","type":"image","width":1500},{"alt":"Clinique iD Aktif Kartuş Konsantresi - Çizgi ve Kırışıklıklar","height":1200,"position":3,"src":"/media/export/cms/products/1200x1500/cl_prod_60156_1200x1500_3.png","type":"image","width":1500}],"medium":null,"poster":null,"small":[{"alt":"Clinique iD Aktif Kartuş Konsantresi - Çizgi ve Kırışıklıklar","height":1200,"position":4,"src":"/media/export/cms/products/1200x1500/cl_prod_60156_1200x1500_0.png","type":"image","width":1500},{"alt":"Clinique iD Aktif Kartuş Konsantresi - Çizgi ve Kırışıklıklar","height":1200,"position":5,"src":"/media/export/cms/products/1200x1500/cl_prod_60156_1200x1500_1.png","type":"image","width":1500},{"alt":"Clinique iD Aktif Kartuş Konsantresi - Çizgi ve Kırışıklıklar","height":1200,"position":6,"src":"/media/export/cms/products/1200x1500/cl_prod_60156_1200x1500_2.png","type":"image","width":1500},{"alt":"Clinique iD Aktif Kartuş Konsantresi - Çizgi ve Kırışıklıklar","height":1200,"position":7,"src":"/media/export/cms/products/1200x1500/cl_prod_60156_1200x1500_3.png","type":"image","width":1500}],"videos":[{"position":null,"poster":{"height":null,"src":null,"width":null},"provider":"YouTube","src":null},{"position":null,"poster":{"height":null,"src":null,"width":null},"provider":"YouTube","src":null},{"position":null,"poster":{"height":null,"src":null,"width":null},"provider":"YouTube","src":null}],"xl":null},"meta":{"description":null,"keywords":null},"parent_category":[{"id":"25564","value":"cliniqueIds"}],"product_badge":null,"product_id":"60156","product_title_tag":null,"product_type":"Other","product_url":"/product/25564/60156/cliniqueids/clinique-id-aktif-kartus-konsantresi--cizgi-ve-krsklklar","reviews":{"average_rating":null,"number_of_questions":null,"number_of_reviews":null},"shade_groups":null,"short_description":"Devrim niteliğindeki endişeye göre kişisel nemlendirici","skin":{"concern":[{"key":"anti-aging-concern","value":"anti_aging_concern"}]},"skin_goal":null,"skus":{"total":1,"items":[{"color_family":null,"coverage_options":null,"cross_sell":null,"display_status":7,"finish":null,"finish_options":null,"fragrances":[{"family":null,"key":null,"value":null}],"iln_listing":null,"iln_version_number":null,"inventory_status":"Active","is_active":true,"is_coming_soon":null,"is_default_sku":true,"is_discountable":true,"is_displayable":null,"is_engravable":null,"is_fragrance":null,"is_giftable":null,"is_giftwrap":false,"is_inactive":null,"is_multi_shaded":null,"is_out_of_stock":null,"is_preorder":false,"is_preorderable":null,"is_promotional":null,"is_replenishable":false,"is_search_suppressed":null,"is_searchable":true,"is_shaded":null,"is_sized":null,"is_sold_out":null,"is_under_weight_hazmat":false,"is_vto_enabled":null,"life_of_product":"Basic Reorder","material_code":"KALK010000","media":{"large":[{"alt":"Clinique iD Aktif Kartuş Konsantresi - Çizgi ve Kırışıklıklar","height":1200,"position":0,"src":"/media/export/cms/products/1200x1500/cl_sku_KALK01_1200x1500_0.png","type":"image","width":1500}],"medium":[{"alt":"Clinique iD Aktif Kartuş Konsantresi - Çizgi ve Kırışıklıklar","height":600,"position":1,"src":"/media/export/cms/products/600x750/cl_sku_KALK01_600x750_0.png","type":"image","width":750},{"alt":"Clinique iD Aktif Kartuş Konsantresi - Çizgi ve Kırışıklıklar","height":600,"position":2,"src":"/media/export/cms/products/600x750/cl_sku_KALK01_600x750_1.png","type":"image","width":750}],"model":null,"poster":null,"small":[{"alt":"Clinique iD Aktif Kartuş Konsantresi - Çizgi ve Kırışıklıklar","height":1200,"position":3,"src":"/media/export/cms/products/1200x1500/cl_sku_KALK01_1200x1500_0.png","type":"image","width":1500}],"smoosh":null,"xl":null},"out_of_stock_threshold":null,"perlgem":{"SKU_BASE_ID":95768},"preorder_date":null,"prices":[{"currency":"TRY","exclude_tax":{"original_price":100,"original_price_formatted":"100.00 TL","price":100,"price_formatted":"100.00 TL","price_per_unit":null,"price_per_unit_formatted":""},"include_tax":{"original_price":100,"original_price_formatted":"100.00 TL","price":100,"price_formatted":"100.00 TL","price_per_unit":null,"price_per_unit_formatted":""},"is_discounted":false}],"purchase_limit":null,"replenishment":{"message":null},"reviews":{"average_rating":null,"number_of_questions":null,"number_of_reviews":null},"set_components":null,"shade_groups":null,"shades":null,"sizes":[{"key":1,"value":"10ml"}],"skin":{"tone":null,"type":null,"type_description":null},"sku_badge":null,"sku_badge_image":null,"sku_display_order":0,"sku_id":"KALK01","sku_promo_messaging":null,"sku_type":"SE","sku_url":null,"tags":{"total":1,"items":[{"id":"25564","key":"cliniqueids","value":"cliniqueIds"}]},"texture":null,"undertone":null,"unit_of_measure":null,"unit_size":null,"unit_size_formatted":null,"upc":"020714949587","vto":{"is_color_experience":null,"is_foundation_experience":null}}]},"sub_display_name":null,"sub_header":null,"tags":{"total":1,"items":[{"id":"25564","key":"cliniqueids","parent_tag_id":null,"product_display_order":0,"value":"cliniqueIds"}]},"usage":[{"content":null,"label":"PRODUCT USAGE","type":"product_usage"},{"content":null,"label":"HOW DOES IT WORK","type":"how_does_it_work"},{"content":null,"label":"WHO IT IS FOR","type":"who_it_is_for"},{"content":null,"label":"GREAT TO KNOW","type":"great_to_know"},{"content":"3 nemlendirici bazdan birini seçin.*:<br><br><b>Dramatically Different Nemlendirici losyon+™</b><br>Kuru ve kuru karma ciltler için gün boyu güçlü nemlendirme sağlar.<br><br><b>Dramatically Different™ Nemlendirici Jel</b><br>Yağlı ve karma ciltler için yağsız formülüyle gün boyu güçlü nemlendirme sağlar.<br><br><b>Dramatically Different™ Jelly</b><br>Tüm cilt tipleri için gün boyu nem sağlar. Cildi çevre kirliliğine karşı korur.<br><br><i>* Nemlendirici bazınızda fazladan boşluk fark ettiniz mi? Bu, Aktif Kartuş Konsantresinin eklenmesi içindir. Her bir baz 115 ml'dir ve her bir Aktif Kartuş Konsantresi 10 ml'dir.</i><br><br><b>Nasıl Kullanılır?</b><br><ul><li>İlk kullanımda, Aktif Kartuş Konsantresini Nemlendirici bazınıza yerleştirin.<li>Günde iki kez, sabah ve akşam kullanın.</li><li>Yüzünüze ve boynunuza uygulayın.</li><li>Temizlenmiş cilt nemi daha iyi kabul eder,temiz cilde uygulayın.</li><li>En iyi sonuçlar için, bir temizleyici ve Arındırıcı Losyon kullandıktan sonra uygulayın.</li></ul>","label":"WHAT_IT_DOES","type":"what_it_does"},{"content":"<b>Çizgi ve kırışıklıklarla mücadele etmek mi istiyorsunuz?</b><br>Çizgi ve kırşıklık endişesi için yaşlanma karşıtı olarak geliştirilen konsantre whey protein aktif madde içeren kartuş, cilde nemi geri kazandırmaya, kırışıklık görünümünün azalmasına ve pürüzsüz görünüme yardımcı olur. Konsantre aktif içerikli kartuş cildinizdeki çizgileri azaltırken cildin gerginleşmesine yardımcı olur. Düzenli kullanımda çizgi ve kırışıklarda gözle görülür azalma sağlamaya yardımcıdır. Cilt tipinize uygun nemlendirici bazınızla birleştirirerek cilt endişenize uygun Clinique iD'nizi hazırlayın.","label":"WHAT_IT_IS","type":"what_it_is"}],"objectID":"60156"},{"benefit":null,"brand":null,"collection":[{"key":"dramatically-dif-collection","value":"dramatically_dif_collection"}],"coverage":null,"cross_sell":null,"default_category":{"id":"25564","key":"cliniqueids"},"description":"<P>Konsantre aktif madde içeren kartuş, cildi sakinleştirmeye yardımcı olur. Düzenli kullanımda, ciltteki kızarıklık görünümünü gözle görülür bir şekilde azaltır. Üç nemlendirici bazdan birini seçin.&nbsp;</P><P>*CliniqueiD kişiselleştirilebilir nemlendirici hiçbir kampanya ile birleştirilemez.</P>","display_mode":null,"display_name":"Clinique iD Aktif Kartuş Konsantresi - Kızarık ve Hassas Cilt","display_status":7,"finish":null,"form":[{"key":"gel-form","value":"gel_form"},{"key":"lotion-form","value":"lotion_form"},{"key":"watery-form","value":"watery_form"}],"formula_type":null,"fragrance_family":null,"indexable_keywords":null,"is_hazmat":false,"is_product_coming_soon":null,"is_product_displayable":true,"is_product_searchable":true,"is_product_shoppable":true,"is_product_sold_out":null,"is_product_temporarily_out_of_stock":null,"is_search_suppressed":null,"key_ingredient":null,"media":{"large":[{"alt":"Clinique iD Aktif Kartuş Konsantresi - Kızarık ve Hassas Cilt","height":1200,"position":0,"src":"/media/export/cms/products/1200x1500/cl_prod_60157_1200x1500_0.png","type":"image","width":1500},{"alt":"Clinique iD Aktif Kartuş Konsantresi - Kızarık ve Hassas Cilt","height":1200,"position":1,"src":"/media/export/cms/products/1200x1500/cl_prod_60157_1200x1500_1.png","type":"image","width":1500},{"alt":"Clinique iD Aktif Kartuş Konsantresi - Kızarık ve Hassas Cilt","height":1200,"position":2,"src":"/media/export/cms/products/1200x1500/cl_prod_60157_1200x1500_2.png","type":"image","width":1500},{"alt":"Clinique iD Aktif Kartuş Konsantresi - Kızarık ve Hassas Cilt","height":1200,"position":3,"src":"/media/export/cms/products/1200x1500/cl_prod_60157_1200x1500_3.png","type":"image","width":1500}],"medium":null,"poster":null,"small":[{"alt":"Clinique iD Aktif Kartuş Konsantresi - Kızarık ve Hassas Cilt","height":1200,"position":4,"src":"/media/export/cms/products/1200x1500/cl_prod_60157_1200x1500_0.png","type":"image","width":1500},{"alt":"Clinique iD Aktif Kartuş Konsantresi - Kızarık ve Hassas Cilt","height":1200,"position":5,"src":"/media/export/cms/products/1200x1500/cl_prod_60157_1200x1500_1.png","type":"image","width":1500},{"alt":"Clinique iD Aktif Kartuş Konsantresi - Kızarık ve Hassas Cilt","height":1200,"position":6,"src":"/media/export/cms/products/1200x1500/cl_prod_60157_1200x1500_2.png","type":"image","width":1500},{"alt":"Clinique iD Aktif Kartuş Konsantresi - Kızarık ve Hassas Cilt","height":1200,"position":7,"src":"/media/export/cms/products/1200x1500/cl_prod_60157_1200x1500_3.png","type":"image","width":1500}],"videos":[{"position":null,"poster":{"height":null,"src":null,"width":null},"provider":"YouTube","src":null},{"position":null,"poster":{"height":null,"src":null,"width":null},"provider":"YouTube","src":null},{"position":null,"poster":{"height":null,"src":null,"width":null},"provider":"YouTube","src":null}],"xl":null},"meta":{"description":null,"keywords":null},"parent_category":[{"id":"25564","value":"cliniqueIds"}],"product_badge":null,"product_id":"60157","product_title_tag":null,"product_type":"Other","product_url":"/product/25564/60157/cliniqueids/clinique-id-aktif-kartus-konsantresi--kzark-ve-hassas-cilt","reviews":{"average_rating":null,"number_of_questions":null,"number_of_reviews":null},"shade_groups":null,"short_description":"Devrim niteliğindeki endişeye göre kişisel nemlendirici","skin":{"concern":[{"key":"red-concern","value":"red_concern"}]},"skin_goal":null,"skus":{"total":1,"items":[{"color_family":null,"coverage_options":null,"cross_sell":null,"display_status":7,"finish":null,"finish_options":null,"fragrances":[{"family":null,"key":null,"value":null}],"iln_listing":null,"iln_version_number":null,"inventory_status":"Active","is_active":true,"is_coming_soon":null,"is_default_sku":true,"is_discountable":true,"is_displayable":null,"is_engravable":null,"is_fragrance":null,"is_giftable":null,"is_giftwrap":false,"is_inactive":null,"is_multi_shaded":null,"is_out_of_stock":null,"is_preorder":false,"is_preorderable":null,"is_promotional":null,"is_replenishable":false,"is_search_suppressed":null,"is_searchable":true,"is_shaded":null,"is_sized":null,"is_sold_out":null,"is_under_weight_hazmat":false,"is_vto_enabled":null,"life_of_product":"Basic Reorder","material_code":"KFF8010000","media":{"large":[{"alt":"Clinique iD Aktif Kartuş Konsantresi - Kızarık ve Hassas Cilt","height":1200,"position":0,"src":"/media/export/cms/products/1200x1500/cl_sku_KFF801_1200x1500_0.png","type":"image","width":1500}],"medium":[{"alt":"Clinique iD Aktif Kartuş Konsantresi - Kızarık ve Hassas Cilt","height":600,"position":1,"src":"/media/export/cms/products/600x750/cl_sku_KFF801_600x750_0.png","type":"image","width":750},{"alt":"Clinique iD Aktif Kartuş Konsantresi - Kızarık ve Hassas Cilt","height":600,"position":2,"src":"/media/export/cms/products/600x750/cl_sku_KFF801_600x750_1.png","type":"image","width":750}],"model":null,"poster":null,"small":[{"alt":"Clinique iD Aktif Kartuş Konsantresi - Kızarık ve Hassas Cilt","height":1200,"position":3,"src":"/media/export/cms/products/1200x1500/cl_sku_KFF801_1200x1500_0.png","type":"image","width":1500}],"smoosh":null,"xl":null},"out_of_stock_threshold":null,"perlgem":{"SKU_BASE_ID":95769},"preorder_date":null,"prices":[{"currency":"TRY","exclude_tax":{"original_price":100,"original_price_formatted":"100.00 TL","price":100,"price_formatted":"100.00 TL","price_per_unit":null,"price_per_unit_formatted":""},"include_tax":{"original_price":100,"original_price_formatted":"100.00 TL","price":100,"price_formatted":"100.00 TL","price_per_unit":null,"price_per_unit_formatted":""},"is_discounted":false}],"purchase_limit":null,"replenishment":{"message":null},"reviews":{"average_rating":null,"number_of_questions":null,"number_of_reviews":null},"set_components":null,"shade_groups":null,"shades":null,"sizes":[{"key":1,"value":"10ml"}],"skin":{"tone":null,"type":null,"type_description":null},"sku_badge":null,"sku_badge_image":null,"sku_display_order":0,"sku_id":"KFF801","sku_promo_messaging":null,"sku_type":"SE","sku_url":null,"tags":{"total":1,"items":[{"id":"25564","key":"cliniqueids","value":"cliniqueIds"}]},"texture":null,"undertone":null,"unit_of_measure":null,"unit_size":null,"unit_size_formatted":null,"upc":"020714971700","vto":{"is_color_experience":null,"is_foundation_experience":null}}]},"sub_display_name":null,"sub_header":null,"tags":{"total":1,"items":[{"id":"25564","key":"cliniqueids","parent_tag_id":null,"product_display_order":0,"value":"cliniqueIds"}]},"usage":[{"content":null,"label":"PRODUCT USAGE","type":"product_usage"},{"content":null,"label":"HOW DOES IT WORK","type":"how_does_it_work"},{"content":null,"label":"WHO IT IS FOR","type":"who_it_is_for"},{"content":null,"label":"GREAT TO KNOW","type":"great_to_know"},{"content":"3 nemlendirici bazdan birini seçin. Endişeye özel aktif kartuş konsantresini bazınız ile birleştirin.*  Dramatically Different™ Nemlendirici losyon+ Kuru ve kuru karma ciltler için gün boyu güçlü nemlendirme sağlar.  Dramatically Different™ Nemlendirici Jel Yağlı ve karma ciltler için yağsız formülüyle gün boyu güçlü nemlendirme sağlar.  Dramatically Different™ Jelly Tüm cilt tipleri için gün boyu nem sağlar. Cildi çevre kirliliğine karşı korur.  * Nemlendirici bazınızda fazladan boşluk fark ettiniz mi? Bu, Aktif Kartuş Konsantresinin eklenmesi içindir. Her bir baz 115 ml'dir ve her bir Aktif Kartuş Konsantresi 10 ml'dir.  Nasıl Kullanılır? İlk kullanımda, Aktif Kartuş Konsantresini Nemlendirici bazınıza yerleştirin. Günde iki kez, sabah ve akşam kullanın. Yüzünüze ve boynunuza uygulayın. Temizlenmiş cilt nemi daha iyi kabul eder,temiz cilde uygulayın. En iyi sonuçlar için, bir temizleyici ve Arındırıcı Losyon kullandıktan sonra uygulayın.","label":"WHAT_IT_DOES","type":"what_it_does"},{"content":"İritasyon/Hassas cilt endişesi için geliştirilen konsantre aktif madde Probiyotik içeren kartuş, ciltteki kızarıklık görünümünü gözle görülür bir şekilde azaltır.Aktif kartuş konsantresnin içeriğindeki Lactobacillus Probiyotik Fermenti ile cildi sakinleştirmeye ve rahatlatmaya yardımcı olur. Zararlı çevresel faktörlere karşı cildin doğal savunmasını güçlendirir.","label":"WHAT_IT_IS","type":"what_it_is"}],"objectID":"60157"},{"benefit":null,"brand":null,"collection":null,"coverage":null,"cross_sell":[{"sku_id":"6F3701","sort_key":1},{"sku_id":null,"sort_key":2},{"sku_id":null,"sort_key":3},{"sku_id":"76WY01","sort_key":4},{"sku_id":"68LE01","sort_key":5},{"sku_id":"62A401","sort_key":6}],"default_category":{"id":"1686","key":"el-vücut-bakimi"},"description":"Yapışma veya kalıntı bırakmadan saça esnek kontrol sağlar. Daha doğal hissedilir ve görünür. Neme karşı dayanıklıdır.","display_mode":null,"display_name":"Non-Aerosol Saç Spreyi","display_status":7,"finish":null,"form":null,"formula_type":null,"fragrance_family":null,"indexable_keywords":[{"value":"saç"},{"value":" saç spreyi"}],"is_hazmat":true,"is_product_coming_soon":null,"is_product_displayable":true,"is_product_searchable":true,"is_product_shoppable":true,"is_product_sold_out":null,"is_product_temporarily_out_of_stock":null,"is_search_suppressed":null,"key_ingredient":null,"media":{"large":null,"medium":null,"poster":null,"small":null,"videos":[{"position":null,"poster":{"height":null,"src":null,"width":null},"provider":null,"src":null},{"position":null,"poster":{"height":null,"src":null,"width":null},"provider":null,"src":null},{"position":null,"poster":{"height":null,"src":null,"width":null},"provider":null,"src":null}],"xl":null},"meta":{"description":null,"keywords":"hair, hair spray"},"parent_category":[{"id":"1686","value":"EL & VÜCUT BAKIMI"},{"id":"1667","value":"CİLT BAKIMI"}],"product_badge":null,"product_id":"6067","product_title_tag":null,"product_type":"Sized","product_url":"/product/1686/6067/cilt-bakimi/el-vucut-bakimi/non-aerosol-sac-spreyi","reviews":{"average_rating":5,"number_of_questions":null,"number_of_reviews":1},"shade_groups":null,"short_description":"Yapışma veya kalıntı bırakmadan saça esnek kontrol sağlar.","skin":null,"skin_goal":null,"skus":{"total":1,"items":[{"color_family":null,"coverage_options":null,"cross_sell":null,"display_status":7,"finish":null,"finish_options":null,"fragrances":[{"family":null,"key":null,"value":null}],"iln_listing":null,"iln_version_number":null,"inventory_status":"Active","is_active":true,"is_coming_soon":null,"is_default_sku":false,"is_discountable":true,"is_displayable":null,"is_engravable":null,"is_fragrance":null,"is_giftable":null,"is_giftwrap":false,"is_inactive":null,"is_multi_shaded":null,"is_out_of_stock":null,"is_preorder":false,"is_preorderable":null,"is_promotional":null,"is_replenishable":true,"is_search_suppressed":null,"is_searchable":true,"is_shaded":null,"is_sized":null,"is_sold_out":null,"is_under_weight_hazmat":null,"is_vto_enabled":null,"life_of_product":"Basic Reorder","material_code":"6192050001","media":{"large":[{"alt":"Non-Aerosol Saç Spreyi","height":1200,"position":0,"src":"/media/export/cms/products/1200x1500/cl_sku_619205_1200x1500_0.png","type":"image","width":1500}],"medium":[{"alt":"Non-Aerosol Saç Spreyi","height":600,"position":1,"src":"/media/export/cms/products/600x750/cl_sku_619205_600x750_0.png","type":"image","width":750}],"model":null,"poster":null,"small":[{"alt":"Non-Aerosol Saç Spreyi","height":1200,"position":2,"src":"/media/export/cms/products/1200x1500/cl_sku_619205_1200x1500_0.png","type":"image","width":1500}],"smoosh":null,"xl":null},"out_of_stock_threshold":null,"perlgem":{"SKU_BASE_ID":11591},"preorder_date":null,"prices":[{"currency":"TRY","exclude_tax":{"original_price":119,"original_price_formatted":"119.00 TL","price":119,"price_formatted":"119.00 TL","price_per_unit":null,"price_per_unit_formatted":""},"include_tax":{"original_price":119,"original_price_formatted":"119.00 TL","price":119,"price_formatted":"119.00 TL","price_per_unit":null,"price_per_unit_formatted":""},"is_discounted":false}],"purchase_limit":null,"replenishment":{"message":"Never run low on your favourites. Sign up for Auto-Ship. Learn more >"},"reviews":{"average_rating":null,"number_of_questions":null,"number_of_reviews":null},"set_components":null,"shade_groups":null,"shades":null,"sizes":[{"key":1,"value":"237 ml"}],"skin":{"tone":null,"type":null,"type_description":null},"sku_badge":null,"sku_badge_image":null,"sku_display_order":0,"sku_id":"619205","sku_promo_messaging":null,"sku_type":"SE","sku_url":null,"tags":{"total":1,"items":[{"id":"1686","key":"el-vücut-bakimi","value":"EL & VÜCUT BAKIMI"}]},"texture":null,"undertone":null,"unit_of_measure":null,"unit_size":null,"unit_size_formatted":null,"upc":"020714003913","vto":{"is_color_experience":null,"is_foundation_experience":null}}]},"sub_display_name":null,"sub_header":null,"tags":{"total":1,"items":[{"id":"1686","key":"el-vücut-bakimi","parent_tag_id":"1667","product_display_order":11,"value":"EL & VÜCUT BAKIMI"}]},"usage":[{"content":"<UL><LI>Kuru ve şekil verilmiş saça uygulayınız. </LI><LI>Saçın 10-12 cm uzağından sıkınız.</LI></UL>","label":"PRODUCT USAGE","type":"product_usage"},{"content":null,"label":"HOW DOES IT WORK","type":"how_does_it_work"},{"content":null,"label":"WHO IT IS FOR","type":"who_it_is_for"},{"content":null,"label":"GREAT TO KNOW","type":"great_to_know"},{"content":null,"label":"WHAT_IT_DOES","type":"what_it_does"},{"content":"Yapışma veya kalıntı bırakmadan saça esnek kontrol sağlar. Daha doğal hissedilir ve görünür. Neme karşı dayanıklıdır.","label":"WHAT_IT_IS","type":"what_it_is"}],"objectID":"6067"},{"benefit":{"statement":null,"benefits":null},"brand":null,"collection":null,"coverage":[{"key":"sheer-coverage","value":"sheer_coverage"}],"cross_sell":[{"sku_id":"6MNY01","sort_key":1},{"sku_id":"7KXC01","sort_key":2},{"sku_id":"60QH01","sort_key":3},{"sku_id":"6WPR01","sort_key":4},{"sku_id":"62A401","sort_key":5},{"sku_id":"6F3701","sort_key":6}],"default_category":{"id":"1607","key":"pudra"},"description":"<P>Yağı kontrol altına alan, yağsız formül. Ekstra hassas dokusuyla cilde mükemmel matlık verir. Yağlı ciltler için uygundur. Gün boyunca tazelik hissi verir.</P><P>&nbsp;<BR>&nbsp;</P>","display_mode":null,"display_name":"Stay-Matte Sıkıştırılmış Pudra","display_status":7,"finish":[{"key":"matte-finish","value":"matte_finish"}],"form":[{"key":"powder-form","value":"powder_form"}],"formula_type":null,"fragrance_family":null,"indexable_keywords":[{"value":"karma"},{"value":" kontrol"}],"is_hazmat":false,"is_product_coming_soon":null,"is_product_displayable":true,"is_product_searchable":true,"is_product_shoppable":true,"is_product_sold_out":null,"is_product_temporarily_out_of_stock":null,"is_search_suppressed":null,"key_ingredient":null,"media":{"large":null,"medium":null,"poster":null,"small":null,"videos":[{"position":null,"poster":{"height":null,"src":null,"width":null},"provider":null,"src":null},{"position":null,"poster":{"height":null,"src":null,"width":null},"provider":null,"src":null},{"position":null,"poster":{"height":null,"src":null,"width":null},"provider":null,"src":null}],"xl":null},"meta":{"description":null,"keywords":"powder, powder makeup, oil free makeup, oil free powder, oil control"},"parent_category":[{"id":"1607","value":"PUDRA"},{"id":"1592","value":"MAKYAJ"}],"product_badge":null,"product_id":"6069","product_title_tag":null,"product_type":"Shaded","product_url":"/product/1607/6069/makyaj/pudra/stay-matte-skstrlms-pudra","reviews":{"average_rating":4.3,"number_of_questions":null,"number_of_reviews":4},"shade_groups":null,"short_description":"En İyi satan.","skin":{"concern":[{"key":"oil-free-concern","value":"oil_free_concern"}]},"skin_goal":null,"skus":{"total":3,"items":[{"color_family":null,"coverage_options":null,"cross_sell":null,"display_status":7,"finish":null,"finish_options":null,"fragrances":[{"family":null,"key":null,"value":null}],"iln_listing":null,"iln_version_number":null,"inventory_status":"Active","is_active":true,"is_coming_soon":null,"is_default_sku":false,"is_discountable":true,"is_displayable":null,"is_engravable":null,"is_fragrance":null,"is_giftable":null,"is_giftwrap":false,"is_inactive":null,"is_multi_shaded":null,"is_out_of_stock":null,"is_preorder":false,"is_preorderable":null,"is_promotional":null,"is_replenishable":false,"is_search_suppressed":null,"is_searchable":true,"is_shaded":null,"is_sized":null,"is_sold_out":null,"is_under_weight_hazmat":false,"is_vto_enabled":null,"life_of_product":"Basic Reorder","material_code":"6HX1010001","media":{"large":[{"alt":"Stay-Matte Sıkıştırılmış Pudra","height":1200,"position":1,"src":"/media/export/cms/products/1200x1500/cl_sku_6HX101_1200x1500_0.png","type":"image","width":1500}],"medium":[{"alt":"Stay-Matte Sıkıştırılmış Pudra","height":600,"position":2,"src":"/media/export/cms/products/600x750/cl_sku_6HX101_600x750_0.png","type":"image","width":750}],"model":null,"poster":null,"small":[{"alt":"Stay-Matte Sıkıştırılmış Pudra","height":1200,"position":3,"src":"/media/export/cms/products/1200x1500/cl_sku_6HX101_1200x1500_0.png","type":"image","width":1500}],"smoosh":[{"alt":"Stay-Matte Sıkıştırılmış Pudra","height":1200,"position":0,"src":"/media/export/cms/products/1200x1500/swatches_v3/02_ns_ng.png","type":"image","width":1500}],"xl":null},"out_of_stock_threshold":null,"perlgem":{"SKU_BASE_ID":13699},"preorder_date":null,"prices":[{"currency":"TRY","exclude_tax":{"original_price":285,"original_price_formatted":"285.00 TL","price":285,"price_formatted":"285.00 TL","price_per_unit":null,"price_per_unit_formatted":""},"include_tax":{"original_price":285,"original_price_formatted":"285.00 TL","price":285,"price_formatted":"285.00 TL","price_per_unit":null,"price_per_unit_formatted":""},"is_discounted":false}],"purchase_limit":null,"replenishment":{"message":"Never run low on your favourites. Sign up for Auto-Ship. Learn more >"},"reviews":{"average_rating":null,"number_of_questions":null,"number_of_reviews":null},"set_components":null,"shade_groups":null,"shades":[{"description":"","hex_val":"#F0D0B2","image":{"height":null,"src":"","width":null},"name":"Invisible Matte","smoosh_design":{"group_id":null,"name":"02::none::none"}}],"sizes":[{"key":1,"value":"7.6g"}],"skin":{"tone":null,"type":null,"type_description":null},"sku_badge":null,"sku_badge_image":null,"sku_display_order":1,"sku_id":"6HX101","sku_promo_messaging":null,"sku_type":"SE","sku_url":null,"tags":{"total":17,"items":[{"id":"19400","key":"20-discounted-products","value":"%20 discounted products"},{"id":"13562","key":"yeni̇-yil-makyaj","value":"YENİ YIL MAKYAJ"},{"id":"8194","key":"en-çok-satan-10","value":"En Çok Satan 10 "},{"id":"24180","key":"tamamlayici-ürünler","value":"TAMAMLAYICI ÜRÜNLER"},{"id":"27171","key":"day4flashsale","value":"Day4FlashSale"},{"id":"1592","key":"makyaj","value":"MAKYAJ"},{"id":"1599","key":"fondöten","value":"FONDÖTEN"},{"id":"27172","key":"day5flashsale","value":"Day5FlashSale"},{"id":"9428","key":"top10","value":"top10"},{"id":"1590","key":"i̇ndi̇ri̇mli̇-ürünler","value":"İNDİRİMLİ ÜRÜNLER"},{"id":"25016","key":"top-sellers","value":"Top Sellers"},{"id":"1607","key":"pudra","value":"PUDRA"},{"id":"1575","key":"en-çok-satanlar","value":"En Çok Satanlar"},{"id":"13770","key":"recommended-clinique-favourites","value":"Recommended Clinique Favourites"},{"id":"9425","key":"top-rated-makeup","value":"top rated makeup"},{"id":"27174","key":"day7flashsale","value":"Day7FlashSale"},{"id":"12537","key":"çok-satan-makyaj-ürünleri̇","value":"ÇOK SATAN MAKYAJ ÜRÜNLERİ"}]},"texture":null,"undertone":null,"unit_of_measure":null,"unit_size":null,"unit_size_formatted":null,"upc":"020714266912","vto":{"is_color_experience":null,"is_foundation_experience":null}},{"color_family":[{"key":"fair-color","value":"fair_color"}],"coverage_options":null,"cross_sell":null,"display_status":7,"finish":[{"key":"matte-finish","value":"matte_finish"}],"finish_options":[{"key":"matte-finish","value":"matte_finish"}],"fragrances":[{"family":null,"key":null,"value":null}],"iln_listing":null,"iln_version_number":null,"inventory_status":"Active","is_active":true,"is_coming_soon":null,"is_default_sku":false,"is_discountable":true,"is_displayable":null,"is_engravable":null,"is_fragrance":null,"is_giftable":null,"is_giftwrap":false,"is_inactive":null,"is_multi_shaded":null,"is_out_of_stock":null,"is_preorder":false,"is_preorderable":null,"is_promotional":null,"is_replenishable":true,"is_search_suppressed":null,"is_searchable":true,"is_shaded":null,"is_sized":null,"is_sold_out":null,"is_under_weight_hazmat":false,"is_vto_enabled":null,"life_of_product":"Basic Reorder","material_code":"645J020001","media":{"large":[{"alt":"Stay-Matte Sıkıştırılmış Pudra","height":1200,"position":1,"src":"/media/export/cms/products/1200x1500/cl_sku_645J02_1200x1500_0.png","type":"image","width":1500}],"medium":[{"alt":"Stay-Matte Sıkıştırılmış Pudra","height":600,"position":3,"src":"/media/export/cms/products/600x750/cl_sku_645J02_600x750_0.png","type":"image","width":750}],"model":[{"alt":"Stay-Matte Sıkıştırılmış Pudra","height":null,"position":2,"src":"/media/export/cms/model/MF1.jpg","type":"image","width":null}],"poster":null,"small":[{"alt":"Stay-Matte Sıkıştırılmış Pudra","height":1200,"position":4,"src":"/media/export/cms/products/1200x1500/cl_sku_645J02_1200x1500_0.png","type":"image","width":1500}],"smoosh":[{"alt":"Stay-Matte Sıkıştırılmış Pudra","height":1200,"position":0,"src":"/media/export/cms/products/1200x1500/swatches_v3/02_ns_ng.png","type":"image","width":1500}],"xl":null},"out_of_stock_threshold":null,"perlgem":{"SKU_BASE_ID":12083},"preorder_date":null,"prices":[{"currency":"TRY","exclude_tax":{"original_price":285,"original_price_formatted":"285.00 TL","price":285,"price_formatted":"285.00 TL","price_per_unit":null,"price_per_unit_formatted":""},"include_tax":{"original_price":285,"original_price_formatted":"285.00 TL","price":285,"price_formatted":"285.00 TL","price_per_unit":null,"price_per_unit_formatted":""},"is_discounted":false}],"purchase_limit":null,"replenishment":{"message":"Never run low on your favourites. Sign up for Auto-Ship. Learn more >"},"reviews":{"average_rating":null,"number_of_questions":null,"number_of_reviews":null},"set_components":null,"shade_groups":null,"shades":[{"description":"","hex_val":"#CEA288","image":{"height":null,"src":"","width":null},"name":"02 Stay Neutral","smoosh_design":{"group_id":null,"name":"02::none::none"}}],"sizes":[{"key":1,"value":"7.6g"}],"skin":{"tone":null,"type":[{"key":"dry-skintype","value":"dry_skintype"}],"type_description":null},"sku_badge":null,"sku_badge_image":null,"sku_display_order":5,"sku_id":"645J02","sku_promo_messaging":null,"sku_type":"SE","sku_url":null,"tags":{"total":17,"items":[{"id":"19400","key":"20-discounted-products","value":"%20 discounted products"},{"id":"13562","key":"yeni̇-yil-makyaj","value":"YENİ YIL MAKYAJ"},{"id":"8194","key":"en-çok-satan-10","value":"En Çok Satan 10 "},{"id":"12796","key":"yağlanma-karşiti-ürünler","value":"YAĞLANMA KARŞITI ÜRÜNLER"},{"id":"24180","key":"tamamlayici-ürünler","value":"TAMAMLAYICI ÜRÜNLER"},{"id":"27171","key":"day4flashsale","value":"Day4FlashSale"},{"id":"1592","key":"makyaj","value":"MAKYAJ"},{"id":"1599","key":"fondöten","value":"FONDÖTEN"},{"id":"27172","key":"day5flashsale","value":"Day5FlashSale"},{"id":"25565","key":"justarrivednew","value":"justarrivednew"},{"id":"9428","key":"top10","value":"top10"},{"id":"25016","key":"top-sellers","value":"Top Sellers"},{"id":"1607","key":"pudra","value":"PUDRA"},{"id":"13770","key":"recommended-clinique-favourites","value":"Recommended Clinique Favourites"},{"id":"9425","key":"top-rated-makeup","value":"top rated makeup"},{"id":"27174","key":"day7flashsale","value":"Day7FlashSale"},{"id":"12537","key":"çok-satan-makyaj-ürünleri̇","value":"ÇOK SATAN MAKYAJ ÜRÜNLERİ"}]},"texture":null,"undertone":[{"key":"cool-undertone","value":"cool_undertone"}],"unit_of_measure":null,"unit_size":null,"unit_size_formatted":null,"upc":"020714066116","vto":{"is_color_experience":null,"is_foundation_experience":null}},{"color_family":[{"key":"fair-color","value":"fair_color"}],"coverage_options":null,"cross_sell":null,"display_status":7,"finish":[{"key":"matte-finish","value":"matte_finish"}],"finish_options":[{"key":"matte-finish","value":"matte_finish"}],"fragrances":[{"family":null,"key":null,"value":null}],"iln_listing":null,"iln_version_number":null,"inventory_status":"Active","is_active":true,"is_coming_soon":null,"is_default_sku":false,"is_discountable":true,"is_displayable":null,"is_engravable":null,"is_fragrance":null,"is_giftable":null,"is_giftwrap":false,"is_inactive":null,"is_multi_shaded":null,"is_out_of_stock":null,"is_preorder":false,"is_preorderable":null,"is_promotional":null,"is_replenishable":false,"is_search_suppressed":null,"is_searchable":true,"is_shaded":null,"is_sized":null,"is_sold_out":null,"is_under_weight_hazmat":false,"is_vto_enabled":null,"life_of_product":"Basic Reorder","material_code":"645J030001","media":{"large":[{"alt":"Stay-Matte Sıkıştırılmış Pudra","height":1200,"position":1,"src":"/media/export/cms/products/1200x1500/cl_sku_645J03_1200x1500_0.png","type":"image","width":1500}],"medium":[{"alt":"Stay-Matte Sıkıştırılmış Pudra","height":600,"position":3,"src":"/media/export/cms/products/600x750/cl_sku_645J03_600x750_0.png","type":"image","width":750}],"model":[{"alt":"Stay-Matte Sıkıştırılmış Pudra","height":null,"position":2,"src":"/media/export/cms/model/M1.jpg","type":"image","width":null}],"poster":null,"small":[{"alt":"Stay-Matte Sıkıştırılmış Pudra","height":1200,"position":4,"src":"/media/export/cms/products/1200x1500/cl_sku_645J03_1200x1500_0.png","type":"image","width":1500}],"smoosh":[{"alt":"Stay-Matte Sıkıştırılmış Pudra","height":1200,"position":0,"src":"/media/export/cms/products/1200x1500/swatches_v3/02_ns_ng.png","type":"image","width":1500}],"xl":null},"out_of_stock_threshold":null,"perlgem":{"SKU_BASE_ID":12084},"preorder_date":null,"prices":[{"currency":"TRY","exclude_tax":{"original_price":285,"original_price_formatted":"285.00 TL","price":285,"price_formatted":"285.00 TL","price_per_unit":null,"price_per_unit_formatted":""},"include_tax":{"original_price":285,"original_price_formatted":"285.00 TL","price":285,"price_formatted":"285.00 TL","price_per_unit":null,"price_per_unit_formatted":""},"is_discounted":false}],"purchase_limit":null,"replenishment":{"message":"Never run low on your favourites. Sign up for Auto-Ship. Learn more >"},"reviews":{"average_rating":null,"number_of_questions":null,"number_of_reviews":null},"set_components":null,"shade_groups":null,"shades":[{"description":"","hex_val":"#C29275","image":{"height":null,"src":"","width":null},"name":"03 Stay Beige","smoosh_design":{"group_id":null,"name":"02::none::none"}}],"sizes":[{"key":1,"value":"7.6g"}],"skin":{"tone":null,"type":[{"key":"dry-skintype","value":"dry_skintype"}],"type_description":null},"sku_badge":null,"sku_badge_image":null,"sku_display_order":8,"sku_id":"645J03","sku_promo_messaging":null,"sku_type":"SE","sku_url":null,"tags":{"total":17,"items":[{"id":"19400","key":"20-discounted-products","value":"%20 discounted products"},{"id":"13562","key":"yeni̇-yil-makyaj","value":"YENİ YIL MAKYAJ"},{"id":"8194","key":"en-çok-satan-10","value":"En Çok Satan 10 "},{"id":"12796","key":"yağlanma-karşiti-ürünler","value":"YAĞLANMA KARŞITI ÜRÜNLER"},{"id":"24180","key":"tamamlayici-ürünler","value":"TAMAMLAYICI ÜRÜNLER"},{"id":"27171","key":"day4flashsale","value":"Day4FlashSale"},{"id":"1592","key":"makyaj","value":"MAKYAJ"},{"id":"1599","key":"fondöten","value":"FONDÖTEN"},{"id":"27172","key":"day5flashsale","value":"Day5FlashSale"},{"id":"9428","key":"top10","value":"top10"},{"id":"25016","key":"top-sellers","value":"Top Sellers"},{"id":"1607","key":"pudra","value":"PUDRA"},{"id":"1575","key":"en-çok-satanlar","value":"En Çok Satanlar"},{"id":"13770","key":"recommended-clinique-favourites","value":"Recommended Clinique Favourites"},{"id":"9425","key":"top-rated-makeup","value":"top rated makeup"},{"id":"27174","key":"day7flashsale","value":"Day7FlashSale"},{"id":"12537","key":"çok-satan-makyaj-ürünleri̇","value":"ÇOK SATAN MAKYAJ ÜRÜNLERİ"}]},"texture":null,"undertone":[{"key":"cool-undertone","value":"cool_undertone"}],"unit_of_measure":null,"unit_size":null,"unit_size_formatted":null,"upc":"020714066123","vto":{"is_color_experience":null,"is_foundation_experience":null}}]},"sub_display_name":null,"sub_header":null,"tags":{"total":20,"items":[{"id":"19400","key":"20-discounted-products","parent_tag_id":"1599","product_display_order":0,"value":"%20 discounted products"},{"id":"13562","key":"yeni̇-yil-makyaj","parent_tag_id":"13561","product_display_order":0,"value":"YENİ YIL MAKYAJ"},{"id":"8194","key":"en-çok-satan-10","parent_tag_id":null,"product_display_order":11,"value":"En Çok Satan 10 "},{"id":"12796","key":"yağlanma-karşiti-ürünler","parent_tag_id":"1667","product_display_order":1,"value":"YAĞLANMA KARŞITI ÜRÜNLER"},{"id":"24180","key":"tamamlayici-ürünler","parent_tag_id":"1667","product_display_order":0,"value":"TAMAMLAYICI ÜRÜNLER"},{"id":"27171","key":"day4flashsale","parent_tag_id":"1590","product_display_order":0,"value":"Day4FlashSale"},{"id":"19288","key":"sale","parent_tag_id":"1590","product_display_order":0,"value":"sale"},{"id":"1592","key":"makyaj","parent_tag_id":null,"product_display_order":94,"value":"MAKYAJ"},{"id":"1599","key":"fondöten","parent_tag_id":"1592","product_display_order":26,"value":"FONDÖTEN"},{"id":"27172","key":"day5flashsale","parent_tag_id":"1590","product_display_order":116,"value":"Day5FlashSale"},{"id":"25565","key":"justarrivednew","parent_tag_id":null,"product_display_order":5,"value":"justarrivednew"},{"id":"9428","key":"top10","parent_tag_id":"9420","product_display_order":0,"value":"top10"},{"id":"1590","key":"i̇ndi̇ri̇mli̇-ürünler","parent_tag_id":null,"product_display_order":0,"value":"İNDİRİMLİ ÜRÜNLER"},{"id":"25016","key":"top-sellers","parent_tag_id":"4323","product_display_order":0,"value":"Top Sellers"},{"id":"1607","key":"pudra","parent_tag_id":"1592","product_display_order":1,"value":"PUDRA"},{"id":"1575","key":"en-çok-satanlar","parent_tag_id":null,"product_display_order":129,"value":"En Çok Satanlar"},{"id":"13770","key":"recommended-clinique-favourites","parent_tag_id":null,"product_display_order":10,"value":"Recommended Clinique Favourites"},{"id":"9425","key":"top-rated-makeup","parent_tag_id":"9420","product_display_order":0,"value":"top rated makeup"},{"id":"27174","key":"day7flashsale","parent_tag_id":"1590","product_display_order":0,"value":"Day7FlashSale"},{"id":"12537","key":"çok-satan-makyaj-ürünleri̇","parent_tag_id":"1592","product_display_order":18,"value":"ÇOK SATAN MAKYAJ ÜRÜNLERİ"}]},"usage":[{"content":"<ul><li>Pudra Fırçası veya sünger aplikatör ile uygulayın.</li><li> Tüm yüze veya sadece yağlı bölgelere uygulanabilir.</li><li> Sünger aplikatör su ve sabun ile yıkanabilir fakat yıkadıktan sonra kullanmadan önce kuruduğuna emin olun.</li></ul>","label":"PRODUCT USAGE","type":"product_usage"},{"content":null,"label":"HOW DOES IT WORK","type":"how_does_it_work"},{"content":"Yağlı, yağlı karma ciltler","label":"WHO IT IS FOR","type":"who_it_is_for"},{"content":null,"label":"GREAT TO KNOW","type":"great_to_know"},{"content":"Yağı kontrol altına alan, yağsız formül. Ekstra hassas dokusuyla cilde mükemmel matlık verir.<br><br><b>Nasıl Kullanılır?</b><br><ul><li>Fondöten fırçası veya sünger yardımıyla ugulayabilirsiniz.</li><li>Yağlı ciltler için uygundur.</li><li>Sünger aplikatör sabun ve su ile yıkanabilir; sonraki kullanımdan önce tamamen kurumasını bekleyin.</li></ul>","label":"WHAT_IT_DOES","type":"what_it_does"},{"content":"Gündüz ve gece boyunca taze bir görünüm ve his veren yağsız formül.","label":"WHAT_IT_IS","type":"what_it_is"}],"objectID":"6069"},{"benefit":{"statement":null,"benefits":null},"brand":null,"collection":null,"coverage":[{"key":"medium-coverage","value":"medium_coverage"}],"cross_sell":[{"sku_id":"62A401","sort_key":1},{"sku_id":"618J01","sort_key":2},{"sku_id":"6MNY01","sort_key":3},{"sku_id":"68A001","sort_key":4},{"sku_id":"6F3701","sort_key":5},{"sku_id":"68LE01","sort_key":6}],"default_category":{"id":"1607","key":"pudra"},"description":"<P>Tek bir dokunuşla hem fondöten hem de pudra etkisi verir. Uzun süre kalıcıdır, pudra olarak tam bir kapatıcılık sağlar. Aynı zamanda fondöten üzerine son dokunuş olarak kullanabilirsiniz.</P><P><BR>&nbsp;</P><P><BR>&nbsp;</P><P><BR><BR><BR>&nbsp;</P>","display_mode":null,"display_name":"Superpowder Double Face Pudra","display_status":7,"finish":[{"key":"matte-finish","value":"matte_finish"}],"form":[{"key":"powder-form","value":"powder_form"}],"formula_type":null,"fragrance_family":null,"indexable_keywords":[{"value":"süper"},{"value":" pudra"}],"is_hazmat":false,"is_product_coming_soon":null,"is_product_displayable":true,"is_product_searchable":true,"is_product_shoppable":true,"is_product_sold_out":null,"is_product_temporarily_out_of_stock":null,"is_search_suppressed":null,"key_ingredient":null,"media":{"large":[{"alt":"Superpowder Double Face Pudra","height":1200,"position":0,"src":"/media/export/cms/products/1200x1500/cl_prod_6077_1200x1500_0.png","type":"image","width":1500}],"medium":null,"poster":null,"small":[{"alt":"Superpowder Double Face Pudra","height":1200,"position":1,"src":"/media/export/cms/products/1200x1500/cl_prod_6077_1200x1500_0.png","type":"image","width":1500}],"videos":[{"position":null,"poster":{"height":null,"src":null,"width":null},"provider":null,"src":null},{"position":null,"poster":{"height":null,"src":null,"width":null},"provider":null,"src":null},{"position":null,"poster":{"height":null,"src":null,"width":null},"provider":null,"src":null}],"xl":null},"meta":{"description":null,"keywords":"super, powder, fund"},"parent_category":[{"id":"1607","value":"PUDRA"},{"id":"1592","value":"MAKYAJ"}],"product_badge":null,"product_id":"6077","product_title_tag":null,"product_type":"Shaded","product_url":"/product/1607/6077/makyaj/pudra/superpowder-double-face-pudra","reviews":{"average_rating":4,"number_of_questions":null,"number_of_reviews":1},"shade_groups":null,"short_description":"2 si bir arada fondöten+ pudra, fondöten üstüne de kullanılabilir","skin":null,"skin_goal":null,"skus":{"total":3,"items":[{"color_family":[{"key":"fair-color","value":"fair_color"}],"coverage_options":null,"cross_sell":null,"display_status":7,"finish":[{"key":"matte-finish","value":"matte_finish"}],"finish_options":[{"key":"matte-finish","value":"matte_finish"}],"fragrances":[{"family":null,"key":null,"value":null}],"iln_listing":null,"iln_version_number":null,"inventory_status":"Active","is_active":true,"is_coming_soon":null,"is_default_sku":false,"is_discountable":true,"is_displayable":null,"is_engravable":null,"is_fragrance":null,"is_giftable":null,"is_giftwrap":false,"is_inactive":null,"is_multi_shaded":null,"is_out_of_stock":null,"is_preorder":false,"is_preorderable":null,"is_promotional":null,"is_replenishable":false,"is_search_suppressed":null,"is_searchable":true,"is_shaded":null,"is_sized":null,"is_sold_out":null,"is_under_weight_hazmat":false,"is_vto_enabled":null,"life_of_product":"Basic Reorder","material_code":"647J070001","media":{"large":[{"alt":"Superpowder Double Face Pudra","height":1200,"position":1,"src":"/media/export/cms/products/1200x1500/cl_sku_647J07_1200x1500_0.png","type":"image","width":1500}],"medium":[{"alt":"Superpowder Double Face Pudra","height":600,"position":3,"src":"/media/export/cms/products/600x750/cl_sku_647J07_600x750_0.png","type":"image","width":750}],"model":[{"alt":"Superpowder Double Face Pudra","height":null,"position":2,"src":"/media/export/cms/model/MF1.jpg","type":"image","width":null}],"poster":null,"small":[{"alt":"Superpowder Double Face Pudra","height":1200,"position":4,"src":"/media/export/cms/products/1200x1500/cl_sku_647J07_1200x1500_0.png","type":"image","width":1500}],"smoosh":[{"alt":"Superpowder Double Face Pudra","height":1200,"position":0,"src":"/media/export/cms/products/1200x1500/swatches_v3/02_ns_ng.png","type":"image","width":1500}],"xl":null},"out_of_stock_threshold":null,"perlgem":{"SKU_BASE_ID":12107},"preorder_date":null,"prices":[{"currency":"TRY","exclude_tax":{"original_price":285,"original_price_formatted":"285.00 TL","price":285,"price_formatted":"285.00 TL","price_per_unit":null,"price_per_unit_formatted":""},"include_tax":{"original_price":285,"original_price_formatted":"285.00 TL","price":285,"price_formatted":"285.00 TL","price_per_unit":null,"price_per_unit_formatted":""},"is_discounted":false}],"purchase_limit":null,"replenishment":{"message":"Never run low on your favourites. Sign up for Auto-Ship. Learn more >"},"reviews":{"average_rating":null,"number_of_questions":null,"number_of_reviews":null},"set_components":null,"shade_groups":null,"shades":[{"description":"","hex_val":"#CCA588","image":{"height":null,"src":"","width":null},"name":"Matte Neutral","smoosh_design":{"group_id":null,"name":"02::none::none"}}],"sizes":[{"key":1,"value":"10 g"}],"skin":{"tone":null,"type":[{"key":"dry-skintype","value":"dry_skintype"}],"type_description":null},"sku_badge":null,"sku_badge_image":null,"sku_display_order":1,"sku_id":"647J07","sku_promo_messaging":null,"sku_type":"SE","sku_url":null,"tags":{"total":11,"items":[{"id":"24180","key":"tamamlayici-ürünler","value":"TAMAMLAYICI ÜRÜNLER"},{"id":"27172","key":"day5flashsale","value":"Day5FlashSale"},{"id":"1607","key":"pudra","value":"PUDRA"},{"id":"9425","key":"top-rated-makeup","value":"top rated makeup"},{"id":"27174","key":"day7flashsale","value":"Day7FlashSale"},{"id":"10589","key":"offers-lp","value":"Offers LP"},{"id":"13562","key":"yeni̇-yil-makyaj","value":"YENİ YIL MAKYAJ"},{"id":"12537","key":"çok-satan-makyaj-ürünleri̇","value":"ÇOK SATAN MAKYAJ ÜRÜNLERİ"},{"id":"9422","key":"socialmediafavs","value":"socialmediafavs"},{"id":"1599","key":"fondöten","value":"FONDÖTEN"},{"id":"27171","key":"day4flashsale","value":"Day4FlashSale"}]},"texture":null,"undertone":[{"key":"cool-undertone","value":"cool_undertone"}],"unit_of_measure":null,"unit_size":null,"unit_size_formatted":null,"upc":"020714066376","vto":{"is_color_experience":null,"is_foundation_experience":null}},{"color_family":[{"key":"fair-color","value":"fair_color"}],"coverage_options":null,"cross_sell":null,"display_status":7,"finish":[{"key":"matte-finish","value":"matte_finish"}],"finish_options":[{"key":"matte-finish","value":"matte_finish"}],"fragrances":[{"family":null,"key":null,"value":null}],"iln_listing":null,"iln_version_number":null,"inventory_status":"Active","is_active":true,"is_coming_soon":null,"is_default_sku":true,"is_discountable":true,"is_displayable":null,"is_engravable":null,"is_fragrance":null,"is_giftable":null,"is_giftwrap":false,"is_inactive":null,"is_multi_shaded":null,"is_out_of_stock":null,"is_preorder":false,"is_preorderable":null,"is_promotional":null,"is_replenishable":false,"is_search_suppressed":null,"is_searchable":true,"is_shaded":null,"is_sized":null,"is_sold_out":null,"is_under_weight_hazmat":false,"is_vto_enabled":null,"life_of_product":"Basic Reorder","material_code":"647J020001","media":{"large":[{"alt":"Superpowder Double Face Pudra","height":1200,"position":1,"src":"/media/export/cms/products/1200x1500/cl_sku_647J02_1200x1500_0.png","type":"image","width":1500}],"medium":[{"alt":"Superpowder Double Face Pudra","height":600,"position":3,"src":"/media/export/cms/products/600x750/cl_sku_647J02_600x750_0.png","type":"image","width":750},{"alt":"Superpowder Double Face Pudra","height":600,"position":4,"src":"/media/export/cms/products/600x750/cl_sku_647J02_600x750_1.png","type":"image","width":750}],"model":[{"alt":"Superpowder Double Face Pudra","height":null,"position":2,"src":"/media/export/cms/model/MF2.jpg","type":"image","width":null}],"poster":null,"small":[{"alt":"Superpowder Double Face Pudra","height":1200,"position":5,"src":"/media/export/cms/products/1200x1500/cl_sku_647J02_1200x1500_0.png","type":"image","width":1500}],"smoosh":[{"alt":"Superpowder Double Face Pudra","height":1200,"position":0,"src":"/media/export/cms/products/1200x1500/swatches_v3/02_ns_ng.png","type":"image","width":1500}],"xl":null},"out_of_stock_threshold":null,"perlgem":{"SKU_BASE_ID":12103},"preorder_date":null,"prices":[{"currency":"TRY","exclude_tax":{"original_price":285,"original_price_formatted":"285.00 TL","price":285,"price_formatted":"285.00 TL","price_per_unit":null,"price_per_unit_formatted":""},"include_tax":{"original_price":285,"original_price_formatted":"285.00 TL","price":285,"price_formatted":"285.00 TL","price_per_unit":null,"price_per_unit_formatted":""},"is_discounted":false}],"purchase_limit":null,"replenishment":{"message":"Never run low on your favourites. Sign up for Auto-Ship. Learn more >"},"reviews":{"average_rating":null,"number_of_questions":null,"number_of_reviews":null},"set_components":null,"shade_groups":null,"shades":[{"description":"","hex_val":"#F4CBAF","image":{"height":null,"src":"","width":null},"name":"Matte Beige","smoosh_design":{"group_id":null,"name":"02::none::none"}}],"sizes":[{"key":1,"value":"10 g"}],"skin":{"tone":null,"type":[{"key":"dry-skintype","value":"dry_skintype"}],"type_description":null},"sku_badge":null,"sku_badge_image":null,"sku_display_order":4,"sku_id":"647J02","sku_promo_messaging":null,"sku_type":"SE","sku_url":null,"tags":{"total":11,"items":[{"id":"1592","key":"makyaj","value":"MAKYAJ"},{"id":"24180","key":"tamamlayici-ürünler","value":"TAMAMLAYICI ÜRÜNLER"},{"id":"27172","key":"day5flashsale","value":"Day5FlashSale"},{"id":"1607","key":"pudra","value":"PUDRA"},{"id":"9425","key":"top-rated-makeup","value":"top rated makeup"},{"id":"10589","key":"offers-lp","value":"Offers LP"},{"id":"13562","key":"yeni̇-yil-makyaj","value":"YENİ YIL MAKYAJ"},{"id":"12537","key":"çok-satan-makyaj-ürünleri̇","value":"ÇOK SATAN MAKYAJ ÜRÜNLERİ"},{"id":"9422","key":"socialmediafavs","value":"socialmediafavs"},{"id":"1599","key":"fondöten","value":"FONDÖTEN"},{"id":"27171","key":"day4flashsale","value":"Day4FlashSale"}]},"texture":null,"undertone":[{"key":"cool-undertone","value":"cool_undertone"}],"unit_of_measure":null,"unit_size":null,"unit_size_formatted":null,"upc":"020714066321","vto":{"is_color_experience":null,"is_foundation_experience":null}},{"color_family":[{"key":"medium-color","value":"medium_color"}],"coverage_options":null,"cross_sell":null,"display_status":7,"finish":[{"key":"matte-finish","value":"matte_finish"}],"finish_options":[{"key":"matte-finish","value":"matte_finish"}],"fragrances":[{"family":null,"key":null,"value":null}],"iln_listing":null,"iln_version_number":null,"inventory_status":"Active","is_active":true,"is_coming_soon":null,"is_default_sku":false,"is_discountable":true,"is_displayable":null,"is_engravable":null,"is_fragrance":null,"is_giftable":null,"is_giftwrap":false,"is_inactive":null,"is_multi_shaded":null,"is_out_of_stock":null,"is_preorder":false,"is_preorderable":null,"is_promotional":null,"is_replenishable":false,"is_search_suppressed":null,"is_searchable":true,"is_shaded":null,"is_sized":null,"is_sold_out":null,"is_under_weight_hazmat":false,"is_vto_enabled":null,"life_of_product":"Basic Reorder","material_code":"647J040001","media":{"large":[{"alt":"Superpowder Double Face Pudra","height":1200,"position":1,"src":"/media/export/cms/products/1200x1500/cl_sku_647J04_1200x1500_0.png","type":"image","width":1500}],"medium":[{"alt":"Superpowder Double Face Pudra","height":600,"position":3,"src":"/media/export/cms/products/600x750/cl_sku_647J04_600x750_0.png","type":"image","width":750}],"model":[{"alt":"Superpowder Double Face Pudra","height":null,"position":2,"src":"/media/export/cms/model/M2.jpg","type":"image","width":null}],"poster":null,"small":[{"alt":"Superpowder Double Face Pudra","height":1200,"position":4,"src":"/media/export/cms/products/1200x1500/cl_sku_647J04_1200x1500_0.png","type":"image","width":1500}],"smoosh":[{"alt":"Superpowder Double Face Pudra","height":1200,"position":0,"src":"/media/export/cms/products/1200x1500/swatches_v3/02_ns_ng.png","type":"image","width":1500}],"xl":null},"out_of_stock_threshold":null,"perlgem":{"SKU_BASE_ID":12104},"preorder_date":null,"prices":[{"currency":"TRY","exclude_tax":{"original_price":285,"original_price_formatted":"285.00 TL","price":285,"price_formatted":"285.00 TL","price_per_unit":null,"price_per_unit_formatted":""},"include_tax":{"original_price":285,"original_price_formatted":"285.00 TL","price":285,"price_formatted":"285.00 TL","price_per_unit":null,"price_per_unit_formatted":""},"is_discounted":false}],"purchase_limit":null,"replenishment":{"message":"Never run low on your favourites. Sign up for Auto-Ship. Learn more >"},"reviews":{"average_rating":null,"number_of_questions":null,"number_of_reviews":null},"set_components":null,"shade_groups":null,"shades":[{"description":"","hex_val":"#EFC8B3","image":{"height":null,"src":"","width":null},"name":"Matte Honey","smoosh_design":{"group_id":null,"name":"02::none::none"}}],"sizes":[{"key":1,"value":"10 g"}],"skin":{"tone":null,"type":[{"key":"dry-skintype","value":"dry_skintype"}],"type_description":null},"sku_badge":null,"sku_badge_image":null,"sku_display_order":6,"sku_id":"647J04","sku_promo_messaging":null,"sku_type":"SE","sku_url":null,"tags":{"total":11,"items":[{"id":"24180","key":"tamamlayici-ürünler","value":"TAMAMLAYICI ÜRÜNLER"},{"id":"27172","key":"day5flashsale","value":"Day5FlashSale"},{"id":"1607","key":"pudra","value":"PUDRA"},{"id":"9425","key":"top-rated-makeup","value":"top rated makeup"},{"id":"27174","key":"day7flashsale","value":"Day7FlashSale"},{"id":"10589","key":"offers-lp","value":"Offers LP"},{"id":"13562","key":"yeni̇-yil-makyaj","value":"YENİ YIL MAKYAJ"},{"id":"12537","key":"çok-satan-makyaj-ürünleri̇","value":"ÇOK SATAN MAKYAJ ÜRÜNLERİ"},{"id":"9422","key":"socialmediafavs","value":"socialmediafavs"},{"id":"1599","key":"fondöten","value":"FONDÖTEN"},{"id":"27171","key":"day4flashsale","value":"Day4FlashSale"}]},"texture":null,"undertone":[{"key":"cool-undertone","value":"cool_undertone"}],"unit_of_measure":null,"unit_size":null,"unit_size_formatted":null,"upc":"020714066345","vto":{"is_color_experience":null,"is_foundation_experience":null}}]},"sub_display_name":null,"sub_header":null,"tags":{"total":12,"items":[{"id":"1592","key":"makyaj","parent_tag_id":null,"product_display_order":95,"value":"MAKYAJ"},{"id":"24180","key":"tamamlayici-ürünler","parent_tag_id":"1667","product_display_order":0,"value":"TAMAMLAYICI ÜRÜNLER"},{"id":"27172","key":"day5flashsale","parent_tag_id":"1590","product_display_order":68,"value":"Day5FlashSale"},{"id":"1607","key":"pudra","parent_tag_id":"1592","product_display_order":2,"value":"PUDRA"},{"id":"9425","key":"top-rated-makeup","parent_tag_id":"9420","product_display_order":0,"value":"top rated makeup"},{"id":"27174","key":"day7flashsale","parent_tag_id":"1590","product_display_order":0,"value":"Day7FlashSale"},{"id":"10589","key":"offers-lp","parent_tag_id":null,"product_display_order":1,"value":"Offers LP"},{"id":"13562","key":"yeni̇-yil-makyaj","parent_tag_id":"13561","product_display_order":0,"value":"YENİ YIL MAKYAJ"},{"id":"12537","key":"çok-satan-makyaj-ürünleri̇","parent_tag_id":"1592","product_display_order":12,"value":"ÇOK SATAN MAKYAJ ÜRÜNLERİ"},{"id":"9422","key":"socialmediafavs","parent_tag_id":"9420","product_display_order":1,"value":"socialmediafavs"},{"id":"1599","key":"fondöten","parent_tag_id":"1592","product_display_order":23,"value":"FONDÖTEN"},{"id":"27171","key":"day4flashsale","parent_tag_id":"1590","product_display_order":0,"value":"Day4FlashSale"}]},"usage":[{"content":"<UL><LI><A href=\"/cms/product/franchise/3step_system_detail.tmpl\">3 Adımlı Cilt Bakım Sistemini</A> uyguladıktan sonra temiz cilde sürünüz.</LI><LI>Sünger aplikatör ile pudrayı alın. </LI><LI>Gerekli duyulan bölgeye veya tüm yüze uygulayabilirsiniz.</LI><LI>Kusursuz bir görünüm için iyice yayın, özellikle çene çizgisinde. </LI><LI>Sünger aplikatör su ve sabun ile yıkanabilir. Kullanmadan önce kuru olduğundan emin olun. </LI></UL>","label":"PRODUCT USAGE","type":"product_usage"},{"content":null,"label":"HOW DOES IT WORK","type":"how_does_it_work"},{"content":"Kuru karma ciltler","label":"WHO IT IS FOR","type":"who_it_is_for"},{"content":null,"label":"GREAT TO KNOW","type":"great_to_know"},{"content":"Tek bir dokunuşla hem fondöten hem de pudra etkisi verir. Uzun süre kalıcıdır, pudra olarak tam bir kapatıcılık sağlar.<br><br><b>Nasıl Kullanılır?</b><br><ul><li>Birlikte verilen sünger aplikatörü ile pürüzsüz hale getirin.</li><li>Yüzün ortasından başlayarak dışa doğru dağıtarak uygulayın.Kesintisiz bir görünüm için, özellikle çene çizgisi boyunca iyice karıştırın.</li><li>Sünger aplikatörü su ve sabunla yıkanabilir; bir sonraki kullanımdan önce tamamen kurumasını bekleyin.</li></ul>","label":"WHAT_IT_DOES","type":"what_it_does"},{"content":"Tek bir dokunuşla hem fondöten hem de pudra etkisi verir. Uzun süre kalıcıdır.","label":"WHAT_IT_IS","type":"what_it_is"}],"objectID":"6077"},{"benefit":{"statement":null,"benefits":null},"brand":null,"collection":null,"coverage":null,"cross_sell":[{"sku_id":"6F0K01","sort_key":1},{"sku_id":"68A001","sort_key":2},{"sku_id":null,"sort_key":3},{"sku_id":"6MNY01","sort_key":4},{"sku_id":"645J01","sort_key":5},{"sku_id":"6F3701","sort_key":6}],"default_category":{"id":"1597","key":"eyeliner"},"description":"<P>Parıltılı, yumuşak uçlu, eyeliner etkili göz kalemi. Belirgin ve dolgun çizgisiyle, uzun süre kalıcılık sağlar. Yayılmaz, akmaz. Suya ve tere dayanıklıdır. Ucunu açmak kolaydır. Oftalmoloji testinden geçmiştir.</P>","display_mode":null,"display_name":"Cream Shaper For Eyes Göz Kalemi","display_status":7,"finish":null,"form":null,"formula_type":null,"fragrance_family":null,"indexable_keywords":[{"value":"eyeliner"}],"is_hazmat":false,"is_product_coming_soon":null,"is_product_displayable":true,"is_product_searchable":true,"is_product_shoppable":true,"is_product_sold_out":null,"is_product_temporarily_out_of_stock":null,"is_search_suppressed":null,"key_ingredient":null,"media":{"large":null,"medium":null,"poster":null,"small":null,"videos":[{"position":null,"poster":{"height":null,"src":null,"width":null},"provider":null,"src":null},{"position":null,"poster":{"height":null,"src":null,"width":null},"provider":null,"src":null},{"position":null,"poster":{"height":null,"src":null,"width":null},"provider":null,"src":null}],"xl":null},"meta":{"description":null,"keywords":"Eyeliner"},"parent_category":[{"id":"1597","value":"EYELINER "},{"id":"1592","value":"MAKYAJ"}],"product_badge":null,"product_id":"6140","product_title_tag":null,"product_type":"Shaded","product_url":"/product/1597/6140/makyaj/eyeliner/cream-shaper-for-eyes-goz-kalemi","reviews":{"average_rating":4,"number_of_questions":null,"number_of_reviews":7},"shade_groups":null,"short_description":"Parıltılı, yumuşak uçlu, eyeliner etkili göz kalemi. Belirgin ve dolgun çizgisiyle, uzun süre kalıcılık sağlar. Oftalmoloji testinden geçmiştir.","skin":null,"skin_goal":null,"skus":{"total":2,"items":[{"color_family":null,"coverage_options":null,"cross_sell":null,"display_status":1,"finish":null,"finish_options":null,"fragrances":[{"family":null,"key":null,"value":null}],"iln_listing":null,"iln_version_number":null,"inventory_status":"Active","is_active":true,"is_coming_soon":null,"is_default_sku":false,"is_discountable":true,"is_displayable":null,"is_engravable":null,"is_fragrance":null,"is_giftable":null,"is_giftwrap":false,"is_inactive":null,"is_multi_shaded":null,"is_out_of_stock":null,"is_preorder":false,"is_preorderable":null,"is_promotional":null,"is_replenishable":false,"is_search_suppressed":null,"is_searchable":true,"is_shaded":null,"is_sized":null,"is_sold_out":null,"is_under_weight_hazmat":false,"is_vto_enabled":null,"life_of_product":"Basic Reorder","material_code":"6FP2050001","media":{"large":[{"alt":"Cream Shaper For Eyes Göz Kalemi","height":1200,"position":1,"src":"/media/export/cms/products/1200x1500/cl_sku_6FP205_1200x1500_0.png","type":"image","width":1500}],"medium":[{"alt":"Cream Shaper For Eyes Göz Kalemi","height":600,"position":2,"src":"/media/export/cms/products/600x750/cl_sku_6FP205_600x750_0.png","type":"image","width":750}],"model":null,"poster":null,"small":[{"alt":"Cream Shaper For Eyes Göz Kalemi","height":1200,"position":3,"src":"/media/export/cms/products/1200x1500/cl_sku_6FP205_1200x1500_0.png","type":"image","width":1500}],"smoosh":[{"alt":"Cream Shaper For Eyes Göz Kalemi","height":1200,"position":0,"src":"/media/export/cms/products/1200x1500/swatches_v3/53_ns_ng.png","type":"image","width":1500}],"xl":null},"out_of_stock_threshold":null,"perlgem":{"SKU_BASE_ID":13439},"preorder_date":null,"prices":[{"currency":"TRY","exclude_tax":{"original_price":169,"original_price_formatted":"169.00 TL","price":169,"price_formatted":"169.00 TL","price_per_unit":null,"price_per_unit_formatted":""},"include_tax":{"original_price":169,"original_price_formatted":"169.00 TL","price":169,"price_formatted":"169.00 TL","price_per_unit":null,"price_per_unit_formatted":""},"is_discounted":false}],"purchase_limit":null,"replenishment":{"message":"Never run low on your favourites. Sign up for Auto-Ship. Learn more >"},"reviews":{"average_rating":null,"number_of_questions":null,"number_of_reviews":null},"set_components":null,"shade_groups":null,"shades":[{"description":"bronz ışıltılı çikolata kahverengi","hex_val":"#4e2f2d","image":{"height":null,"src":"","width":null},"name":"Chocolate Lustre","smoosh_design":{"group_id":null,"name":"53::none::none"}}],"sizes":[{"key":1,"value":"1.2 g"}],"skin":{"tone":null,"type":null,"type_description":null},"sku_badge":null,"sku_badge_image":null,"sku_display_order":2,"sku_id":"6FP205","sku_promo_messaging":null,"sku_type":"SE","sku_url":null,"tags":{"total":8,"items":[{"id":"27171","key":"day4flashsale","value":"Day4FlashSale"},{"id":"13562","key":"yeni̇-yil-makyaj","value":"YENİ YIL MAKYAJ"},{"id":"9422","key":"socialmediafavs","value":"socialmediafavs"},{"id":"27174","key":"day7flashsale","value":"Day7FlashSale"},{"id":"1592","key":"makyaj","value":"MAKYAJ"},{"id":"27172","key":"day5flashsale","value":"Day5FlashSale"},{"id":"1597","key":"eyeliner","value":"EYELINER "},{"id":"10589","key":"offers-lp","value":"Offers LP"}]},"texture":null,"undertone":null,"unit_of_measure":null,"unit_size":null,"unit_size_formatted":null,"upc":"020714236960","vto":{"is_color_experience":null,"is_foundation_experience":null}},{"color_family":null,"coverage_options":null,"cross_sell":null,"display_status":7,"finish":null,"finish_options":null,"fragrances":[{"family":null,"key":null,"value":null}],"iln_listing":null,"iln_version_number":null,"inventory_status":"Active","is_active":true,"is_coming_soon":null,"is_default_sku":false,"is_discountable":true,"is_displayable":null,"is_engravable":null,"is_fragrance":null,"is_giftable":null,"is_giftwrap":false,"is_inactive":null,"is_multi_shaded":null,"is_out_of_stock":null,"is_preorder":false,"is_preorderable":null,"is_promotional":null,"is_replenishable":false,"is_search_suppressed":null,"is_searchable":true,"is_shaded":null,"is_sized":null,"is_sold_out":null,"is_under_weight_hazmat":false,"is_vto_enabled":null,"life_of_product":"Basic Reorder","material_code":"6FP2010001","media":{"large":[{"alt":"Cream Shaper For Eyes Göz Kalemi","height":1200,"position":1,"src":"/media/export/cms/products/1200x1500/cl_sku_6FP201_1200x1500_0.png","type":"image","width":1500}],"medium":[{"alt":"Cream Shaper For Eyes Göz Kalemi","height":600,"position":2,"src":"/media/export/cms/products/600x750/cl_sku_6FP201_600x750_0.png","type":"image","width":750}],"model":null,"poster":null,"small":[{"alt":"Cream Shaper For Eyes Göz Kalemi","height":1200,"position":3,"src":"/media/export/cms/products/1200x1500/cl_sku_6FP201_1200x1500_0.png","type":"image","width":1500}],"smoosh":[{"alt":"Cream Shaper For Eyes Göz Kalemi","height":1200,"position":0,"src":"/media/export/cms/products/1200x1500/swatches_v3/53_ns_ng.png","type":"image","width":1500}],"xl":null},"out_of_stock_threshold":null,"perlgem":{"SKU_BASE_ID":13435},"preorder_date":null,"prices":[{"currency":"TRY","exclude_tax":{"original_price":169,"original_price_formatted":"169.00 TL","price":169,"price_formatted":"169.00 TL","price_per_unit":null,"price_per_unit_formatted":""},"include_tax":{"original_price":169,"original_price_formatted":"169.00 TL","price":169,"price_formatted":"169.00 TL","price_per_unit":null,"price_per_unit_formatted":""},"is_discounted":false}],"purchase_limit":null,"replenishment":{"message":"Never run low on your favourites. Sign up for Auto-Ship. Learn more >"},"reviews":{"average_rating":null,"number_of_questions":null,"number_of_reviews":null},"set_components":null,"shade_groups":null,"shades":[{"description":"gümüş ışıltılı siyah","hex_val":"#151e2c","image":{"height":null,"src":"","width":null},"name":"Black Diamond","smoosh_design":{"group_id":null,"name":"53::none::none"}}],"sizes":[{"key":1,"value":"1.2 g"}],"skin":{"tone":null,"type":null,"type_description":null},"sku_badge":null,"sku_badge_image":null,"sku_display_order":3,"sku_id":"6FP201","sku_promo_messaging":null,"sku_type":"SE","sku_url":null,"tags":{"total":10,"items":[{"id":"27171","key":"day4flashsale","value":"Day4FlashSale"},{"id":"13562","key":"yeni̇-yil-makyaj","value":"YENİ YIL MAKYAJ"},{"id":"9422","key":"socialmediafavs","value":"socialmediafavs"},{"id":"1592","key":"makyaj","value":"MAKYAJ"},{"id":"12537","key":"çok-satan-makyaj-ürünleri̇","value":"ÇOK SATAN MAKYAJ ÜRÜNLERİ"},{"id":"17859","key":"çok-satanlar","value":"ÇOK SATANLAR"},{"id":"27172","key":"day5flashsale","value":"Day5FlashSale"},{"id":"1597","key":"eyeliner","value":"EYELINER "},{"id":"10589","key":"offers-lp","value":"Offers LP"},{"id":"1575","key":"en-çok-satanlar","value":"En Çok Satanlar"}]},"texture":null,"undertone":null,"unit_of_measure":null,"unit_size":null,"unit_size_formatted":null,"upc":"020714236922","vto":{"is_color_experience":null,"is_foundation_experience":null}}]},"sub_display_name":null,"sub_header":null,"tags":{"total":11,"items":[{"id":"27171","key":"day4flashsale","parent_tag_id":"1590","product_display_order":12,"value":"Day4FlashSale"},{"id":"13562","key":"yeni̇-yil-makyaj","parent_tag_id":"13561","product_display_order":40,"value":"YENİ YIL MAKYAJ"},{"id":"9422","key":"socialmediafavs","parent_tag_id":"9420","product_display_order":1,"value":"socialmediafavs"},{"id":"27174","key":"day7flashsale","parent_tag_id":"1590","product_display_order":0,"value":"Day7FlashSale"},{"id":"1592","key":"makyaj","parent_tag_id":null,"product_display_order":7,"value":"MAKYAJ"},{"id":"12537","key":"çok-satan-makyaj-ürünleri̇","parent_tag_id":"1592","product_display_order":0,"value":"ÇOK SATAN MAKYAJ ÜRÜNLERİ"},{"id":"17859","key":"çok-satanlar","parent_tag_id":null,"product_display_order":90,"value":"ÇOK SATANLAR"},{"id":"27172","key":"day5flashsale","parent_tag_id":"1590","product_display_order":0,"value":"Day5FlashSale"},{"id":"1597","key":"eyeliner","parent_tag_id":"1592","product_display_order":2,"value":"EYELINER "},{"id":"10589","key":"offers-lp","parent_tag_id":null,"product_display_order":1,"value":"Offers LP"},{"id":"1575","key":"en-çok-satanlar","parent_tag_id":null,"product_display_order":51,"value":"En Çok Satanlar"}]},"usage":[{"content":"<ul><li>İnce çizgi yapmak için kalemin ucunu sivri olacak şekilde açın ve kirpik diplerine uçtan başlayarak uygulayın.</li><li>Daha dramatik ve kalın çizgiler için, kalem ucunu açmadan yan tutarak uygulayın.</li><li>Sonra, parmak uclarınızla yayın.</li><li>Favori Clinique <a href=\"/product/1673/5380/Skincare/Cleansers_Makeup_Removers/Take-The-Day-Off-Gz-ve-Dudak-Makyaj-Temizleyicisi/index.tmpl\">makyaj temizleyicisi</a> ile temizleyin.</li></ul>","label":"PRODUCT USAGE","type":"product_usage"},{"content":null,"label":"HOW DOES IT WORK","type":"how_does_it_work"},{"content":null,"label":"WHO IT IS FOR","type":"who_it_is_for"},{"content":null,"label":"GREAT TO KNOW","type":"great_to_know"},{"content":null,"label":"WHAT_IT_DOES","type":"what_it_does"},{"content":"<P>Parıltılı, yumuşak uçlu, eyeliner etkili göz kalemi. Belirgin ve dolgun çizgisiyle, uzun süre kalıcılık sağlar. Yayılmaz, akmaz. Suya ve tere dayanıklıdır. Ucunu açmak kolaydır. Oftalmoloji testinden geçmiştir.</P>","label":"WHAT_IT_IS","type":"what_it_is"}],"objectID":"6140"},{"benefit":{"statement":null,"benefits":null},"brand":null,"collection":null,"coverage":null,"cross_sell":[{"sku_id":"71PN01","sort_key":1},{"sku_id":"6F3701","sort_key":2},{"sku_id":"68LE01","sort_key":3},{"sku_id":"62A401","sort_key":4},{"sku_id":"76WY01","sort_key":5},{"sku_id":"63YY01","sort_key":6}],"default_category":{"id":"1683","key":"göz-dudak-bakimi"},"description":"Yoğun dudak bakımı dudak ve çevresindeki çizgileri ve pürüzlerin azalmasına yardımcı olur. Dudağınızın doğal nemini yeniler, yumuşak ve dolgun olmasını sağlar.","display_mode":null,"display_name":"Repairwear Yaşlanma Karşıtı Yoğun Dudak Bakımı","display_status":7,"finish":null,"form":null,"formula_type":null,"fragrance_family":null,"indexable_keywords":[{"value":"onarıcı"},{"value":" repairwear"},{"value":" NEMLENDİRİCİ"},{"value":" stik"},{"value":" çizgiler"},{"value":" yaşlanma karşıtı"}],"is_hazmat":false,"is_product_coming_soon":null,"is_product_displayable":true,"is_product_searchable":true,"is_product_shoppable":true,"is_product_sold_out":null,"is_product_temporarily_out_of_stock":null,"is_search_suppressed":null,"key_ingredient":null,"media":{"large":null,"medium":null,"poster":null,"small":null,"videos":[{"position":null,"poster":{"height":null,"src":null,"width":null},"provider":null,"src":null},{"position":null,"poster":{"height":null,"src":null,"width":null},"provider":null,"src":null},{"position":null,"poster":{"height":null,"src":null,"width":null},"provider":null,"src":null}],"xl":null},"meta":{"description":null,"keywords":"Repair, wear, MOISTURE, stick, Wrinkles, repairware, age, ware, age"},"parent_category":[{"id":"1683","value":"GÖZ & DUDAK BAKIMI"},{"id":"1667","value":"CİLT BAKIMI"}],"product_badge":null,"product_id":"6152","product_title_tag":null,"product_type":"Other","product_url":"/product/1683/6152/cilt-bakimi/goz-dudak-bakimi/repairwear-yaslanma-karst-yogun-dudak-bakm","reviews":{"average_rating":null,"number_of_questions":null,"number_of_reviews":null},"shade_groups":null,"short_description":"Yoğun dudak bakımı dudağınız ve çevresindeki çizgi ve pürüzlerin giderilmesine yardımcı olur.","skin":null,"skin_goal":null,"skus":{"total":1,"items":[{"color_family":null,"coverage_options":null,"cross_sell":null,"display_status":7,"finish":null,"finish_options":null,"fragrances":[{"family":null,"key":null,"value":null}],"iln_listing":null,"iln_version_number":null,"inventory_status":"Active","is_active":true,"is_coming_soon":null,"is_default_sku":false,"is_discountable":true,"is_displayable":null,"is_engravable":null,"is_fragrance":null,"is_giftable":null,"is_giftwrap":false,"is_inactive":null,"is_multi_shaded":null,"is_out_of_stock":null,"is_preorder":false,"is_preorderable":null,"is_promotional":null,"is_replenishable":false,"is_search_suppressed":null,"is_searchable":true,"is_shaded":null,"is_sized":null,"is_sold_out":null,"is_under_weight_hazmat":false,"is_vto_enabled":null,"life_of_product":"Basic Reorder","material_code":"6FGH010001","media":{"large":[{"alt":"Repairwear Yaşlanma Karşıtı Yoğun Dudak Bakımı","height":1200,"position":0,"src":"/media/export/cms/products/1200x1500/cl_sku_6FGH01_1200x1500_0.png","type":"image","width":1500}],"medium":[{"alt":"Repairwear Yaşlanma Karşıtı Yoğun Dudak Bakımı","height":600,"position":1,"src":"/media/export/cms/products/600x750/cl_sku_6FGH01_600x750_0.png","type":"image","width":750}],"model":null,"poster":null,"small":[{"alt":"Repairwear Yaşlanma Karşıtı Yoğun Dudak Bakımı","height":1200,"position":2,"src":"/media/export/cms/products/1200x1500/cl_sku_6FGH01_1200x1500_0.png","type":"image","width":1500}],"smoosh":null,"xl":null},"out_of_stock_threshold":null,"perlgem":{"SKU_BASE_ID":13392},"preorder_date":null,"prices":[{"currency":"TRY","exclude_tax":{"original_price":265,"original_price_formatted":"265.00 TL","price":265,"price_formatted":"265.00 TL","price_per_unit":null,"price_per_unit_formatted":""},"include_tax":{"original_price":265,"original_price_formatted":"265.00 TL","price":265,"price_formatted":"265.00 TL","price_per_unit":null,"price_per_unit_formatted":""},"is_discounted":false}],"purchase_limit":null,"replenishment":{"message":"Recommended Auto-Ship cycle: 4 weeks  Learn more >"},"reviews":{"average_rating":null,"number_of_questions":null,"number_of_reviews":null},"set_components":null,"shade_groups":null,"shades":null,"sizes":[{"key":1,"value":"4 g"}],"skin":{"tone":null,"type":null,"type_description":null},"sku_badge":null,"sku_badge_image":null,"sku_display_order":0,"sku_id":"6FGH01","sku_promo_messaging":null,"sku_type":"SE","sku_url":null,"tags":{"total":9,"items":[{"id":"25356","key":"lip-care","value":"Lip Care"},{"id":"1683","key":"göz-dudak-bakimi","value":"GÖZ & DUDAK BAKIMI"},{"id":"27174","key":"day7flashsale","value":"Day7FlashSale"},{"id":"13659","key":"travel-minis","value":"Travel Minis"},{"id":"1676","key":"724-onarım","value":"7/24 Onarım"},{"id":"27169","key":"day2flashsale","value":"Day2FlashSale"},{"id":"13563","key":"yeni̇-yil-ci̇lt-bakimi","value":"YENİ YIL CİLT BAKIMI"},{"id":"1685","key":"hedi̇yeler-setler","value":"HEDİYELER & SETLER"},{"id":"27172","key":"day5flashsale","value":"Day5FlashSale"}]},"texture":null,"undertone":null,"unit_of_measure":null,"unit_size":null,"unit_size_formatted":null,"upc":"020714233907","vto":{"is_color_experience":null,"is_foundation_experience":null}}]},"sub_display_name":null,"sub_header":null,"tags":{"total":9,"items":[{"id":"25356","key":"lip-care","parent_tag_id":"1667","product_display_order":0,"value":"Lip Care"},{"id":"1683","key":"göz-dudak-bakimi","parent_tag_id":"1667","product_display_order":11,"value":"GÖZ & DUDAK BAKIMI"},{"id":"27174","key":"day7flashsale","parent_tag_id":"1590","product_display_order":0,"value":"Day7FlashSale"},{"id":"13659","key":"travel-minis","parent_tag_id":"1667","product_display_order":11,"value":"Travel Minis"},{"id":"1676","key":"724-onarım","parent_tag_id":"1674","product_display_order":7,"value":"7/24 Onarım"},{"id":"27169","key":"day2flashsale","parent_tag_id":"1590","product_display_order":0,"value":"Day2FlashSale"},{"id":"13563","key":"yeni̇-yil-ci̇lt-bakimi","parent_tag_id":"13561","product_display_order":25,"value":"YENİ YIL CİLT BAKIMI"},{"id":"1685","key":"hedi̇yeler-setler","parent_tag_id":"1684","product_display_order":1,"value":"HEDİYELER & SETLER"},{"id":"27172","key":"day5flashsale","parent_tag_id":"1590","product_display_order":117,"value":"Day5FlashSale"}]},"usage":[{"content":"<ul><li>Günde sabah ve akşam olmak üzere iki kez uygulayın.</li><li>Ruj sürmeden önce dudağınıza uygulayabilirsiniz.</li></ul>","label":"PRODUCT USAGE","type":"product_usage"},{"content":null,"label":"HOW DOES IT WORK","type":"how_does_it_work"},{"content":null,"label":"WHO IT IS FOR","type":"who_it_is_for"},{"content":null,"label":"GREAT TO KNOW","type":"great_to_know"},{"content":null,"label":"WHAT_IT_DOES","type":"what_it_does"},{"content":"<P>Dudaklara yoğun bakım yaparken aynı zamanda çizgi ve kırışık görünümünü azaltmaya yardımcı olur.&nbsp; uzun süre yumuşak ve nemli kalmasına katkıda bulunur.</P><P>Antioksidan içeriği ile çevresel zararlara karşı dudaklarınızı korumaya yardımcı olur.</P>","label":"WHAT_IT_IS","type":"what_it_is"}],"objectID":"6152"},{"benefit":{"statement":null,"benefits":null},"brand":null,"collection":null,"coverage":null,"cross_sell":[{"sku_id":"6KN901","sort_key":1},{"sku_id":"6K0G01","sort_key":2},{"sku_id":"6KNA01","sort_key":3},{"sku_id":"6F3701","sort_key":4},{"sku_id":"6KNE01","sort_key":5},{"sku_id":"68LE01","sort_key":6}],"default_category":{"id":"14706","key":"maskeler"},"description":"<P>Doğal içerikli kil maskesi. Cilt kirliliği ve yağı nedeniyle oluşabilecek sivilcelerin önlenmesine katkıda bulunur. Tıkalı gözeneklerin derinlemesine inerek temizleme, fazla yağı arındırmada katkıda bulunur.&nbsp;Cildin daha temiz, pürüzsüz ve yumuşak görünüm kazanmasını destekler. Yağsızdır.</P><P>&nbsp;Aynı zamanda sivilcelerin yayılmasını ve oluşabilecek yeni sivilceleri de önlemeye yardımcıdır.<BR>- Kaolin kili ve Saccharina Özü, cildi derinlemesine temizleyerek cilt yüzeyindeki yağı absorbe etmeye yardımcı olur.<BR>- Sivilce karşıtı içerikler, akneye sebep olan faktörlerin kontrol altına alınmasına yardımcı olur.<BR></P>","display_mode":null,"display_name":"Anti-Blemish Sivilce Karşıtı Yağ Kontrol Maskesi","display_status":7,"finish":null,"form":null,"formula_type":null,"fragrance_family":null,"indexable_keywords":null,"is_hazmat":false,"is_product_coming_soon":null,"is_product_displayable":true,"is_product_searchable":true,"is_product_shoppable":true,"is_product_sold_out":null,"is_product_temporarily_out_of_stock":null,"is_search_suppressed":null,"key_ingredient":null,"media":{"large":null,"medium":null,"poster":null,"small":null,"videos":[{"position":null,"poster":{"height":null,"src":null,"width":null},"provider":"YouTube","src":null},{"position":null,"poster":{"height":null,"src":null,"width":null},"provider":"YouTube","src":null},{"position":null,"poster":{"height":null,"src":null,"width":null},"provider":"YouTube","src":null}],"xl":null},"meta":{"description":null,"keywords":"antiblemish, anti blemish, anti-blemish"},"parent_category":[{"id":"14706","value":"MASKELER"},{"id":"1667","value":"CİLT BAKIMI"}],"product_badge":null,"product_id":"6179","product_title_tag":null,"product_type":"Other","product_url":"/product/14706/6179/cilt-bakimi/maskeler/anti-blemish-sivilce-karst-yag-kontrol-maskesi","reviews":{"average_rating":4,"number_of_questions":null,"number_of_reviews":2},"shade_groups":null,"short_description":"Pürüzleri ciltten arındırır ve ileride oluşacak sivilceleri engeller.","skin":null,"skin_goal":null,"skus":{"total":1,"items":[{"color_family":null,"coverage_options":null,"cross_sell":null,"display_status":7,"finish":null,"finish_options":null,"fragrances":[{"family":null,"key":null,"value":null}],"iln_listing":null,"iln_version_number":null,"inventory_status":"Active","is_active":true,"is_coming_soon":null,"is_default_sku":false,"is_discountable":true,"is_displayable":null,"is_engravable":null,"is_fragrance":null,"is_giftable":null,"is_giftwrap":false,"is_inactive":null,"is_multi_shaded":null,"is_out_of_stock":null,"is_preorder":false,"is_preorderable":null,"is_promotional":null,"is_replenishable":false,"is_search_suppressed":null,"is_searchable":true,"is_shaded":null,"is_sized":null,"is_sold_out":null,"is_under_weight_hazmat":false,"is_vto_enabled":null,"life_of_product":"Basic Reorder","material_code":"68G5010001","media":{"large":[{"alt":"Anti-Blemish Sivilce Karşıtı Yağ Kontrol Maskesi","height":1200,"position":0,"src":"/media/export/cms/products/1200x1500/cl_sku_68G501_1200x1500_0.png","type":"image","width":1500}],"medium":[{"alt":"Anti-Blemish Sivilce Karşıtı Yağ Kontrol Maskesi","height":600,"position":1,"src":"/media/export/cms/products/600x750/cl_sku_68G501_600x750_0.png","type":"image","width":750}],"model":null,"poster":null,"small":[{"alt":"Anti-Blemish Sivilce Karşıtı Yağ Kontrol Maskesi","height":1200,"position":2,"src":"/media/export/cms/products/1200x1500/cl_sku_68G501_1200x1500_0.png","type":"image","width":1500}],"smoosh":null,"xl":null},"out_of_stock_threshold":null,"perlgem":{"SKU_BASE_ID":12596},"preorder_date":null,"prices":[{"currency":"TRY","exclude_tax":{"original_price":255,"original_price_formatted":"255.00 TL","price":255,"price_formatted":"255.00 TL","price_per_unit":null,"price_per_unit_formatted":""},"include_tax":{"original_price":255,"original_price_formatted":"255.00 TL","price":255,"price_formatted":"255.00 TL","price_per_unit":null,"price_per_unit_formatted":""},"is_discounted":false}],"purchase_limit":null,"replenishment":{"message":"Recommended Auto-Ship cycle: 12 weeks  Learn more >"},"reviews":{"average_rating":null,"number_of_questions":null,"number_of_reviews":null},"set_components":null,"shade_groups":null,"shades":null,"sizes":[{"key":1,"value":"100 ml"}],"skin":{"tone":null,"type":null,"type_description":null},"sku_badge":null,"sku_badge_image":null,"sku_display_order":0,"sku_id":"68G501","sku_promo_messaging":null,"sku_type":"SE","sku_url":null,"tags":{"total":12,"items":[{"id":"17859","key":"çok-satanlar","value":"ÇOK SATANLAR"},{"id":"1682","key":"peeling-ürünleri̇","value":"PEELING ÜRÜNLERİ"},{"id":"1979","key":"sivilce","value":"Sivilce"},{"id":"16741","key":"siyah-nokta-karşıtı","value":"Siyah Nokta Karşıtı"},{"id":"2752","key":"çok-satan-ci̇lt-bakim-ürünleri̇","value":"ÇOK SATAN CİLT BAKIM ÜRÜNLERİ"},{"id":"13563","key":"yeni̇-yil-ci̇lt-bakimi","value":"YENİ YIL CİLT BAKIMI"},{"id":"1672","key":"cilt-bakım-uzmanları","value":"Cilt Bakım Uzmanları"},{"id":"1667","key":"ci̇lt-bakimi","value":"CİLT BAKIMI"},{"id":"14706","key":"maskeler","value":"MASKELER"},{"id":"1575","key":"en-çok-satanlar","value":"En Çok Satanlar"},{"id":"12796","key":"yağlanma-karşiti-ürünler","value":"YAĞLANMA KARŞITI ÜRÜNLER"},{"id":"12517","key":"yağsiz-ci̇lt-bakim-ürünleri̇","value":"YAĞSIZ CİLT BAKIM ÜRÜNLERİ"}]},"texture":null,"undertone":null,"unit_of_measure":null,"unit_size":null,"unit_size_formatted":null,"upc":"020714336615","vto":{"is_color_experience":null,"is_foundation_experience":null}}]},"sub_display_name":null,"sub_header":null,"tags":{"total":12,"items":[{"id":"17859","key":"çok-satanlar","parent_tag_id":null,"product_display_order":78,"value":"ÇOK SATANLAR"},{"id":"1682","key":"peeling-ürünleri̇","parent_tag_id":"1667","product_display_order":6,"value":"PEELING ÜRÜNLERİ"},{"id":"1979","key":"sivilce","parent_tag_id":"1668","product_display_order":0,"value":"Sivilce"},{"id":"16741","key":"siyah-nokta-karşıtı","parent_tag_id":"1667","product_display_order":0,"value":"Siyah Nokta Karşıtı"},{"id":"2752","key":"çok-satan-ci̇lt-bakim-ürünleri̇","parent_tag_id":"1667","product_display_order":0,"value":"ÇOK SATAN CİLT BAKIM ÜRÜNLERİ"},{"id":"13563","key":"yeni̇-yil-ci̇lt-bakimi","parent_tag_id":"13561","product_display_order":1,"value":"YENİ YIL CİLT BAKIMI"},{"id":"1672","key":"cilt-bakım-uzmanları","parent_tag_id":"1668","product_display_order":4,"value":"Cilt Bakım Uzmanları"},{"id":"1667","key":"ci̇lt-bakimi","parent_tag_id":null,"product_display_order":0,"value":"CİLT BAKIMI"},{"id":"14706","key":"maskeler","parent_tag_id":"1667","product_display_order":0,"value":"MASKELER"},{"id":"1575","key":"en-çok-satanlar","parent_tag_id":null,"product_display_order":4,"value":"En Çok Satanlar"},{"id":"12796","key":"yağlanma-karşiti-ürünler","parent_tag_id":"1667","product_display_order":0,"value":"YAĞLANMA KARŞITI ÜRÜNLER"},{"id":"12517","key":"yağsiz-ci̇lt-bakim-ürünleri̇","parent_tag_id":"1667","product_display_order":26,"value":"YAĞSIZ CİLT BAKIM ÜRÜNLERİ"}]},"usage":[{"content":"<ul><li>Temiz cilde eşit olarak uygulayın. </li><li>Göz çevresinden uzak tutun. </li><li>5 dakika bekleyin.</li><li> Ilık su ile temizleyin. </li></ul>","label":"PRODUCT USAGE","type":"product_usage"},{"content":null,"label":"HOW DOES IT WORK","type":"how_does_it_work"},{"content":null,"label":"WHO IT IS FOR","type":"who_it_is_for"},{"content":null,"label":"GREAT TO KNOW","type":"great_to_know"},{"content":null,"label":"WHAT_IT_DOES","type":"what_it_does"},{"content":"<P>Doğal içerikli kil maskesi. Cilt kirliliği ve yağı nedeniyle oluşabilecek sivilcelerin önlenmesine katkıda bulunur. Tıkalı gözeneklerin derinlemesine inerek temizleme, fazla yağı arındırmada katkıda bulunur.&nbsp;Cildin daha temiz, pürüzsüz ve yumuşak görünüm kazanmasını destekler. Yağsızdır.</P><P>&nbsp;Aynı zamanda sivilcelerin yayılmasını ve oluşabilecek yeni sivilceleri de önlemeye yardımcıdır.<BR>- Kaolin kili ve Saccharina Özü, cildi derinlemesine temizleyerek cilt yüzeyindeki yağı absorbe etmeye yardımcı olur.<BR>- Sivilce karşıtı içerikler, akneye sebep olan faktörlerin kontrol altına alınmasına yardımcı olur.<BR></P>","label":"WHAT_IT_IS","type":"what_it_is"}],"objectID":"6179"},{"benefit":{"statement":null,"benefits":null},"brand":null,"collection":null,"coverage":null,"cross_sell":[{"sku_id":"62A401","sort_key":1},{"sku_id":"6MNY01","sort_key":2},{"sku_id":"749K01","sort_key":3},{"sku_id":"68A001","sort_key":4},{"sku_id":"6F3701","sort_key":5},{"sku_id":"68LE01","sort_key":6}],"default_category":{"id":"1607","key":"pudra"},"description":"Mineralden fazlası! Daha mutlu bir cilt için Almost Powder Makeup SPF 15. Uzun süre kalıcı formülü yaşayabileceğiniz gözenek sorunlarına yardımcı olur. Antioksidan ve SPF cildinizin korunmasını destekler. Doğal , 'makyajsız' görünümü ve hafif yapısı ile gün içinde neredeyse varlığını hissetmezsiniz. Kullanımı oldukça kolaydır, sünger ve fırça ile uygulayabilirsiniz.","display_mode":null,"display_name":"Almost Powder Makeup Pudra SPF 15","display_status":7,"finish":null,"form":null,"formula_type":null,"fragrance_family":null,"indexable_keywords":[{"value":"sheer"},{"value":" natural"},{"value":" skin tone"},{"value":" spf"},{"value":" sun protection"},{"value":" lightweight"}],"is_hazmat":false,"is_product_coming_soon":null,"is_product_displayable":true,"is_product_searchable":true,"is_product_shoppable":true,"is_product_sold_out":null,"is_product_temporarily_out_of_stock":null,"is_search_suppressed":null,"key_ingredient":null,"media":{"large":null,"medium":null,"poster":null,"small":null,"videos":[{"position":null,"poster":{"height":null,"src":null,"width":null},"provider":null,"src":null},{"position":null,"poster":{"height":null,"src":null,"width":null},"provider":null,"src":null},{"position":null,"poster":{"height":null,"src":null,"width":null},"provider":null,"src":null}],"xl":null},"meta":{"description":null,"keywords":null},"parent_category":[{"id":"1607","value":"PUDRA"},{"id":"1592","value":"MAKYAJ"}],"product_badge":null,"product_id":"6201","product_title_tag":null,"product_type":"Shaded","product_url":"/product/1607/6201/makyaj/pudra/almost-powder-makeup-pudra-spf-15","reviews":{"average_rating":4.9,"number_of_questions":null,"number_of_reviews":8},"shade_groups":null,"short_description":"Mineralden fazlası! Daha mutlu bir cilt için Almost Powder Makeup SPF 15.","skin":null,"skin_goal":null,"skus":{"total":6,"items":[{"color_family":null,"coverage_options":null,"cross_sell":null,"display_status":7,"finish":null,"finish_options":null,"fragrances":[{"family":null,"key":null,"value":null}],"iln_listing":null,"iln_version_number":null,"inventory_status":"Active","is_active":true,"is_coming_soon":null,"is_default_sku":false,"is_discountable":true,"is_displayable":null,"is_engravable":null,"is_fragrance":null,"is_giftable":null,"is_giftwrap":false,"is_inactive":null,"is_multi_shaded":null,"is_out_of_stock":null,"is_preorder":false,"is_preorderable":null,"is_promotional":null,"is_replenishable":false,"is_search_suppressed":null,"is_searchable":true,"is_shaded":null,"is_sized":null,"is_sold_out":null,"is_under_weight_hazmat":false,"is_vto_enabled":null,"life_of_product":"Basic Reorder","material_code":"6MPY060001","media":{"large":[{"alt":"Almost Powder Makeup Pudra SPF 15","height":1200,"position":1,"src":"/media/export/cms/products/1200x1500/cl_sku_6MPY06_1200x1500_0.png","type":"image","width":1500}],"medium":[{"alt":"Almost Powder Makeup Pudra SPF 15","height":600,"position":2,"src":"/media/export/cms/products/600x750/cl_sku_6MPY06_600x750_0.png","type":"image","width":750}],"model":null,"poster":null,"small":[{"alt":"Almost Powder Makeup Pudra SPF 15","height":1200,"position":3,"src":"/media/export/cms/products/1200x1500/cl_sku_6MPY06_1200x1500_0.png","type":"image","width":1500}],"smoosh":[{"alt":"Almost Powder Makeup Pudra SPF 15","height":1200,"position":0,"src":"/media/export/cms/products/1200x1500/swatches_v3/02_ns_ng.png","type":"image","width":1500}],"xl":null},"out_of_stock_threshold":null,"perlgem":{"SKU_BASE_ID":14144},"preorder_date":null,"prices":[{"currency":"TRY","exclude_tax":{"original_price":285,"original_price_formatted":"285.00 TL","price":285,"price_formatted":"285.00 TL","price_per_unit":null,"price_per_unit_formatted":""},"include_tax":{"original_price":285,"original_price_formatted":"285.00 TL","price":285,"price_formatted":"285.00 TL","price_per_unit":null,"price_per_unit_formatted":""},"is_discounted":false}],"purchase_limit":null,"replenishment":{"message":null},"reviews":{"average_rating":null,"number_of_questions":null,"number_of_reviews":null},"set_components":null,"shade_groups":null,"shades":[{"description":"","hex_val":"#D7AA8E","image":{"height":null,"src":"","width":null},"name":"Deep","smoosh_design":{"group_id":null,"name":"02::none::none"}}],"sizes":[{"key":1,"value":null}],"skin":{"tone":null,"type":null,"type_description":null},"sku_badge":null,"sku_badge_image":null,"sku_display_order":0,"sku_id":"6MPY06","sku_promo_messaging":null,"sku_type":"SE","sku_url":null,"tags":{"total":7,"items":[{"id":"1592","key":"makyaj","value":"MAKYAJ"},{"id":"13562","key":"yeni̇-yil-makyaj","value":"YENİ YIL MAKYAJ"},{"id":"1599","key":"fondöten","value":"FONDÖTEN"},{"id":"17859","key":"çok-satanlar","value":"ÇOK SATANLAR"},{"id":"1607","key":"pudra","value":"PUDRA"},{"id":"24180","key":"tamamlayici-ürünler","value":"TAMAMLAYICI ÜRÜNLER"},{"id":"12537","key":"çok-satan-makyaj-ürünleri̇","value":"ÇOK SATAN MAKYAJ ÜRÜNLERİ"}]},"texture":null,"undertone":null,"unit_of_measure":null,"unit_size":null,"unit_size_formatted":null,"upc":"020714325336","vto":{"is_color_experience":null,"is_foundation_experience":null}},{"color_family":null,"coverage_options":null,"cross_sell":null,"display_status":7,"finish":null,"finish_options":null,"fragrances":[{"family":null,"key":null,"value":null}],"iln_listing":null,"iln_version_number":null,"inventory_status":"Active","is_active":true,"is_coming_soon":null,"is_default_sku":false,"is_discountable":true,"is_displayable":null,"is_engravable":null,"is_fragrance":null,"is_giftable":null,"is_giftwrap":false,"is_inactive":null,"is_multi_shaded":null,"is_out_of_stock":null,"is_preorder":false,"is_preorderable":null,"is_promotional":null,"is_replenishable":false,"is_search_suppressed":null,"is_searchable":true,"is_shaded":null,"is_sized":null,"is_sold_out":null,"is_under_weight_hazmat":false,"is_vto_enabled":null,"life_of_product":"Basic Reorder","material_code":"6MPY010001","media":{"large":[{"alt":"Almost Powder Makeup Pudra SPF 15","height":1200,"position":1,"src":"/media/export/cms/products/1200x1500/cl_sku_6MPY01_1200x1500_0.png","type":"image","width":1500}],"medium":[{"alt":"Almost Powder Makeup Pudra SPF 15","height":600,"position":3,"src":"/media/export/cms/products/600x750/cl_sku_6MPY01_600x750_0.png","type":"image","width":750}],"model":[{"alt":"Almost Powder Makeup Pudra SPF 15","height":null,"position":2,"src":"/media/export/cms/model/VF2.jpg","type":"image","width":null}],"poster":null,"small":[{"alt":"Almost Powder Makeup Pudra SPF 15","height":1200,"position":4,"src":"/media/export/cms/products/1200x1500/cl_sku_6MPY01_1200x1500_0.png","type":"image","width":1500}],"smoosh":[{"alt":"Almost Powder Makeup Pudra SPF 15","height":1200,"position":0,"src":"/media/export/cms/products/1200x1500/swatches_v3/02_ns_ng.png","type":"image","width":1500}],"xl":null},"out_of_stock_threshold":null,"perlgem":{"SKU_BASE_ID":14139},"preorder_date":null,"prices":[{"currency":"TRY","exclude_tax":{"original_price":285,"original_price_formatted":"285.00 TL","price":285,"price_formatted":"285.00 TL","price_per_unit":null,"price_per_unit_formatted":""},"include_tax":{"original_price":285,"original_price_formatted":"285.00 TL","price":285,"price_formatted":"285.00 TL","price_per_unit":null,"price_per_unit_formatted":""},"is_discounted":false}],"purchase_limit":null,"replenishment":{"message":null},"reviews":{"average_rating":null,"number_of_questions":null,"number_of_reviews":null},"set_components":null,"shade_groups":null,"shades":[{"description":"","hex_val":"#EACAB1","image":{"height":null,"src":"","width":null},"name":"Fair","smoosh_design":{"group_id":null,"name":"02::none::none"}}],"sizes":[{"key":1,"value":null}],"skin":{"tone":null,"type":null,"type_description":null},"sku_badge":null,"sku_badge_image":null,"sku_display_order":0,"sku_id":"6MPY01","sku_promo_messaging":null,"sku_type":"SE","sku_url":null,"tags":{"total":8,"items":[{"id":"1592","key":"makyaj","value":"MAKYAJ"},{"id":"1575","key":"en-çok-satanlar","value":"En Çok Satanlar"},{"id":"13562","key":"yeni̇-yil-makyaj","value":"YENİ YIL MAKYAJ"},{"id":"1599","key":"fondöten","value":"FONDÖTEN"},{"id":"17859","key":"çok-satanlar","value":"ÇOK SATANLAR"},{"id":"1607","key":"pudra","value":"PUDRA"},{"id":"24180","key":"tamamlayici-ürünler","value":"TAMAMLAYICI ÜRÜNLER"},{"id":"12537","key":"çok-satan-makyaj-ürünleri̇","value":"ÇOK SATAN MAKYAJ ÜRÜNLERİ"}]},"texture":null,"undertone":null,"unit_of_measure":null,"unit_size":null,"unit_size_formatted":null,"upc":"020714325282","vto":{"is_color_experience":null,"is_foundation_experience":null}},{"color_family":null,"coverage_options":null,"cross_sell":null,"display_status":7,"finish":null,"finish_options":null,"fragrances":[{"family":null,"key":null,"value":null}],"iln_listing":null,"iln_version_number":null,"inventory_status":"Active","is_active":true,"is_coming_soon":null,"is_default_sku":false,"is_discountable":true,"is_displayable":null,"is_engravable":null,"is_fragrance":null,"is_giftable":null,"is_giftwrap":false,"is_inactive":null,"is_multi_shaded":null,"is_out_of_stock":null,"is_preorder":false,"is_preorderable":null,"is_promotional":null,"is_replenishable":false,"is_search_suppressed":null,"is_searchable":true,"is_shaded":null,"is_sized":null,"is_sold_out":null,"is_under_weight_hazmat":false,"is_vto_enabled":null,"life_of_product":"Basic Reorder","material_code":"6MPY040001","media":{"large":[{"alt":"Almost Powder Makeup Pudra SPF 15","height":1200,"position":1,"src":"/media/export/cms/products/1200x1500/cl_sku_6MPY04_1200x1500_0.png","type":"image","width":1500}],"medium":[{"alt":"Almost Powder Makeup Pudra SPF 15","height":600,"position":2,"src":"/media/export/cms/products/600x750/cl_sku_6MPY04_600x750_0.png","type":"image","width":750}],"model":null,"poster":null,"small":[{"alt":"Almost Powder Makeup Pudra SPF 15","height":1200,"position":3,"src":"/media/export/cms/products/1200x1500/cl_sku_6MPY04_1200x1500_0.png","type":"image","width":1500}],"smoosh":[{"alt":"Almost Powder Makeup Pudra SPF 15","height":1200,"position":0,"src":"/media/export/cms/products/1200x1500/swatches_v3/02_ns_ng.png","type":"image","width":1500}],"xl":null},"out_of_stock_threshold":null,"perlgem":{"SKU_BASE_ID":14142},"preorder_date":null,"prices":[{"currency":"TRY","exclude_tax":{"original_price":285,"original_price_formatted":"285.00 TL","price":285,"price_formatted":"285.00 TL","price_per_unit":null,"price_per_unit_formatted":""},"include_tax":{"original_price":285,"original_price_formatted":"285.00 TL","price":285,"price_formatted":"285.00 TL","price_per_unit":null,"price_per_unit_formatted":""},"is_discounted":false}],"purchase_limit":null,"replenishment":{"message":null},"reviews":{"average_rating":null,"number_of_questions":null,"number_of_reviews":null},"set_components":null,"shade_groups":null,"shades":[{"description":"","hex_val":"#DBB190","image":{"height":null,"src":"","width":null},"name":"Neutral","smoosh_design":{"group_id":null,"name":"02::none::none"}}],"sizes":[{"key":1,"value":null}],"skin":{"tone":null,"type":null,"type_description":null},"sku_badge":null,"sku_badge_image":null,"sku_display_order":0,"sku_id":"6MPY04","sku_promo_messaging":null,"sku_type":"SE","sku_url":null,"tags":{"total":8,"items":[{"id":"1592","key":"makyaj","value":"MAKYAJ"},{"id":"1575","key":"en-çok-satanlar","value":"En Çok Satanlar"},{"id":"13562","key":"yeni̇-yil-makyaj","value":"YENİ YIL MAKYAJ"},{"id":"1599","key":"fondöten","value":"FONDÖTEN"},{"id":"17859","key":"çok-satanlar","value":"ÇOK SATANLAR"},{"id":"1607","key":"pudra","value":"PUDRA"},{"id":"24180","key":"tamamlayici-ürünler","value":"TAMAMLAYICI ÜRÜNLER"},{"id":"12537","key":"çok-satan-makyaj-ürünleri̇","value":"ÇOK SATAN MAKYAJ ÜRÜNLERİ"}]},"texture":null,"undertone":null,"unit_of_measure":null,"unit_size":null,"unit_size_formatted":null,"upc":"020714325312","vto":{"is_color_experience":null,"is_foundation_experience":null}},{"color_family":null,"coverage_options":null,"cross_sell":null,"display_status":7,"finish":null,"finish_options":null,"fragrances":[{"family":null,"key":null,"value":null}],"iln_listing":null,"iln_version_number":null,"inventory_status":"Active","is_active":true,"is_coming_soon":null,"is_default_sku":false,"is_discountable":true,"is_displayable":null,"is_engravable":null,"is_fragrance":null,"is_giftable":null,"is_giftwrap":false,"is_inactive":null,"is_multi_shaded":null,"is_out_of_stock":null,"is_preorder":false,"is_preorderable":null,"is_promotional":null,"is_replenishable":false,"is_search_suppressed":null,"is_searchable":true,"is_shaded":null,"is_sized":null,"is_sold_out":null,"is_under_weight_hazmat":false,"is_vto_enabled":null,"life_of_product":"Basic Reorder","material_code":"6MPY020001","media":{"large":[{"alt":"Almost Powder Makeup Pudra SPF 15","height":1200,"position":1,"src":"/media/export/cms/products/1200x1500/cl_sku_6MPY02_1200x1500_0.png","type":"image","width":1500}],"medium":[{"alt":"Almost Powder Makeup Pudra SPF 15","height":600,"position":2,"src":"/media/export/cms/products/600x750/cl_sku_6MPY02_600x750_0.png","type":"image","width":750}],"model":null,"poster":null,"small":[{"alt":"Almost Powder Makeup Pudra SPF 15","height":1200,"position":3,"src":"/media/export/cms/products/1200x1500/cl_sku_6MPY02_1200x1500_0.png","type":"image","width":1500}],"smoosh":[{"alt":"Almost Powder Makeup Pudra SPF 15","height":1200,"position":0,"src":"/media/export/cms/products/1200x1500/swatches_v3/02_ns_ng.png","type":"image","width":1500}],"xl":null},"out_of_stock_threshold":null,"perlgem":{"SKU_BASE_ID":14140},"preorder_date":null,"prices":[{"currency":"TRY","exclude_tax":{"original_price":285,"original_price_formatted":"285.00 TL","price":285,"price_formatted":"285.00 TL","price_per_unit":null,"price_per_unit_formatted":""},"include_tax":{"original_price":285,"original_price_formatted":"285.00 TL","price":285,"price_formatted":"285.00 TL","price_per_unit":null,"price_per_unit_formatted":""},"is_discounted":false}],"purchase_limit":null,"replenishment":{"message":null},"reviews":{"average_rating":null,"number_of_questions":null,"number_of_reviews":null},"set_components":null,"shade_groups":null,"shades":[{"description":"","hex_val":"#E6D1BB","image":{"height":null,"src":"","width":null},"name":"Neutral Fair","smoosh_design":{"group_id":null,"name":"02::none::none"}}],"sizes":[{"key":1,"value":null}],"skin":{"tone":null,"type":null,"type_description":null},"sku_badge":null,"sku_badge_image":null,"sku_display_order":0,"sku_id":"6MPY02","sku_promo_messaging":null,"sku_type":"SE","sku_url":null,"tags":{"total":8,"items":[{"id":"1592","key":"makyaj","value":"MAKYAJ"},{"id":"1575","key":"en-çok-satanlar","value":"En Çok Satanlar"},{"id":"13562","key":"yeni̇-yil-makyaj","value":"YENİ YIL MAKYAJ"},{"id":"1599","key":"fondöten","value":"FONDÖTEN"},{"id":"17859","key":"çok-satanlar","value":"ÇOK SATANLAR"},{"id":"1607","key":"pudra","value":"PUDRA"},{"id":"24180","key":"tamamlayici-ürünler","value":"TAMAMLAYICI ÜRÜNLER"},{"id":"12537","key":"çok-satan-makyaj-ürünleri̇","value":"ÇOK SATAN MAKYAJ ÜRÜNLERİ"}]},"texture":null,"undertone":null,"unit_of_measure":null,"unit_size":null,"unit_size_formatted":null,"upc":"020714325299","vto":{"is_color_experience":null,"is_foundation_experience":null}},{"color_family":null,"coverage_options":null,"cross_sell":null,"display_status":7,"finish":null,"finish_options":null,"fragrances":[{"family":null,"key":null,"value":null}],"iln_listing":null,"iln_version_number":null,"inventory_status":"Active","is_active":true,"is_coming_soon":null,"is_default_sku":false,"is_discountable":true,"is_displayable":null,"is_engravable":null,"is_fragrance":null,"is_giftable":null,"is_giftwrap":false,"is_inactive":null,"is_multi_shaded":null,"is_out_of_stock":null,"is_preorder":false,"is_preorderable":null,"is_promotional":null,"is_replenishable":false,"is_search_suppressed":null,"is_searchable":true,"is_shaded":null,"is_sized":null,"is_sold_out":null,"is_under_weight_hazmat":false,"is_vto_enabled":null,"life_of_product":"Basic Reorder","material_code":"6MPY030001","media":{"large":[{"alt":"Almost Powder Makeup Pudra SPF 15","height":1200,"position":1,"src":"/media/export/cms/products/1200x1500/cl_sku_6MPY03_1200x1500_0.png","type":"image","width":1500}],"medium":[{"alt":"Almost Powder Makeup Pudra SPF 15","height":600,"position":2,"src":"/media/export/cms/products/600x750/cl_sku_6MPY03_600x750_0.png","type":"image","width":750}],"model":null,"poster":null,"small":[{"alt":"Almost Powder Makeup Pudra SPF 15","height":1200,"position":3,"src":"/media/export/cms/products/1200x1500/cl_sku_6MPY03_1200x1500_0.png","type":"image","width":1500}],"smoosh":[{"alt":"Almost Powder Makeup Pudra SPF 15","height":1200,"position":0,"src":"/media/export/cms/products/1200x1500/swatches_v3/02_ns_ng.png","type":"image","width":1500}],"xl":null},"out_of_stock_threshold":null,"perlgem":{"SKU_BASE_ID":14141},"preorder_date":null,"prices":[{"currency":"TRY","exclude_tax":{"original_price":285,"original_price_formatted":"285.00 TL","price":285,"price_formatted":"285.00 TL","price_per_unit":null,"price_per_unit_formatted":""},"include_tax":{"original_price":285,"original_price_formatted":"285.00 TL","price":285,"price_formatted":"285.00 TL","price_per_unit":null,"price_per_unit_formatted":""},"is_discounted":false}],"purchase_limit":null,"replenishment":{"message":null},"reviews":{"average_rating":null,"number_of_questions":null,"number_of_reviews":null},"set_components":null,"shade_groups":null,"shades":[{"description":"","hex_val":"#DCB286","image":{"height":null,"src":"","width":null},"name":"Light","smoosh_design":{"group_id":null,"name":"02::none::none"}}],"sizes":[{"key":1,"value":null}],"skin":{"tone":null,"type":null,"type_description":null},"sku_badge":null,"sku_badge_image":null,"sku_display_order":0,"sku_id":"6MPY03","sku_promo_messaging":null,"sku_type":"SE","sku_url":null,"tags":{"total":8,"items":[{"id":"1592","key":"makyaj","value":"MAKYAJ"},{"id":"1575","key":"en-çok-satanlar","value":"En Çok Satanlar"},{"id":"13562","key":"yeni̇-yil-makyaj","value":"YENİ YIL MAKYAJ"},{"id":"1599","key":"fondöten","value":"FONDÖTEN"},{"id":"17859","key":"çok-satanlar","value":"ÇOK SATANLAR"},{"id":"1607","key":"pudra","value":"PUDRA"},{"id":"24180","key":"tamamlayici-ürünler","value":"TAMAMLAYICI ÜRÜNLER"},{"id":"12537","key":"çok-satan-makyaj-ürünleri̇","value":"ÇOK SATAN MAKYAJ ÜRÜNLERİ"}]},"texture":null,"undertone":null,"unit_of_measure":null,"unit_size":null,"unit_size_formatted":null,"upc":"020714325305","vto":{"is_color_experience":null,"is_foundation_experience":null}},{"color_family":null,"coverage_options":null,"cross_sell":null,"display_status":7,"finish":null,"finish_options":null,"fragrances":[{"family":null,"key":null,"value":null}],"iln_listing":null,"iln_version_number":null,"inventory_status":"Active","is_active":true,"is_coming_soon":null,"is_default_sku":false,"is_discountable":true,"is_displayable":null,"is_engravable":null,"is_fragrance":null,"is_giftable":null,"is_giftwrap":false,"is_inactive":null,"is_multi_shaded":null,"is_out_of_stock":null,"is_preorder":false,"is_preorderable":null,"is_promotional":null,"is_replenishable":false,"is_search_suppressed":null,"is_searchable":true,"is_shaded":null,"is_sized":null,"is_sold_out":null,"is_under_weight_hazmat":false,"is_vto_enabled":null,"life_of_product":"Basic Reorder","material_code":"6MPY050001","media":{"large":[{"alt":"Almost Powder Makeup Pudra SPF 15","height":1200,"position":1,"src":"/media/export/cms/products/1200x1500/cl_sku_6MPY05_1200x1500_0.png","type":"image","width":1500}],"medium":[{"alt":"Almost Powder Makeup Pudra SPF 15","height":600,"position":2,"src":"/media/export/cms/products/600x750/cl_sku_6MPY05_600x750_0.png","type":"image","width":750}],"model":null,"poster":null,"small":[{"alt":"Almost Powder Makeup Pudra SPF 15","height":1200,"position":3,"src":"/media/export/cms/products/1200x1500/cl_sku_6MPY05_1200x1500_0.png","type":"image","width":1500}],"smoosh":[{"alt":"Almost Powder Makeup Pudra SPF 15","height":1200,"position":0,"src":"/media/export/cms/products/1200x1500/swatches_v3/02_ns_ng.png","type":"image","width":1500}],"xl":null},"out_of_stock_threshold":null,"perlgem":{"SKU_BASE_ID":14143},"preorder_date":null,"prices":[{"currency":"TRY","exclude_tax":{"original_price":285,"original_price_formatted":"285.00 TL","price":285,"price_formatted":"285.00 TL","price_per_unit":null,"price_per_unit_formatted":""},"include_tax":{"original_price":285,"original_price_formatted":"285.00 TL","price":285,"price_formatted":"285.00 TL","price_per_unit":null,"price_per_unit_formatted":""},"is_discounted":false}],"purchase_limit":null,"replenishment":{"message":null},"reviews":{"average_rating":null,"number_of_questions":null,"number_of_reviews":null},"set_components":null,"shade_groups":null,"shades":[{"description":"","hex_val":"#D5A179","image":{"height":null,"src":"","width":null},"name":"Medium","smoosh_design":{"group_id":null,"name":"02::none::none"}}],"sizes":[{"key":1,"value":null}],"skin":{"tone":null,"type":null,"type_description":null},"sku_badge":null,"sku_badge_image":null,"sku_display_order":0,"sku_id":"6MPY05","sku_promo_messaging":null,"sku_type":"SE","sku_url":null,"tags":{"total":8,"items":[{"id":"1592","key":"makyaj","value":"MAKYAJ"},{"id":"1575","key":"en-çok-satanlar","value":"En Çok Satanlar"},{"id":"13562","key":"yeni̇-yil-makyaj","value":"YENİ YIL MAKYAJ"},{"id":"1599","key":"fondöten","value":"FONDÖTEN"},{"id":"17859","key":"çok-satanlar","value":"ÇOK SATANLAR"},{"id":"1607","key":"pudra","value":"PUDRA"},{"id":"24180","key":"tamamlayici-ürünler","value":"TAMAMLAYICI ÜRÜNLER"},{"id":"12537","key":"çok-satan-makyaj-ürünleri̇","value":"ÇOK SATAN MAKYAJ ÜRÜNLERİ"}]},"texture":null,"undertone":null,"unit_of_measure":null,"unit_size":null,"unit_size_formatted":null,"upc":"020714325329","vto":{"is_color_experience":null,"is_foundation_experience":null}}]},"sub_display_name":null,"sub_header":null,"tags":{"total":8,"items":[{"id":"1592","key":"makyaj","parent_tag_id":null,"product_display_order":110,"value":"MAKYAJ"},{"id":"1575","key":"en-çok-satanlar","parent_tag_id":null,"product_display_order":17,"value":"En Çok Satanlar"},{"id":"13562","key":"yeni̇-yil-makyaj","parent_tag_id":"13561","product_display_order":0,"value":"YENİ YIL MAKYAJ"},{"id":"1599","key":"fondöten","parent_tag_id":"1592","product_display_order":8,"value":"FONDÖTEN"},{"id":"17859","key":"çok-satanlar","parent_tag_id":null,"product_display_order":51,"value":"ÇOK SATANLAR"},{"id":"1607","key":"pudra","parent_tag_id":"1592","product_display_order":0,"value":"PUDRA"},{"id":"24180","key":"tamamlayici-ürünler","parent_tag_id":"1667","product_display_order":0,"value":"TAMAMLAYICI ÜRÜNLER"},{"id":"12537","key":"çok-satan-makyaj-ürünleri̇","parent_tag_id":"1592","product_display_order":0,"value":"ÇOK SATAN MAKYAJ ÜRÜNLERİ"}]},"usage":[{"content":"<P><A href=\"/cms/product/franchise/3step_system_mpp.tmpl\">3-Step Skin Care System</A>'den sonra uygulayabilirsiniz. </P><P>Doğal ve canlı bir görünüm için sünger yada fırça kullanarak uygulayın.</P>","label":"PRODUCT USAGE","type":"product_usage"},{"content":null,"label":"HOW DOES IT WORK","type":"how_does_it_work"},{"content":null,"label":"WHO IT IS FOR","type":"who_it_is_for"},{"content":null,"label":"GREAT TO KNOW","type":"great_to_know"},{"content":null,"label":"WHAT_IT_DOES","type":"what_it_does"},{"content":"Mineralden fazlası! Daha mutlu bir cilt için Almost Powder Makeup SPF 15. Uzun süre kalıcı formülü yaşayabileceğiniz gözenek sorunlarına yardımcı olur. Antioksidan ve SPF cildinizin korunmasını destekler. Doğal , 'makyajsız' görünümü ve hafif yapısı ile gün içinde neredeyse varlığını hissetmezsiniz. Kullanımı oldukça kolaydır, sünger ve fırça ile uygulayabilirsiniz.","label":"WHAT_IT_IS","type":"what_it_is"}],"objectID":"6201"},{"benefit":{"statement":null,"benefits":null},"brand":null,"collection":null,"coverage":null,"cross_sell":[{"sku_id":"6F3701","sort_key":1},{"sku_id":"68LE01","sort_key":2},{"sku_id":"6EM601","sort_key":3},{"sku_id":"6MNY01","sort_key":4},{"sku_id":"76WY01","sort_key":5},{"sku_id":"71MC01","sort_key":6}],"default_category":{"id":"1575","key":"en-çok-satanlar"},"description":"Hafif formüllü ve yüksek performanslı güneş koruyucusudur. UVA/UVB korumasının yanında cildi çevresel zararlara karşı da korur. En hassas ciltler dahil tüm cilt tipleri için uygundur. Tek başına veya makyaj bazı olarak kullanılabilir.","display_mode":null,"display_name":"Super City Block Sheer Yağsız Günlük Güneş Koruyucusu SPF 40","display_status":7,"finish":null,"form":null,"formula_type":null,"fragrance_family":null,"indexable_keywords":[{"value":"güneş koruması"},{"value":" güneş"},{"value":" güneşe karşı koruma"},{"value":" primer"}],"is_hazmat":false,"is_product_coming_soon":null,"is_product_displayable":true,"is_product_searchable":true,"is_product_shoppable":true,"is_product_sold_out":null,"is_product_temporarily_out_of_stock":null,"is_search_suppressed":null,"key_ingredient":null,"media":{"large":null,"medium":null,"poster":null,"small":null,"videos":[{"position":null,"poster":{"height":null,"src":null,"width":null},"provider":null,"src":null},{"position":null,"poster":{"height":null,"src":null,"width":null},"provider":null,"src":null},{"position":null,"poster":{"height":null,"src":null,"width":null},"provider":null,"src":null}],"xl":null},"meta":{"description":null,"keywords":"sunscreen, sun, screen, primer"},"parent_category":[{"id":"1575","value":"En Çok Satanlar"}],"product_badge":null,"product_id":"6236","product_title_tag":null,"product_type":"Other","product_url":"/product/1575/6236/en-cok-satanlar/super-city-block-sheer-yagsz-gunluk-gunes-koruyucusu-spf-40","reviews":{"average_rating":null,"number_of_questions":null,"number_of_reviews":null},"shade_groups":null,"short_description":"Yüksek performanslı transparan, hafif formüllü güneş koruyucu. Tek başına veya makyaj bazı olarak kullanabilirsiniz.","skin":null,"skin_goal":null,"skus":{"total":1,"items":[{"color_family":null,"coverage_options":null,"cross_sell":null,"display_status":7,"finish":null,"finish_options":null,"fragrances":[{"family":null,"key":null,"value":null}],"iln_listing":null,"iln_version_number":null,"inventory_status":"Active","is_active":true,"is_coming_soon":null,"is_default_sku":false,"is_discountable":true,"is_displayable":null,"is_engravable":null,"is_fragrance":null,"is_giftable":null,"is_giftwrap":false,"is_inactive":null,"is_multi_shaded":null,"is_out_of_stock":null,"is_preorder":false,"is_preorderable":null,"is_promotional":null,"is_replenishable":false,"is_search_suppressed":null,"is_searchable":true,"is_shaded":null,"is_sized":null,"is_sold_out":null,"is_under_weight_hazmat":false,"is_vto_enabled":null,"life_of_product":"Basic Reorder","material_code":"6GEN010001","media":{"large":[{"alt":"Super City Block Sheer Yağsız Günlük Güneş Koruyucusu SPF 40","height":1200,"position":0,"src":"/media/export/cms/products/1200x1500/cl_sku_6GEN01_1200x1500_0.png","type":"image","width":1500}],"medium":[{"alt":"Super City Block Sheer Yağsız Günlük Güneş Koruyucusu SPF 40","height":600,"position":1,"src":"/media/export/cms/products/600x750/cl_sku_6GEN01_600x750_0.png","type":"image","width":750}],"model":null,"poster":null,"small":[{"alt":"Super City Block Sheer Yağsız Günlük Güneş Koruyucusu SPF 40","height":1200,"position":2,"src":"/media/export/cms/products/1200x1500/cl_sku_6GEN01_1200x1500_0.png","type":"image","width":1500}],"smoosh":null,"xl":null},"out_of_stock_threshold":null,"perlgem":{"SKU_BASE_ID":13550},"preorder_date":null,"prices":[{"currency":"TRY","exclude_tax":{"original_price":189,"original_price_formatted":"189.00 TL","price":189,"price_formatted":"189.00 TL","price_per_unit":null,"price_per_unit_formatted":""},"include_tax":{"original_price":189,"original_price_formatted":"189.00 TL","price":189,"price_formatted":"189.00 TL","price_per_unit":null,"price_per_unit_formatted":""},"is_discounted":false}],"purchase_limit":null,"replenishment":{"message":"Recommended Auto-Ship cycle: 12 weeks  Learn more >"},"reviews":{"average_rating":null,"number_of_questions":null,"number_of_reviews":null},"set_components":null,"shade_groups":null,"shades":null,"sizes":[{"key":1,"value":"40 ml"}],"skin":{"tone":null,"type":null,"type_description":null},"sku_badge":null,"sku_badge_image":null,"sku_display_order":0,"sku_id":"6GEN01","sku_promo_messaging":null,"sku_type":"SE","sku_url":null,"tags":{"total":2,"items":[{"id":"1687","key":"yüz-nemlendi̇ri̇ci̇","value":"YÜZ NEMLENDİRİCİ"},{"id":"1575","key":"en-çok-satanlar","value":"En Çok Satanlar"}]},"texture":null,"undertone":null,"unit_of_measure":null,"unit_size":null,"unit_size_formatted":null,"upc":"020714247362","vto":{"is_color_experience":null,"is_foundation_experience":null}}]},"sub_display_name":null,"sub_header":null,"tags":{"total":2,"items":[{"id":"1687","key":"yüz-nemlendi̇ri̇ci̇","parent_tag_id":"1667","product_display_order":19,"value":"YÜZ NEMLENDİRİCİ"},{"id":"1575","key":"en-çok-satanlar","parent_tag_id":null,"product_display_order":60,"value":"En Çok Satanlar"}]},"usage":[{"content":"<ul><li> <a href=\"/cms/product/franchise/3step_system_detail.tmpl\">3 Adımlı Cilt Bakım Sistemini uyguladıktan sonra temiz cilde sürünüz.</a> </li><li>Parmak yardımıyle; alın, çene, burun ve yanaklara eşit dağılmasını sağlayın. </li><li>İsteğe göre, üzerine fondöten de uygulayabilirsiniz. </li><li>Favori Clinique <a href=\"/products/CATEGORY21362/Skin_Care/CleansersMakeup_Removers/index.tmpl\"> makyaj temizleyiciniz </a> ile temizleyiniz. </li></ul>","label":"PRODUCT USAGE","type":"product_usage"},{"content":null,"label":"HOW DOES IT WORK","type":"how_does_it_work"},{"content":null,"label":"WHO IT IS FOR","type":"who_it_is_for"},{"content":null,"label":"GREAT TO KNOW","type":"great_to_know"},{"content":null,"label":"WHAT_IT_DOES","type":"what_it_does"},{"content":"Hafif formüllü ve yüksek performanslı güneş koruyucusudur. UVA/UVB korumasının yanında cildi çevresel zararlara karşı da korur. En hassas ciltler dahil tüm cilt tipleri için uygundur. Tek başına veya makyaj bazı olarak kullanılabilir.","label":"WHAT_IT_IS","type":"what_it_is"}],"objectID":"6236"},{"benefit":null,"brand":null,"collection":null,"coverage":null,"cross_sell":[{"sku_id":null,"sort_key":1},{"sku_id":"67F901","sort_key":2},{"sku_id":"60C801","sort_key":3},{"sku_id":"67FE01","sort_key":4},{"sku_id":"6FMA01","sort_key":5},{"sku_id":"6FME01","sort_key":6}],"default_category":{"id":"1623","key":"tiraş"},"description":"<P>Alerji Testinden Geçmiştir. %100 Parfümsüzdür. <BR>Tıraş sonrası cildi yatıştırmaya yardımcı, irritasyonu azaltmayı destekleyen ve yağlı bir his bırakmayan hafif yapılı losyon.</P><P>&nbsp;Aloe ile irritasyonlu cildi yatıştırmayı yanmayı azaltmaya yardımcı&nbsp;olur.</P><P>- Tazelenmiş bir cilt yaratmayı destekler.</P>","display_mode":null,"display_name":"Clinique For Men Tıraş Sonrası Yatıştırıcı Losyon","display_status":7,"finish":null,"form":null,"formula_type":null,"fragrance_family":null,"indexable_keywords":[{"value":"ssfm"},{"value":" men"}],"is_hazmat":true,"is_product_coming_soon":null,"is_product_displayable":true,"is_product_searchable":true,"is_product_shoppable":true,"is_product_sold_out":null,"is_product_temporarily_out_of_stock":null,"is_search_suppressed":null,"key_ingredient":null,"media":{"large":null,"medium":null,"poster":null,"small":null,"videos":[{"position":null,"poster":{"height":null,"src":null,"width":null},"provider":null,"src":null},{"position":null,"poster":{"height":null,"src":null,"width":null},"provider":null,"src":null},{"position":null,"poster":{"height":null,"src":null,"width":null},"provider":null,"src":null}],"xl":null},"meta":{"description":null,"keywords":"ssfm, men"},"parent_category":[{"id":"1623","value":"TIRAŞ"},{"id":"1609","value":"ERKEK CİLT BAKIMI & TRAŞ"}],"product_badge":null,"product_id":"6251","product_title_tag":null,"product_type":"Sized","product_url":"/product/1623/6251/erkek-cilt-bakimi-tras/tiras/clinique-for-men-tras-sonras-yatstrc-losyon","reviews":{"average_rating":null,"number_of_questions":null,"number_of_reviews":null},"shade_groups":null,"short_description":"Tıraş sonrası aloe içeriğiyle yatıştırıcı özelliğe sahiptir. Jiletin oluşturabileceği tahrişi ve ekstra kuruluğu engeller.","skin":null,"skin_goal":null,"skus":{"total":1,"items":[{"color_family":null,"coverage_options":null,"cross_sell":null,"display_status":7,"finish":null,"finish_options":null,"fragrances":[{"family":null,"key":null,"value":null}],"iln_listing":null,"iln_version_number":null,"inventory_status":"Active","is_active":true,"is_coming_soon":null,"is_default_sku":false,"is_discountable":true,"is_displayable":null,"is_engravable":null,"is_fragrance":null,"is_giftable":null,"is_giftwrap":false,"is_inactive":null,"is_multi_shaded":null,"is_out_of_stock":null,"is_preorder":false,"is_preorderable":null,"is_promotional":null,"is_replenishable":true,"is_search_suppressed":null,"is_searchable":true,"is_shaded":null,"is_sized":null,"is_sold_out":null,"is_under_weight_hazmat":null,"is_vto_enabled":null,"life_of_product":"Basic Reorder","material_code":"6517050001","media":{"large":[{"alt":"Clinique For Men Tıraş Sonrası Yatıştırıcı Losyon","height":1200,"position":0,"src":"/media/export/cms/products/1200x1500/cl_sku_651705_1200x1500_0.png","type":"image","width":1500}],"medium":[{"alt":"Clinique For Men Tıraş Sonrası Yatıştırıcı Losyon","height":600,"position":1,"src":"/media/export/cms/products/600x750/cl_sku_651705_600x750_0.png","type":"image","width":750}],"model":null,"poster":null,"small":[{"alt":"Clinique For Men Tıraş Sonrası Yatıştırıcı Losyon","height":1200,"position":2,"src":"/media/export/cms/products/1200x1500/cl_sku_651705_1200x1500_0.png","type":"image","width":1500}],"smoosh":null,"xl":null},"out_of_stock_threshold":null,"perlgem":{"SKU_BASE_ID":12276},"preorder_date":null,"prices":[{"currency":"TRY","exclude_tax":{"original_price":185,"original_price_formatted":"185.00 TL","price":185,"price_formatted":"185.00 TL","price_per_unit":null,"price_per_unit_formatted":""},"include_tax":{"original_price":185,"original_price_formatted":"185.00 TL","price":185,"price_formatted":"185.00 TL","price_per_unit":null,"price_per_unit_formatted":""},"is_discounted":false}],"purchase_limit":null,"replenishment":{"message":"Recommended Auto-Ship cycle: 8 weeks  Learn more >"},"reviews":{"average_rating":null,"number_of_questions":null,"number_of_reviews":null},"set_components":null,"shade_groups":null,"shades":null,"sizes":[{"key":1,"value":"75 ml"}],"skin":{"tone":null,"type":null,"type_description":null},"sku_badge":null,"sku_badge_image":null,"sku_display_order":0,"sku_id":"651705","sku_promo_messaging":null,"sku_type":"SE","sku_url":null,"tags":{"total":10,"items":[{"id":"12950","key":"çok-satan-erkek-bakim-tiraş-ürünleri̇","value":"ÇOK SATAN ERKEK BAKIM & TIRAŞ ÜRÜNLERİ"},{"id":"1625","key":"cilt-bakım","value":"Cilt Bakım"},{"id":"9423","key":"seasonal1","value":"seasonal1"},{"id":"1609","key":"erkek-ci̇lt-bakimi-traş","value":"ERKEK CİLT BAKIMI & TRAŞ"},{"id":"1624","key":"tiraş-temi̇zleme","value":"TIRAŞ & TEMİZLEME"},{"id":"13565","key":"yeni̇-yil-erkek-bakimi","value":"YENİ YIL ERKEK BAKIMI"},{"id":"13561","key":"yeni̇-yil-buti̇ği̇","value":"YENİ YIL BUTİĞİ"},{"id":"1623","key":"tiraş","value":"TIRAŞ"},{"id":"13569","key":"99-tl-ve-alti-ci̇lt-bakimmakyajparfüm-setleri̇","value":"99 TL VE ALTI CİLT BAKIM&MAKYAJ&PARFÜM SETLERİ"},{"id":"1626","key":"ci̇lt-bakimi","value":"CİLT BAKIMI"}]},"texture":null,"undertone":null,"unit_of_measure":null,"unit_size":null,"unit_size_formatted":null,"upc":"020714004569","vto":{"is_color_experience":null,"is_foundation_experience":null}}]},"sub_display_name":null,"sub_header":null,"tags":{"total":10,"items":[{"id":"12950","key":"çok-satan-erkek-bakim-tiraş-ürünleri̇","parent_tag_id":"1609","product_display_order":0,"value":"ÇOK SATAN ERKEK BAKIM & TIRAŞ ÜRÜNLERİ"},{"id":"1625","key":"cilt-bakım","parent_tag_id":"1609","product_display_order":1,"value":"Cilt Bakım"},{"id":"9423","key":"seasonal1","parent_tag_id":"9420","product_display_order":1,"value":"seasonal1"},{"id":"1609","key":"erkek-ci̇lt-bakimi-traş","parent_tag_id":null,"product_display_order":10,"value":"ERKEK CİLT BAKIMI & TRAŞ"},{"id":"1624","key":"tiraş-temi̇zleme","parent_tag_id":"1623","product_display_order":0,"value":"TIRAŞ & TEMİZLEME"},{"id":"13565","key":"yeni̇-yil-erkek-bakimi","parent_tag_id":"13561","product_display_order":0,"value":"YENİ YIL ERKEK BAKIMI"},{"id":"13561","key":"yeni̇-yil-buti̇ği̇","parent_tag_id":null,"product_display_order":0,"value":"YENİ YIL BUTİĞİ"},{"id":"1623","key":"tiraş","parent_tag_id":"1609","product_display_order":0,"value":"TIRAŞ"},{"id":"13569","key":"99-tl-ve-alti-ci̇lt-bakimmakyajparfüm-setleri̇","parent_tag_id":"13561","product_display_order":1,"value":"99 TL VE ALTI CİLT BAKIM&MAKYAJ&PARFÜM SETLERİ"},{"id":"1626","key":"ci̇lt-bakimi","parent_tag_id":"1625","product_display_order":0,"value":"CİLT BAKIMI"}]},"usage":[{"content":"<UL><LI>Günlük olarak, sakal bölgesine traştan hemen sonra uygulayın. </LI><LI>Zar büyüklüğünde ürünü avucunuza alın, yeni tıraş ettiğiniz cilde nazikçe uygulayın.</LI><LI>Sadece kuru bölgelere veya tüm yüze Moisturizing Lotion sürün. </LI></UL>","label":"PRODUCT USAGE","type":"product_usage"},{"content":null,"label":"HOW DOES IT WORK","type":"how_does_it_work"},{"content":null,"label":"WHO IT IS FOR","type":"who_it_is_for"},{"content":null,"label":"GREAT TO KNOW","type":"great_to_know"},{"content":null,"label":"WHAT_IT_DOES","type":"what_it_does"},{"content":"<P>Alerji Testinden Geçmiştir. %100 Parfümsüzdür. <BR>Tıraş sonrası cildi yatıştırmaya yardımcı, irritasyonu azaltmayı destekleyen ve yağlı bir his bırakmayan hafif yapılı losyon.</P><P>&nbsp;Aloe ile irritasyonlu cildi yatıştırmayı yanmayı azaltmaya yardımcı&nbsp;olur.</P><P>- Tazelenmiş bir cilt yaratmayı destekler.</P>","label":"WHAT_IT_IS","type":"what_it_is"}],"objectID":"6251"},{"benefit":null,"brand":null,"collection":null,"coverage":null,"cross_sell":[{"sku_id":"76WY01","sort_key":1},{"sku_id":"68LE01","sort_key":2},{"sku_id":"6F3701","sort_key":3},{"sku_id":"62A401","sort_key":4},{"sku_id":"60MK01","sort_key":5},{"sku_id":"667H01","sort_key":6}],"default_category":{"id":"1673","key":"makyaj-temi̇zli̇yi̇ci̇leri̇"},"description":"<P>Kremsi ve köpük kıvamlı bu temizleyici, makyajı ve UV güneş korumasını temizleyerek, cildi rahatlatmaya yardımcı olur.</P><P>Yumuşak dokusu, Sodyum Metil Cocoyl Taurat gibi hassas temizleyiciler ile makyajı ve UV güneş korumasını çözmeye yardımcı olur.<BR>- Gliserin ile cildi rahatlatma ve , nemlendirmeye yardımcı olur</P><P>.</P>","display_mode":null,"display_name":"Rinse-Off Köpük Temizleyici","display_status":7,"finish":null,"form":null,"formula_type":null,"fragrance_family":null,"indexable_keywords":[{"value":"sabun"}],"is_hazmat":false,"is_product_coming_soon":null,"is_product_displayable":true,"is_product_searchable":true,"is_product_shoppable":true,"is_product_sold_out":null,"is_product_temporarily_out_of_stock":null,"is_search_suppressed":null,"key_ingredient":null,"media":{"large":[{"alt":"Rinse-Off Köpük Temizleyici","height":1200,"position":0,"src":"/media/export/cms/products/1200x1500/cl_prod_6254_1200x1500_0.png","type":"image","width":1500}],"medium":null,"poster":null,"small":[{"alt":"Rinse-Off Köpük Temizleyici","height":1200,"position":1,"src":"/media/export/cms/products/1200x1500/cl_prod_6254_1200x1500_0.png","type":"image","width":1500}],"videos":[{"position":null,"poster":{"height":null,"src":null,"width":null},"provider":null,"src":null},{"position":null,"poster":{"height":null,"src":null,"width":null},"provider":null,"src":null},{"position":null,"poster":{"height":null,"src":null,"width":null},"provider":null,"src":null}],"xl":null},"meta":{"description":null,"keywords":"soap"},"parent_category":[{"id":"1673","value":"MAKYAJ TEMİZLİYİCİLERİ"},{"id":"1667","value":"CİLT BAKIMI"}],"product_badge":null,"product_id":"6254","product_title_tag":null,"product_type":"Sized","product_url":"/product/1673/6254/cilt-bakimi/makyaj-temizliyicileri/rinse-off-kopuk-temizleyici","reviews":{"average_rating":5,"number_of_questions":null,"number_of_reviews":6},"shade_groups":null,"short_description":"Kremsi ve köpük kıvamlı bu temizleyici, makyajı ve UV güneş korumasını temizleyerek, cildi rahatlatmaya yardımcı olur.","skin":null,"skin_goal":null,"skus":{"total":1,"items":[{"color_family":null,"coverage_options":null,"cross_sell":null,"display_status":7,"finish":null,"finish_options":null,"fragrances":[{"family":null,"key":null,"value":null}],"iln_listing":null,"iln_version_number":null,"inventory_status":"Active","is_active":true,"is_coming_soon":null,"is_default_sku":true,"is_discountable":true,"is_displayable":null,"is_engravable":null,"is_fragrance":null,"is_giftable":null,"is_giftwrap":false,"is_inactive":null,"is_multi_shaded":null,"is_out_of_stock":null,"is_preorder":false,"is_preorderable":null,"is_promotional":null,"is_replenishable":false,"is_search_suppressed":null,"is_searchable":true,"is_shaded":null,"is_sized":null,"is_sold_out":null,"is_under_weight_hazmat":false,"is_vto_enabled":null,"life_of_product":"Basic Reorder","material_code":"663E010001","media":{"large":[{"alt":"Rinse-Off Köpük Temizleyici","height":1200,"position":0,"src":"/media/export/cms/products/1200x1500/cl_sku_663E01_1200x1500_0.png","type":"image","width":1500}],"medium":[{"alt":"Rinse-Off Köpük Temizleyici","height":600,"position":1,"src":"/media/export/cms/products/600x750/cl_sku_663E01_600x750_0.png","type":"image","width":750},{"alt":"Rinse-Off Köpük Temizleyici","height":600,"position":2,"src":"/media/export/cms/products/600x750/cl_sku_663E01_600x750_1.png","type":"image","width":750}],"model":null,"poster":null,"small":[{"alt":"Rinse-Off Köpük Temizleyici","height":1200,"position":3,"src":"/media/export/cms/products/1200x1500/cl_sku_663E01_1200x1500_0.png","type":"image","width":1500}],"smoosh":null,"xl":null},"out_of_stock_threshold":null,"perlgem":{"SKU_BASE_ID":14895},"preorder_date":null,"prices":[{"currency":"TRY","exclude_tax":{"original_price":205,"original_price_formatted":"205.00 TL","price":205,"price_formatted":"205.00 TL","price_per_unit":null,"price_per_unit_formatted":""},"include_tax":{"original_price":205,"original_price_formatted":"205.00 TL","price":205,"price_formatted":"205.00 TL","price_per_unit":null,"price_per_unit_formatted":""},"is_discounted":false}],"purchase_limit":null,"replenishment":{"message":null},"reviews":{"average_rating":null,"number_of_questions":null,"number_of_reviews":null},"set_components":null,"shade_groups":null,"shades":[{"description":"","hex_val":"","image":{"height":null,"src":"","width":null},"name":"","smoosh_design":{"group_id":null,"name":""}}],"sizes":[{"key":1,"value":"145 g"}],"skin":{"tone":null,"type":[{"key":"dry-skintype","value":"dry_skintype"},{"key":"combination-skintype","value":"combination_skintype"},{"key":"oily-skintype","value":"oily_skintype"}],"type_description":null},"sku_badge":null,"sku_badge_image":null,"sku_display_order":0,"sku_id":"663E01","sku_promo_messaging":null,"sku_type":"SE","sku_url":null,"tags":{"total":7,"items":[{"id":"27172","key":"day5flashsale","value":"Day5FlashSale"},{"id":"25016","key":"top-sellers","value":"Top Sellers"},{"id":"27174","key":"day7flashsale","value":"Day7FlashSale"},{"id":"1575","key":"en-çok-satanlar","value":"En Çok Satanlar"},{"id":"1673","key":"makyaj-temi̇zli̇yi̇ci̇leri̇","value":"MAKYAJ TEMİZLİYİCİLERİ"},{"id":"27173","key":"day6flashsale","value":"Day6FlashSale"},{"id":"13770","key":"recommended-clinique-favourites","value":"Recommended Clinique Favourites"}]},"texture":null,"undertone":null,"unit_of_measure":null,"unit_size":145,"unit_size_formatted":null,"upc":"020714015459","vto":{"is_color_experience":null,"is_foundation_experience":null}}]},"sub_display_name":null,"sub_header":null,"tags":{"total":7,"items":[{"id":"27172","key":"day5flashsale","parent_tag_id":"1590","product_display_order":30,"value":"Day5FlashSale"},{"id":"25016","key":"top-sellers","parent_tag_id":"4323","product_display_order":0,"value":"Top Sellers"},{"id":"27174","key":"day7flashsale","parent_tag_id":"1590","product_display_order":0,"value":"Day7FlashSale"},{"id":"1575","key":"en-çok-satanlar","parent_tag_id":null,"product_display_order":147,"value":"En Çok Satanlar"},{"id":"1673","key":"makyaj-temi̇zli̇yi̇ci̇leri̇","parent_tag_id":"1667","product_display_order":1,"value":"MAKYAJ TEMİZLİYİCİLERİ"},{"id":"27173","key":"day6flashsale","parent_tag_id":"1590","product_display_order":0,"value":"Day6FlashSale"},{"id":"13770","key":"recommended-clinique-favourites","parent_tag_id":null,"product_display_order":2,"value":"Recommended Clinique Favourites"}]},"usage":[{"content":"<UL><LI>Akşamları kullanın.</LI><LI>&nbsp;Ellerinizi ıslatın. </LI><LI>Bezelye tanesi kadar ürün alın. </LI><LI>Tüm yüzünüze masaj yaparak uygulayın; göz çevresinden kaçının. </LI><LI>Durulayın. </LI><LI>3 Adımlı Cİlt Bakım Sistemi ile devam edin.<BR></LI></UL>","label":"PRODUCT USAGE","type":"product_usage"},{"content":null,"label":"HOW DOES IT WORK","type":"how_does_it_work"},{"content":"Kuru ve karma yağlı ciltler","label":"WHO IT IS FOR","type":"who_it_is_for"},{"content":null,"label":"GREAT TO KNOW","type":"great_to_know"},{"content":"Kremsi ve köpük kıvamlı bu temizleyici, uzun süre kalan makyajı ve güneş kremlerini hızlı, nazik ve etkili bir şekilde temizler. Yatıştırıcı botaniklerle rahatlatır. Cildin nemli, temiz, ferah hissetmesini sağlar.<br><br><b>Nasıl Kullanılır?</b><br><ul><li>Ilık su ile avucunuzunda köpürtün.</li><li>Göz bölgesinden kaçınarak ıslak cilde nazikçe masaj yapın.</li><li>Durulayın.</li></ul>","label":"WHAT_IT_DOES","type":"what_it_does"},{"content":"Kremsi ve köpük kıvamlı bu temizleyici, makyajı ve UV güneş korumasını temizleyerek, cildi rahatlatmaya yardımcı olur.Yumuşak dokusu, Sodyum Metil Cocoyl Taurat gibi hassas temizleyiciler ile makyajı ve UV güneş korumasını çözmeye yardımcı olur.","label":"WHAT_IT_IS","type":"what_it_is"}],"objectID":"6254"},{"benefit":null,"brand":null,"collection":null,"coverage":null,"cross_sell":[{"sku_id":"6MNY01","sort_key":1},{"sku_id":"60QH01","sort_key":2},{"sku_id":"62A401","sort_key":3},{"sku_id":"68A001","sort_key":4},{"sku_id":"7KXC01","sort_key":5},{"sku_id":"618J01","sort_key":6}],"default_category":{"id":"1607","key":"pudra"},"description":"Hafif, hassas yapıya sahip pudra tüm cilt tipleri için uygundur. Geniş gözenek görünümünü azaltarak makyajın mükemmel görünmesini sağlar.","display_mode":null,"display_name":"Blended Face Pudra","display_status":7,"finish":null,"form":null,"formula_type":null,"fragrance_family":null,"indexable_keywords":null,"is_hazmat":false,"is_product_coming_soon":null,"is_product_displayable":true,"is_product_searchable":true,"is_product_shoppable":true,"is_product_sold_out":null,"is_product_temporarily_out_of_stock":null,"is_search_suppressed":null,"key_ingredient":null,"media":{"large":[{"alt":"Blended Face Pudra","height":1200,"position":0,"src":"/media/export/cms/products/1200x1500/cl_prod_6271_1200x1500_0.png","type":"image","width":1500}],"medium":null,"poster":null,"small":[{"alt":"Blended Face Pudra","height":1200,"position":1,"src":"/media/export/cms/products/1200x1500/cl_prod_6271_1200x1500_0.png","type":"image","width":1500}],"videos":[{"position":null,"poster":{"height":null,"src":null,"width":null},"provider":null,"src":null},{"position":null,"poster":{"height":null,"src":null,"width":null},"provider":null,"src":null},{"position":null,"poster":{"height":null,"src":null,"width":null},"provider":null,"src":null}],"xl":null},"meta":{"description":null,"keywords":null},"parent_category":[{"id":"1607","value":"PUDRA"},{"id":"1592","value":"MAKYAJ"}],"product_badge":null,"product_id":"6271","product_title_tag":null,"product_type":"Shaded","product_url":"/product/1607/6271/makyaj/pudra/blended-face-pudra","reviews":{"average_rating":5,"number_of_questions":null,"number_of_reviews":3},"shade_groups":null,"short_description":"Best Seller","skin":null,"skin_goal":null,"skus":{"total":1,"items":[{"color_family":null,"coverage_options":null,"cross_sell":null,"display_status":7,"finish":null,"finish_options":null,"fragrances":[{"family":null,"key":null,"value":null}],"iln_listing":null,"iln_version_number":null,"inventory_status":"Active","is_active":true,"is_coming_soon":null,"is_default_sku":false,"is_discountable":true,"is_displayable":null,"is_engravable":null,"is_fragrance":null,"is_giftable":null,"is_giftwrap":false,"is_inactive":null,"is_multi_shaded":null,"is_out_of_stock":null,"is_preorder":false,"is_preorderable":null,"is_promotional":null,"is_replenishable":true,"is_search_suppressed":null,"is_searchable":true,"is_shaded":null,"is_sized":null,"is_sold_out":null,"is_under_weight_hazmat":false,"is_vto_enabled":null,"life_of_product":"Basic Reorder","material_code":"6362040001","media":{"large":[{"alt":"Blended Face Pudra","height":1200,"position":1,"src":"/media/export/cms/products/1200x1500/cl_sku_636204_1200x1500_0.png","type":"image","width":1500}],"medium":[{"alt":"Blended Face Pudra","height":600,"position":2,"src":"/media/export/cms/products/600x750/cl_sku_636204_600x750_0.png","type":"image","width":750}],"model":null,"poster":null,"small":[{"alt":"Blended Face Pudra","height":1200,"position":3,"src":"/media/export/cms/products/1200x1500/cl_sku_636204_1200x1500_0.png","type":"image","width":1500}],"smoosh":[{"alt":"Blended Face Pudra","height":1200,"position":0,"src":"/media/export/cms/products/1200x1500/swatches_v3/03_ns_ng.png","type":"image","width":1500}],"xl":null},"out_of_stock_threshold":null,"perlgem":{"SKU_BASE_ID":11982},"preorder_date":null,"prices":[{"currency":"TRY","exclude_tax":{"original_price":310,"original_price_formatted":"310.00 TL","price":310,"price_formatted":"310.00 TL","price_per_unit":null,"price_per_unit_formatted":""},"include_tax":{"original_price":310,"original_price_formatted":"310.00 TL","price":310,"price_formatted":"310.00 TL","price_per_unit":null,"price_per_unit_formatted":""},"is_discounted":false}],"purchase_limit":null,"replenishment":{"message":"Never run low on your favourites. Sign up for Auto-Ship. Learn more >"},"reviews":{"average_rating":null,"number_of_questions":null,"number_of_reviews":null},"set_components":null,"shade_groups":null,"shades":[{"description":"","hex_val":"#D2AC97","image":{"height":null,"src":"","width":null},"name":"Transparency 4","smoosh_design":{"group_id":null,"name":"03::none::none"}}],"sizes":[{"key":1,"value":"35 g"}],"skin":{"tone":null,"type":null,"type_description":null},"sku_badge":null,"sku_badge_image":null,"sku_display_order":5,"sku_id":"636204","sku_promo_messaging":null,"sku_type":"SE","sku_url":null,"tags":{"total":10,"items":[{"id":"13770","key":"recommended-clinique-favourites","value":"Recommended Clinique Favourites"},{"id":"1575","key":"en-çok-satanlar","value":"En Çok Satanlar"},{"id":"13562","key":"yeni̇-yil-makyaj","value":"YENİ YIL MAKYAJ"},{"id":"1594","key":"bronzlaştirici","value":"BRONZLAŞTIRICI"},{"id":"1607","key":"pudra","value":"PUDRA"},{"id":"27174","key":"day7flashsale","value":"Day7FlashSale"},{"id":"27172","key":"day5flashsale","value":"Day5FlashSale"},{"id":"27171","key":"day4flashsale","value":"Day4FlashSale"},{"id":"25016","key":"top-sellers","value":"Top Sellers"},{"id":"12537","key":"çok-satan-makyaj-ürünleri̇","value":"ÇOK SATAN MAKYAJ ÜRÜNLERİ"}]},"texture":null,"undertone":null,"unit_of_measure":null,"unit_size":null,"unit_size_formatted":null,"upc":"020714001247","vto":{"is_color_experience":null,"is_foundation_experience":null}}]},"sub_display_name":null,"sub_header":null,"tags":{"total":10,"items":[{"id":"13770","key":"recommended-clinique-favourites","parent_tag_id":null,"product_display_order":0,"value":"Recommended Clinique Favourites"},{"id":"1575","key":"en-çok-satanlar","parent_tag_id":null,"product_display_order":159,"value":"En Çok Satanlar"},{"id":"13562","key":"yeni̇-yil-makyaj","parent_tag_id":"13561","product_display_order":0,"value":"YENİ YIL MAKYAJ"},{"id":"1594","key":"bronzlaştirici","parent_tag_id":"1592","product_display_order":0,"value":"BRONZLAŞTIRICI"},{"id":"1607","key":"pudra","parent_tag_id":"1592","product_display_order":3,"value":"PUDRA"},{"id":"27174","key":"day7flashsale","parent_tag_id":"1590","product_display_order":0,"value":"Day7FlashSale"},{"id":"27172","key":"day5flashsale","parent_tag_id":"1590","product_display_order":60,"value":"Day5FlashSale"},{"id":"27171","key":"day4flashsale","parent_tag_id":"1590","product_display_order":0,"value":"Day4FlashSale"},{"id":"25016","key":"top-sellers","parent_tag_id":"4323","product_display_order":0,"value":"Top Sellers"},{"id":"12537","key":"çok-satan-makyaj-ürünleri̇","parent_tag_id":"1592","product_display_order":6,"value":"ÇOK SATAN MAKYAJ ÜRÜNLERİ"}]},"usage":[{"content":"<ul><li>Fondötenden sonra uygulayınız. </li><li>Pudra kutusunu hafif sallayarak tozların üst alana çıkmasını sağlayın. </li><li>Fırçası ile tüm yüze uygulayın. </li><li>En pürüzsüz, doğal ve eşit görünüm için Clinique Pudra Uygulaması ile uygulayın: Pudrayı elinize alıp, fazlasını elinizi çırparak dağıtın. Parmak yardımıyla tüm yüze hafifçe uygulayın. Bu şekilde hem daha kalıcı hem de eşit bir görünüme sahip olunur. .</li></ul><br>Not: Fırçada bir sonraki kullanım için pudra kalıntısı olabilir. <ul><li>Fırçayı pudraya batırıp, içini doldurun. </li><li>Daha sonra kapağını kapatıp çantanızda rahatlıkla taşıyabilirsiniz. </li></ul>","label":"PRODUCT USAGE","type":"product_usage"},{"content":null,"label":"HOW DOES IT WORK","type":"how_does_it_work"},{"content":"Tüm Cilt Tipleri (1,2,3,4)","label":"WHO IT IS FOR","type":"who_it_is_for"},{"content":null,"label":"GREAT TO KNOW","type":"great_to_know"},{"content":"Cilt tonunu eşitler, tek başına veya fondöten üzerine uygulanabilir.Hafif, hassas yapıya sahip pudra tüm cilt tipleri için uygundur. Geniş gözenek görünümünü azaltarak makyajın mükemmel görünmesini sağlar.<br><br><b>Nasıl Kullanılır?</b><br><ul><li>Makyajdan sonra uygulayın.</li><li>Toz kabını ters çevirin ve tozun toplanmasını sağlamak için hafifçe vurun.</li><li>Fırça ile yavaşça dokunun ve yüzünüze uygulayın.</li><li>Fırçadaki fazlalığı almak için elinizle fırçaya dokunun.</li><li>Not:Fırçayı daha sonra kullanmak için tek bir pudrada kullanın.</li><li>Toza batırın,kapakla kapatın.</li><li>Fırçayı makyaj çantasında taşıyın ve gerektiğinde tazelenin!.</li></ul>","label":"WHAT_IT_DOES","type":"what_it_does"},{"content":"Cilt tonunu eşitler, tek başına veya fondöten üzerine uygulanabiliR.Hafif, hassas yapıya sahip pudra tüm cilt tipleri için uygundur. Geniş gözenek görünümünü azaltarak makyajın mükemmel görünmesini sağlar.","label":"WHAT_IT_IS","type":"what_it_is"}],"objectID":"6271"},{"benefit":{"statement":null,"benefits":null},"brand":null,"collection":[{"key":"even-better-collection","value":"even_better_collection"}],"coverage":[{"key":"full-coverage","value":"full_coverage"}],"cross_sell":null,"default_category":{"id":"1599","key":"fondöten"},"description":"<FONT size=3><FONT face=Calibri><P class=MsoNormal style=\"MARGIN: 0cm 0cm 8pt\"><SPAN style=\"mso-ascii-font-family: Calibri; mso-hansi-font-family: Calibri\">Yeni Even Better Refresh™ ile nemlendirici ve onarıma yardımcı fondöteni keşfet. <?xml:namespace prefix = \"o\" ns = \"urn:schemas-microsoft-com:office:office\" /><o:p></o:p></SPAN></P><P class=MsoNormal style=\"MARGIN: 0cm 0cm 8pt\"><SPAN style=\"mso-ascii-font-family: Calibri; mso-hansi-font-family: Calibri\">Hafif formülü ile yoğun kapatıcılığa sahip bu fondöten gün boyu nemlendirirken cilde daha dolgun ve pürüzsüz görünüm sağlar. İçeriğindeki güçlü peptitler ile cildi daha pürüzsüz göstermeye yardımcı olur. Hyalüronik asit ile kırışıklık ve çizgi görünümünü azaltır.</SPAN><SPAN style=\"FONT-SIZE: 7pt; LINE-HEIGHT: 107%; mso-fareast-font-family: Arial\">&nbsp;</SPAN><SPAN style=\"mso-ascii-font-family: Calibri; mso-hansi-font-family: Calibri\"></SPAN><o:p></o:p></P><P class=MsoNormal style=\"MARGIN: 0cm 0cm 8pt 36pt; TEXT-INDENT: -18pt; mso-list: l0 level1 lfo1; tab-stops: list 36.0pt\" align=left></FONT></FONT>&nbsp;</P>","display_mode":null,"display_name":"Even Better Refresh™ Nemlendirici ve Onarıma Yardımcı Fondöten","display_status":7,"finish":[{"key":"natural-finish","value":"natural_finish"}],"form":[{"key":"liquid-form","value":"liquid_form"}],"formula_type":null,"fragrance_family":null,"indexable_keywords":null,"is_hazmat":false,"is_product_coming_soon":null,"is_product_displayable":true,"is_product_searchable":true,"is_product_shoppable":true,"is_product_sold_out":null,"is_product_temporarily_out_of_stock":null,"is_search_suppressed":null,"key_ingredient":null,"media":{"large":[{"alt":"Even Better Refresh™ Nemlendirici ve Onarıma Yardımcı Fondöten","height":1200,"position":0,"src":"/media/export/cms/products/1200x1500/cl_prod_63583_1200x1500_0.png","type":"image","width":1500},{"alt":"Even Better Refresh™ Nemlendirici ve Onarıma Yardımcı Fondöten","height":1200,"position":1,"src":"/media/export/cms/products/1200x1500/cl_prod_63583_1200x1500_1.png","type":"image","width":1500}],"medium":null,"poster":null,"small":[{"alt":"Even Better Refresh™ Nemlendirici ve Onarıma Yardımcı Fondöten","height":1200,"position":2,"src":"/media/export/cms/products/1200x1500/cl_prod_63583_1200x1500_0.png","type":"image","width":1500},{"alt":"Even Better Refresh™ Nemlendirici ve Onarıma Yardımcı Fondöten","height":1200,"position":3,"src":"/media/export/cms/products/1200x1500/cl_prod_63583_1200x1500_1.png","type":"image","width":1500}],"videos":[{"position":null,"poster":{"height":null,"src":null,"width":null},"provider":null,"src":null},{"position":null,"poster":{"height":null,"src":null,"width":null},"provider":null,"src":null},{"position":null,"poster":{"height":null,"src":null,"width":null},"provider":null,"src":null}],"xl":null},"meta":{"description":null,"keywords":null},"parent_category":[{"id":"1599","value":"FONDÖTEN"},{"id":"1592","value":"MAKYAJ"}],"product_badge":null,"product_id":"63583","product_title_tag":null,"product_type":"Shaded","product_url":"/product/1599/63583/makyaj/fondoten/even-better-refreshtm-nemlendirici-ve-onarma-yardmc-fondoten/yogun-kapatclk-nemlendiren-bakm","reviews":{"average_rating":3,"number_of_questions":null,"number_of_reviews":1},"shade_groups":null,"short_description":"YENİ Even Better Refresh™ ile nemlendirici ve onarıma yardımcı fondöteni keşfet.","skin":{"concern":[{"key":"dark-spots-concern","value":"dark_spots_concern"},{"key":"unevenskintone-concern","value":"unevenskintone_concern"}]},"skin_goal":null,"skus":{"total":37,"items":[{"color_family":[{"key":"medium-color","value":"medium_color"}],"coverage_options":null,"cross_sell":null,"display_status":7,"finish":[{"key":"natural-finish","value":"natural_finish"}],"finish_options":[{"key":"natural-finish","value":"natural_finish"}],"fragrances":[{"family":null,"key":null,"value":null}],"iln_listing":null,"iln_version_number":null,"inventory_status":"Active","is_active":true,"is_coming_soon":null,"is_default_sku":false,"is_discountable":true,"is_displayable":null,"is_engravable":null,"is_fragrance":null,"is_giftable":null,"is_giftwrap":false,"is_inactive":null,"is_multi_shaded":null,"is_out_of_stock":null,"is_preorder":false,"is_preorderable":null,"is_promotional":null,"is_replenishable":false,"is_search_suppressed":null,"is_searchable":true,"is_shaded":null,"is_sized":null,"is_sold_out":null,"is_under_weight_hazmat":false,"is_vto_enabled":null,"life_of_product":"Basic Reorder","material_code":"K733210000","media":{"large":[{"alt":"Even Better Refresh™ Nemlendirici ve Onarıma Yardımcı Fondöten","height":1200,"position":1,"src":"/media/export/cms/products/1200x1500/cl_sku_K73321_1200x1500_0.png","type":"image","width":1500}],"medium":[{"alt":"Even Better Refresh™ Nemlendirici ve Onarıma Yardımcı Fondöten","height":600,"position":2,"src":"/media/export/cms/products/600x750/cl_sku_K73321_600x750_0.png","type":"image","width":750}],"model":null,"poster":null,"small":[{"alt":"Even Better Refresh™ Nemlendirici ve Onarıma Yardımcı Fondöten","height":1200,"position":3,"src":"/media/export/cms/products/1200x1500/cl_sku_K73321_1200x1500_0.png","type":"image","width":1500}],"smoosh":[{"alt":"Even Better Refresh™ Nemlendirici ve Onarıma Yardımcı Fondöten","height":1200,"position":0,"src":"/media/export/cms/products/1200x1500/swatches_v3/41_ns_ng.png","type":"image","width":1500}],"xl":null},"out_of_stock_threshold":null,"perlgem":{"SKU_BASE_ID":101127},"preorder_date":null,"prices":[{"currency":"TRY","exclude_tax":{"original_price":239,"original_price_formatted":"239.00 TL","price":239,"price_formatted":"239.00 TL","price_per_unit":null,"price_per_unit_formatted":""},"include_tax":{"original_price":239,"original_price_formatted":"239.00 TL","price":239,"price_formatted":"239.00 TL","price_per_unit":null,"price_per_unit_formatted":""},"is_discounted":false}],"purchase_limit":null,"replenishment":{"message":null},"reviews":{"average_rating":null,"number_of_questions":null,"number_of_reviews":null},"set_components":null,"shade_groups":null,"shades":[{"description":"","hex_val":"#db9465","image":{"height":null,"src":"","width":null},"name":"WN 92 Toasted Almond","smoosh_design":{"group_id":null,"name":"41::none::none"}}],"sizes":[{"key":1,"value":"30 ml"}],"skin":{"tone":null,"type":[{"key":"very-dry-skintype","value":"very_dry_skintype"}],"type_description":null},"sku_badge":null,"sku_badge_image":null,"sku_display_order":0,"sku_id":"K73321","sku_promo_messaging":null,"sku_type":"SE","sku_url":null,"tags":{"total":10,"items":[{"id":"25565","key":"justarrivednew","value":"justarrivednew"},{"id":"17859","key":"çok-satanlar","value":"ÇOK SATANLAR"},{"id":"27171","key":"day4flashsale","value":"Day4FlashSale"},{"id":"1575","key":"en-çok-satanlar","value":"En Çok Satanlar"},{"id":"1592","key":"makyaj","value":"MAKYAJ"},{"id":"25016","key":"top-sellers","value":"Top Sellers"},{"id":"27172","key":"day5flashsale","value":"Day5FlashSale"},{"id":"1599","key":"fondöten","value":"FONDÖTEN"},{"id":"4323","key":"yeni̇-ürünler","value":"YENİ ÜRÜNLER"},{"id":"27174","key":"day7flashsale","value":"Day7FlashSale"}]},"texture":null,"undertone":[{"key":"warm-undertone","value":"warm_undertone"}],"unit_of_measure":null,"unit_size":null,"unit_size_formatted":null,"upc":"020714966133","vto":{"is_color_experience":null,"is_foundation_experience":null}},{"color_family":null,"coverage_options":null,"cross_sell":null,"display_status":7,"finish":null,"finish_options":null,"fragrances":[{"family":null,"key":null,"value":null}],"iln_listing":null,"iln_version_number":null,"inventory_status":"Active","is_active":true,"is_coming_soon":null,"is_default_sku":false,"is_discountable":true,"is_displayable":null,"is_engravable":null,"is_fragrance":null,"is_giftable":null,"is_giftwrap":false,"is_inactive":null,"is_multi_shaded":null,"is_out_of_stock":null,"is_preorder":false,"is_preorderable":null,"is_promotional":null,"is_replenishable":false,"is_search_suppressed":null,"is_searchable":true,"is_shaded":null,"is_sized":null,"is_sold_out":null,"is_under_weight_hazmat":false,"is_vto_enabled":null,"life_of_product":"Limited life","material_code":"K733310000","media":{"large":[{"alt":"Even Better Refresh™ Nemlendirici ve Onarıma Yardımcı Fondöten","height":1200,"position":1,"src":"/media/export/cms/products/1200x1500/cl_sku_K73331_1200x1500_0.png","type":"image","width":1500}],"medium":[{"alt":"Even Better Refresh™ Nemlendirici ve Onarıma Yardımcı Fondöten","height":600,"position":2,"src":"/media/export/cms/products/600x750/cl_sku_K73331_600x750_0.png","type":"image","width":750}],"model":null,"poster":null,"small":[{"alt":"Even Better Refresh™ Nemlendirici ve Onarıma Yardımcı Fondöten","height":1200,"position":3,"src":"/media/export/cms/products/1200x1500/cl_sku_K73331_1200x1500_0.png","type":"image","width":1500}],"smoosh":[{"alt":"Even Better Refresh™ Nemlendirici ve Onarıma Yardımcı Fondöten","height":1200,"position":0,"src":"/media/export/cms/products/1200x1500/swatches_v3/41_ns_ng.png","type":"image","width":1500}],"xl":null},"out_of_stock_threshold":null,"perlgem":{"SKU_BASE_ID":114377},"preorder_date":null,"prices":[{"currency":"TRY","exclude_tax":{"original_price":310,"original_price_formatted":"310.00 TL","price":310,"price_formatted":"310.00 TL","price_per_unit":null,"price_per_unit_formatted":""},"include_tax":{"original_price":310,"original_price_formatted":"310.00 TL","price":310,"price_formatted":"310.00 TL","price_per_unit":null,"price_per_unit_formatted":""},"is_discounted":false}],"purchase_limit":null,"replenishment":{"message":null},"reviews":{"average_rating":null,"number_of_questions":null,"number_of_reviews":null},"set_components":null,"shade_groups":null,"shades":[{"description":"","hex_val":"#e1aa87","image":{"height":null,"src":"","width":null},"name":"WN 30 Biscuit","smoosh_design":{"group_id":null,"name":"41::none::none"}}],"sizes":[{"key":1,"value":"30 мл"}],"skin":{"tone":null,"type":null,"type_description":null},"sku_badge":null,"sku_badge_image":null,"sku_display_order":0,"sku_id":"K73331","sku_promo_messaging":null,"sku_type":"SE","sku_url":null,"tags":{"total":6,"items":[{"id":"27171","key":"day4flashsale","value":"Day4FlashSale"},{"id":"1592","key":"makyaj","value":"MAKYAJ"},{"id":"27172","key":"day5flashsale","value":"Day5FlashSale"},{"id":"1599","key":"fondöten","value":"FONDÖTEN"},{"id":"19288","key":"sale","value":"sale"},{"id":"27174","key":"day7flashsale","value":"Day7FlashSale"}]},"texture":null,"undertone":null,"unit_of_measure":null,"unit_size":null,"unit_size_formatted":null,"upc":"020714966256","vto":{"is_color_experience":null,"is_foundation_experience":null}},{"color_family":[{"key":"fair-color","value":"fair_color"}],"coverage_options":null,"cross_sell":null,"display_status":7,"finish":[{"key":"natural-finish","value":"natural_finish"}],"finish_options":[{"key":"natural-finish","value":"natural_finish"}],"fragrances":[{"family":null,"key":null,"value":null}],"iln_listing":null,"iln_version_number":null,"inventory_status":"Active","is_active":true,"is_coming_soon":null,"is_default_sku":false,"is_discountable":true,"is_displayable":null,"is_engravable":null,"is_fragrance":null,"is_giftable":null,"is_giftwrap":false,"is_inactive":null,"is_multi_shaded":null,"is_out_of_stock":null,"is_preorder":false,"is_preorderable":null,"is_promotional":null,"is_replenishable":false,"is_search_suppressed":null,"is_searchable":true,"is_shaded":null,"is_sized":null,"is_sold_out":null,"is_under_weight_hazmat":false,"is_vto_enabled":null,"life_of_product":"Basic Reorder","material_code":"K733160000","media":{"large":[{"alt":"Even Better Refresh™ Nemlendirici ve Onarıma Yardımcı Fondöten","height":1200,"position":1,"src":"/media/export/cms/products/1200x1500/cl_sku_K73316_1200x1500_0.png","type":"image","width":1500}],"medium":[{"alt":"Even Better Refresh™ Nemlendirici ve Onarıma Yardımcı Fondöten","height":600,"position":2,"src":"/media/export/cms/products/600x750/cl_sku_K73316_600x750_0.png","type":"image","width":750}],"model":null,"poster":null,"small":[{"alt":"Even Better Refresh™ Nemlendirici ve Onarıma Yardımcı Fondöten","height":1200,"position":3,"src":"/media/export/cms/products/1200x1500/cl_sku_K73316_1200x1500_0.png","type":"image","width":1500}],"smoosh":[{"alt":"Even Better Refresh™ Nemlendirici ve Onarıma Yardımcı Fondöten","height":1200,"position":0,"src":"/media/export/cms/products/1200x1500/swatches_v3/41_ns_ng.png","type":"image","width":1500}],"xl":null},"out_of_stock_threshold":null,"perlgem":{"SKU_BASE_ID":101122},"preorder_date":null,"prices":[{"currency":"TRY","exclude_tax":{"original_price":310,"original_price_formatted":"310.00 TL","price":310,"price_formatted":"310.00 TL","price_per_unit":null,"price_per_unit_formatted":""},"include_tax":{"original_price":310,"original_price_formatted":"310.00 TL","price":310,"price_formatted":"310.00 TL","price_per_unit":null,"price_per_unit_formatted":""},"is_discounted":false}],"purchase_limit":null,"replenishment":{"message":null},"reviews":{"average_rating":null,"number_of_questions":null,"number_of_reviews":null},"set_components":null,"shade_groups":null,"shades":[{"description":"","hex_val":"#d49163","image":{"height":null,"src":"","width":null},"name":"WN 68 Brulee","smoosh_design":{"group_id":null,"name":"41::none::none"}}],"sizes":[{"key":1,"value":"30 ml"}],"skin":{"tone":null,"type":[{"key":"very-dry-skintype","value":"very_dry_skintype"}],"type_description":null},"sku_badge":null,"sku_badge_image":null,"sku_display_order":0,"sku_id":"K73316","sku_promo_messaging":null,"sku_type":"SE","sku_url":null,"tags":{"total":13,"items":[{"id":"25565","key":"justarrivednew","value":"justarrivednew"},{"id":"13562","key":"yeni̇-yil-makyaj","value":"YENİ YIL MAKYAJ"},{"id":"17859","key":"çok-satanlar","value":"ÇOK SATANLAR"},{"id":"27171","key":"day4flashsale","value":"Day4FlashSale"},{"id":"1575","key":"en-çok-satanlar","value":"En Çok Satanlar"},{"id":"1592","key":"makyaj","value":"MAKYAJ"},{"id":"25016","key":"top-sellers","value":"Top Sellers"},{"id":"27172","key":"day5flashsale","value":"Day5FlashSale"},{"id":"1599","key":"fondöten","value":"FONDÖTEN"},{"id":"19288","key":"sale","value":"sale"},{"id":"4323","key":"yeni̇-ürünler","value":"YENİ ÜRÜNLER"},{"id":"27174","key":"day7flashsale","value":"Day7FlashSale"},{"id":"1590","key":"i̇ndi̇ri̇mli̇-ürünler","value":"İNDİRİMLİ ÜRÜNLER"}]},"texture":null,"undertone":[{"key":"warm-undertone","value":"warm_undertone"}],"unit_of_measure":null,"unit_size":null,"unit_size_formatted":null,"upc":"020714918446","vto":{"is_color_experience":null,"is_foundation_experience":null}},{"color_family":[{"key":"medium-color","value":"medium_color"}],"coverage_options":null,"cross_sell":null,"display_status":7,"finish":[{"key":"natural-finish","value":"natural_finish"}],"finish_options":[{"key":"natural-finish","value":"natural_finish"}],"fragrances":[{"family":null,"key":null,"value":null}],"iln_listing":null,"iln_version_number":null,"inventory_status":"Active","is_active":true,"is_coming_soon":null,"is_default_sku":false,"is_discountable":true,"is_displayable":null,"is_engravable":null,"is_fragrance":null,"is_giftable":null,"is_giftwrap":false,"is_inactive":null,"is_multi_shaded":null,"is_out_of_stock":null,"is_preorder":false,"is_preorderable":null,"is_promotional":null,"is_replenishable":false,"is_search_suppressed":null,"is_searchable":true,"is_shaded":null,"is_sized":null,"is_sold_out":null,"is_under_weight_hazmat":false,"is_vto_enabled":null,"life_of_product":"Basic Reorder","material_code":"K733190000","media":{"large":[{"alt":"Even Better Refresh™ Nemlendirici ve Onarıma Yardımcı Fondöten","height":1200,"position":1,"src":"/media/export/cms/products/1200x1500/cl_sku_K73319_1200x1500_0.png","type":"image","width":1500}],"medium":[{"alt":"Even Better Refresh™ Nemlendirici ve Onarıma Yardımcı Fondöten","height":600,"position":2,"src":"/media/export/cms/products/600x750/cl_sku_K73319_600x750_0.png","type":"image","width":750}],"model":null,"poster":null,"small":[{"alt":"Even Better Refresh™ Nemlendirici ve Onarıma Yardımcı Fondöten","height":1200,"position":3,"src":"/media/export/cms/products/1200x1500/cl_sku_K73319_1200x1500_0.png","type":"image","width":1500}],"smoosh":[{"alt":"Even Better Refresh™ Nemlendirici ve Onarıma Yardımcı Fondöten","height":1200,"position":0,"src":"/media/export/cms/products/1200x1500/swatches_v3/41_ns_ng.png","type":"image","width":1500}],"xl":null},"out_of_stock_threshold":null,"perlgem":{"SKU_BASE_ID":101125},"preorder_date":null,"prices":[{"currency":"TRY","exclude_tax":{"original_price":310,"original_price_formatted":"310.00 TL","price":310,"price_formatted":"310.00 TL","price_per_unit":null,"price_per_unit_formatted":""},"include_tax":{"original_price":310,"original_price_formatted":"310.00 TL","price":310,"price_formatted":"310.00 TL","price_per_unit":null,"price_per_unit_formatted":""},"is_discounted":false}],"purchase_limit":null,"replenishment":{"message":null},"reviews":{"average_rating":null,"number_of_questions":null,"number_of_reviews":null},"set_components":null,"shade_groups":null,"shades":[{"description":"","hex_val":"#d09b73","image":{"height":null,"src":"","width":null},"name":"CN 74 Beige","smoosh_design":{"group_id":null,"name":"41::none::none"}}],"sizes":[{"key":1,"value":"30 ml"}],"skin":{"tone":null,"type":[{"key":"very-dry-skintype","value":"very_dry_skintype"}],"type_description":null},"sku_badge":null,"sku_badge_image":null,"sku_display_order":0,"sku_id":"K73319","sku_promo_messaging":null,"sku_type":"SE","sku_url":null,"tags":{"total":11,"items":[{"id":"25565","key":"justarrivednew","value":"justarrivednew"},{"id":"17859","key":"çok-satanlar","value":"ÇOK SATANLAR"},{"id":"24180","key":"tamamlayici-ürünler","value":"TAMAMLAYICI ÜRÜNLER"},{"id":"27171","key":"day4flashsale","value":"Day4FlashSale"},{"id":"1575","key":"en-çok-satanlar","value":"En Çok Satanlar"},{"id":"1592","key":"makyaj","value":"MAKYAJ"},{"id":"25016","key":"top-sellers","value":"Top Sellers"},{"id":"27172","key":"day5flashsale","value":"Day5FlashSale"},{"id":"1599","key":"fondöten","value":"FONDÖTEN"},{"id":"4323","key":"yeni̇-ürünler","value":"YENİ ÜRÜNLER"},{"id":"1590","key":"i̇ndi̇ri̇mli̇-ürünler","value":"İNDİRİMLİ ÜRÜNLER"}]},"texture":null,"undertone":[{"key":"cool-undertone","value":"cool_undertone"}],"unit_of_measure":null,"unit_size":null,"unit_size_formatted":null,"upc":"020714918477","vto":{"is_color_experience":null,"is_foundation_experience":null}},{"color_family":null,"coverage_options":null,"cross_sell":null,"display_status":7,"finish":null,"finish_options":null,"fragrances":[{"family":null,"key":null,"value":null}],"iln_listing":null,"iln_version_number":null,"inventory_status":"Active","is_active":true,"is_coming_soon":null,"is_default_sku":false,"is_discountable":true,"is_displayable":null,"is_engravable":null,"is_fragrance":null,"is_giftable":null,"is_giftwrap":true,"is_inactive":null,"is_multi_shaded":null,"is_out_of_stock":null,"is_preorder":false,"is_preorderable":null,"is_promotional":null,"is_replenishable":false,"is_search_suppressed":null,"is_searchable":true,"is_shaded":null,"is_sized":null,"is_sold_out":null,"is_under_weight_hazmat":false,"is_vto_enabled":null,"life_of_product":"Basic Reorder","material_code":"K733300000","media":{"large":[{"alt":"Even Better Refresh™ Nemlendirici ve Onarıma Yardımcı Fondöten","height":1200,"position":1,"src":"/media/export/cms/products/1200x1500/cl_sku_K73330_1200x1500_0.png","type":"image","width":1500}],"medium":[{"alt":"Even Better Refresh™ Nemlendirici ve Onarıma Yardımcı Fondöten","height":600,"position":2,"src":"/media/export/cms/products/600x750/cl_sku_K73330_600x750_0.png","type":"image","width":750}],"model":null,"poster":null,"small":[{"alt":"Even Better Refresh™ Nemlendirici ve Onarıma Yardımcı Fondöten","height":1200,"position":3,"src":"/media/export/cms/products/1200x1500/cl_sku_K73330_1200x1500_0.png","type":"image","width":1500}],"smoosh":[{"alt":"Even Better Refresh™ Nemlendirici ve Onarıma Yardımcı Fondöten","height":1200,"position":0,"src":"/media/export/cms/products/1200x1500/swatches_v3/41_ns_ng.png","type":"image","width":1500}],"xl":null},"out_of_stock_threshold":null,"perlgem":{"SKU_BASE_ID":114664},"preorder_date":null,"prices":[{"currency":"TRY","exclude_tax":{"original_price":310,"original_price_formatted":"310.00 TL","price":310,"price_formatted":"310.00 TL","price_per_unit":null,"price_per_unit_formatted":""},"include_tax":{"original_price":310,"original_price_formatted":"310.00 TL","price":310,"price_formatted":"310.00 TL","price_per_unit":null,"price_per_unit_formatted":""},"is_discounted":false}],"purchase_limit":null,"replenishment":{"message":null},"reviews":{"average_rating":null,"number_of_questions":null,"number_of_reviews":null},"set_components":null,"shade_groups":null,"shades":[{"description":"","hex_val":"#e9bb96","image":{"height":null,"src":"","width":null},"name":"CN 18 Cream Whip","smoosh_design":{"group_id":null,"name":"41::none::none"}}],"sizes":[{"key":1,"value":"1.0 fl. oz./30 ml"}],"skin":{"tone":null,"type":null,"type_description":null},"sku_badge":null,"sku_badge_image":null,"sku_display_order":0,"sku_id":"K73330","sku_promo_messaging":null,"sku_type":"SE","sku_url":null,"tags":{"total":6,"items":[{"id":"27171","key":"day4flashsale","value":"Day4FlashSale"},{"id":"1592","key":"makyaj","value":"MAKYAJ"},{"id":"27172","key":"day5flashsale","value":"Day5FlashSale"},{"id":"1599","key":"fondöten","value":"FONDÖTEN"},{"id":"27174","key":"day7flashsale","value":"Day7FlashSale"},{"id":"1590","key":"i̇ndi̇ri̇mli̇-ürünler","value":"İNDİRİMLİ ÜRÜNLER"}]},"texture":null,"undertone":null,"unit_of_measure":null,"unit_size":null,"unit_size_formatted":null,"upc":"020714966225","vto":{"is_color_experience":null,"is_foundation_experience":null}},{"color_family":[{"key":"dark-color","value":"dark_color"}],"coverage_options":null,"cross_sell":null,"display_status":7,"finish":[{"key":"natural-finish","value":"natural_finish"}],"finish_options":[{"key":"natural-finish","value":"natural_finish"}],"fragrances":[{"family":null,"key":null,"value":null}],"iln_listing":null,"iln_version_number":null,"inventory_status":"Active","is_active":true,"is_coming_soon":null,"is_default_sku":false,"is_discountable":true,"is_displayable":null,"is_engravable":null,"is_fragrance":null,"is_giftable":null,"is_giftwrap":false,"is_inactive":null,"is_multi_shaded":null,"is_out_of_stock":null,"is_preorder":false,"is_preorderable":null,"is_promotional":null,"is_replenishable":false,"is_search_suppressed":null,"is_searchable":true,"is_shaded":null,"is_sized":null,"is_sold_out":null,"is_under_weight_hazmat":false,"is_vto_enabled":null,"life_of_product":"Basic Reorder","material_code":"K733240000","media":{"large":[{"alt":"Even Better Refresh™ Nemlendirici ve Onarıma Yardımcı Fondöten","height":1200,"position":1,"src":"/media/export/cms/products/1200x1500/cl_sku_K73324_1200x1500_0.png","type":"image","width":1500}],"medium":[{"alt":"Even Better Refresh™ Nemlendirici ve Onarıma Yardımcı Fondöten","height":600,"position":2,"src":"/media/export/cms/products/600x750/cl_sku_K73324_600x750_0.png","type":"image","width":750}],"model":null,"poster":null,"small":[{"alt":"Even Better Refresh™ Nemlendirici ve Onarıma Yardımcı Fondöten","height":1200,"position":3,"src":"/media/export/cms/products/1200x1500/cl_sku_K73324_1200x1500_0.png","type":"image","width":1500}],"smoosh":[{"alt":"Even Better Refresh™ Nemlendirici ve Onarıma Yardımcı Fondöten","height":1200,"position":0,"src":"/media/export/cms/products/1200x1500/swatches_v3/41_ns_ng.png","type":"image","width":1500}],"xl":null},"out_of_stock_threshold":null,"perlgem":{"SKU_BASE_ID":101130},"preorder_date":null,"prices":[{"currency":"TRY","exclude_tax":{"original_price":239,"original_price_formatted":"239.00 TL","price":239,"price_formatted":"239.00 TL","price_per_unit":null,"price_per_unit_formatted":""},"include_tax":{"original_price":239,"original_price_formatted":"239.00 TL","price":239,"price_formatted":"239.00 TL","price_per_unit":null,"price_per_unit_formatted":""},"is_discounted":false}],"purchase_limit":null,"replenishment":{"message":null},"reviews":{"average_rating":null,"number_of_questions":null,"number_of_reviews":null},"set_components":null,"shade_groups":null,"shades":[{"description":"","hex_val":"#b67f54","image":{"height":null,"src":"","width":null},"name":"WN 115.5 Mocha","smoosh_design":{"group_id":null,"name":"41::none::none"}}],"sizes":[{"key":1,"value":"30 ml"}],"skin":{"tone":null,"type":[{"key":"very-dry-skintype","value":"very_dry_skintype"}],"type_description":null},"sku_badge":null,"sku_badge_image":null,"sku_display_order":0,"sku_id":"K73324","sku_promo_messaging":null,"sku_type":"SE","sku_url":null,"tags":{"total":11,"items":[{"id":"25565","key":"justarrivednew","value":"justarrivednew"},{"id":"17859","key":"çok-satanlar","value":"ÇOK SATANLAR"},{"id":"27171","key":"day4flashsale","value":"Day4FlashSale"},{"id":"1575","key":"en-çok-satanlar","value":"En Çok Satanlar"},{"id":"1592","key":"makyaj","value":"MAKYAJ"},{"id":"25016","key":"top-sellers","value":"Top Sellers"},{"id":"27172","key":"day5flashsale","value":"Day5FlashSale"},{"id":"1599","key":"fondöten","value":"FONDÖTEN"},{"id":"4323","key":"yeni̇-ürünler","value":"YENİ ÜRÜNLER"},{"id":"27174","key":"day7flashsale","value":"Day7FlashSale"},{"id":"1590","key":"i̇ndi̇ri̇mli̇-ürünler","value":"İNDİRİMLİ ÜRÜNLER"}]},"texture":null,"undertone":[{"key":"warm-undertone","value":"warm_undertone"}],"unit_of_measure":null,"unit_size":null,"unit_size_formatted":null,"upc":"020714966164","vto":{"is_color_experience":null,"is_foundation_experience":null}},{"color_family":null,"coverage_options":null,"cross_sell":null,"display_status":7,"finish":null,"finish_options":null,"fragrances":[{"family":null,"key":null,"value":null}],"iln_listing":null,"iln_version_number":null,"inventory_status":"Sold Out","is_active":null,"is_coming_soon":null,"is_default_sku":false,"is_discountable":true,"is_displayable":null,"is_engravable":null,"is_fragrance":null,"is_giftable":null,"is_giftwrap":false,"is_inactive":null,"is_multi_shaded":null,"is_out_of_stock":null,"is_preorder":false,"is_preorderable":null,"is_promotional":null,"is_replenishable":false,"is_search_suppressed":null,"is_searchable":true,"is_shaded":null,"is_sized":null,"is_sold_out":true,"is_under_weight_hazmat":false,"is_vto_enabled":null,"life_of_product":"Limited life","material_code":"K733320000","media":{"large":[{"alt":"Even Better Refresh™ Nemlendirici ve Onarıma Yardımcı Fondöten","height":1200,"position":1,"src":"/media/export/cms/products/1200x1500/cl_sku_K73332_1200x1500_0.png","type":"image","width":1500}],"medium":[{"alt":"Even Better Refresh™ Nemlendirici ve Onarıma Yardımcı Fondöten","height":600,"position":2,"src":"/media/export/cms/products/600x750/cl_sku_K73332_600x750_0.png","type":"image","width":750}],"model":null,"poster":null,"small":[{"alt":"Even Better Refresh™ Nemlendirici ve Onarıma Yardımcı Fondöten","height":1200,"position":3,"src":"/media/export/cms/products/1200x1500/cl_sku_K73332_1200x1500_0.png","type":"image","width":1500}],"smoosh":[{"alt":"Even Better Refresh™ Nemlendirici ve Onarıma Yardımcı Fondöten","height":1200,"position":0,"src":"/media/export/cms/products/1200x1500/swatches_v3/41_ns_ng.png","type":"image","width":1500}],"xl":null},"out_of_stock_threshold":null,"perlgem":{"SKU_BASE_ID":114378},"preorder_date":null,"prices":[{"currency":"TRY","exclude_tax":{"original_price":310,"original_price_formatted":"310.00 TL","price":310,"price_formatted":"310.00 TL","price_per_unit":null,"price_per_unit_formatted":""},"include_tax":{"original_price":310,"original_price_formatted":"310.00 TL","price":310,"price_formatted":"310.00 TL","price_per_unit":null,"price_per_unit_formatted":""},"is_discounted":false}],"purchase_limit":null,"replenishment":{"message":null},"reviews":{"average_rating":null,"number_of_questions":null,"number_of_reviews":null},"set_components":null,"shade_groups":null,"shades":[{"description":"","hex_val":"#dcb08b","image":{"height":null,"src":"","width":null},"name":"WN 38 Stone","smoosh_design":{"group_id":null,"name":"41::none::none"}}],"sizes":[{"key":1,"value":"30 мл"}],"skin":{"tone":null,"type":null,"type_description":null},"sku_badge":null,"sku_badge_image":null,"sku_display_order":0,"sku_id":"K73332","sku_promo_messaging":null,"sku_type":"SE","sku_url":null,"tags":{"total":5,"items":[{"id":"27171","key":"day4flashsale","value":"Day4FlashSale"},{"id":"1592","key":"makyaj","value":"MAKYAJ"},{"id":"27172","key":"day5flashsale","value":"Day5FlashSale"},{"id":"1599","key":"fondöten","value":"FONDÖTEN"},{"id":"27174","key":"day7flashsale","value":"Day7FlashSale"}]},"texture":null,"undertone":null,"unit_of_measure":null,"unit_size":null,"unit_size_formatted":null,"upc":"020714966263","vto":{"is_color_experience":null,"is_foundation_experience":null}},{"color_family":null,"coverage_options":null,"cross_sell":null,"display_status":3,"finish":null,"finish_options":null,"fragrances":[{"family":null,"key":null,"value":null}],"iln_listing":null,"iln_version_number":null,"inventory_status":"Sold Out","is_active":null,"is_coming_soon":null,"is_default_sku":false,"is_discountable":true,"is_displayable":null,"is_engravable":null,"is_fragrance":null,"is_giftable":null,"is_giftwrap":false,"is_inactive":null,"is_multi_shaded":null,"is_out_of_stock":null,"is_preorder":false,"is_preorderable":null,"is_promotional":null,"is_replenishable":false,"is_search_suppressed":null,"is_searchable":true,"is_shaded":null,"is_sized":null,"is_sold_out":true,"is_under_weight_hazmat":false,"is_vto_enabled":null,"life_of_product":"Limited life","material_code":"K733280000","media":{"large":[{"alt":"Even Better Refresh™ Nemlendirici ve Onarıma Yardımcı Fondöten","height":1200,"position":1,"src":"/media/export/cms/products/1200x1500/cl_sku_K73328_1200x1500_0.png","type":"image","width":1500}],"medium":[{"alt":"Even Better Refresh™ Nemlendirici ve Onarıma Yardımcı Fondöten","height":600,"position":2,"src":"/media/export/cms/products/600x750/cl_sku_K73328_600x750_0.png","type":"image","width":750}],"model":null,"poster":null,"small":[{"alt":"Even Better Refresh™ Nemlendirici ve Onarıma Yardımcı Fondöten","height":1200,"position":3,"src":"/media/export/cms/products/1200x1500/cl_sku_K73328_1200x1500_0.png","type":"image","width":1500}],"smoosh":[{"alt":"Even Better Refresh™ Nemlendirici ve Onarıma Yardımcı Fondöten","height":1200,"position":0,"src":"/media/export/cms/products/1200x1500/swatches_v3/41_ns_ng.png","type":"image","width":1500}],"xl":null},"out_of_stock_threshold":null,"perlgem":{"SKU_BASE_ID":114374},"preorder_date":null,"prices":[{"currency":"TRY","exclude_tax":{"original_price":310,"original_price_formatted":"310.00 TL","price":310,"price_formatted":"310.00 TL","price_per_unit":null,"price_per_unit_formatted":""},"include_tax":{"original_price":310,"original_price_formatted":"310.00 TL","price":310,"price_formatted":"310.00 TL","price_per_unit":null,"price_per_unit_formatted":""},"is_discounted":false}],"purchase_limit":null,"replenishment":{"message":null},"reviews":{"average_rating":null,"number_of_questions":null,"number_of_reviews":null},"set_components":null,"shade_groups":null,"shades":[{"description":"","hex_val":"#efcfbc","image":{"height":null,"src":"","width":null},"name":"CN 02 Breeze","smoosh_design":{"group_id":null,"name":"41::none::none"}}],"sizes":[{"key":1,"value":"30 мл"}],"skin":{"tone":null,"type":null,"type_description":null},"sku_badge":null,"sku_badge_image":null,"sku_display_order":0,"sku_id":"K73328","sku_promo_messaging":null,"sku_type":"SE","sku_url":null,"tags":{"total":5,"items":[{"id":"27171","key":"day4flashsale","value":"Day4FlashSale"},{"id":"1592","key":"makyaj","value":"MAKYAJ"},{"id":"27172","key":"day5flashsale","value":"Day5FlashSale"},{"id":"1599","key":"fondöten","value":"FONDÖTEN"},{"id":"27174","key":"day7flashsale","value":"Day7FlashSale"}]},"texture":null,"undertone":null,"unit_of_measure":null,"unit_size":null,"unit_size_formatted":null,"upc":"020714966201","vto":{"is_color_experience":null,"is_foundation_experience":null}},{"color_family":null,"coverage_options":null,"cross_sell":null,"display_status":7,"finish":null,"finish_options":null,"fragrances":[{"family":null,"key":null,"value":null}],"iln_listing":null,"iln_version_number":null,"inventory_status":"Active","is_active":true,"is_coming_soon":null,"is_default_sku":false,"is_discountable":true,"is_displayable":null,"is_engravable":null,"is_fragrance":null,"is_giftable":null,"is_giftwrap":false,"is_inactive":null,"is_multi_shaded":null,"is_out_of_stock":null,"is_preorder":false,"is_preorderable":null,"is_promotional":null,"is_replenishable":false,"is_search_suppressed":null,"is_searchable":true,"is_shaded":null,"is_sized":null,"is_sold_out":null,"is_under_weight_hazmat":false,"is_vto_enabled":null,"life_of_product":"Limited life","material_code":"K733290000","media":{"large":[{"alt":"Even Better Refresh™ Nemlendirici ve Onarıma Yardımcı Fondöten","height":1200,"position":1,"src":"/media/export/cms/products/1200x1500/cl_sku_K73329_1200x1500_0.png","type":"image","width":1500}],"medium":[{"alt":"Even Better Refresh™ Nemlendirici ve Onarıma Yardımcı Fondöten","height":600,"position":2,"src":"/media/export/cms/products/600x750/cl_sku_K73329_600x750_0.png","type":"image","width":750}],"model":null,"poster":null,"small":[{"alt":"Even Better Refresh™ Nemlendirici ve Onarıma Yardımcı Fondöten","height":1200,"position":3,"src":"/media/export/cms/products/1200x1500/cl_sku_K73329_1200x1500_0.png","type":"image","width":1500}],"smoosh":[{"alt":"Even Better Refresh™ Nemlendirici ve Onarıma Yardımcı Fondöten","height":1200,"position":0,"src":"/media/export/cms/products/1200x1500/swatches_v3/41_ns_ng.png","type":"image","width":1500}],"xl":null},"out_of_stock_threshold":null,"perlgem":{"SKU_BASE_ID":114376},"preorder_date":null,"prices":[{"currency":"TRY","exclude_tax":{"original_price":310,"original_price_formatted":"310.00 TL","price":310,"price_formatted":"310.00 TL","price_per_unit":null,"price_per_unit_formatted":""},"include_tax":{"original_price":310,"original_price_formatted":"310.00 TL","price":310,"price_formatted":"310.00 TL","price_per_unit":null,"price_per_unit_formatted":""},"is_discounted":false}],"purchase_limit":null,"replenishment":{"message":null},"reviews":{"average_rating":null,"number_of_questions":null,"number_of_reviews":null},"set_components":null,"shade_groups":null,"shades":[{"description":"","hex_val":"#f3d6bf","image":{"height":null,"src":"","width":null},"name":"CN 08 Linen","smoosh_design":{"group_id":null,"name":"41::none::none"}}],"sizes":[{"key":1,"value":"30 мл"}],"skin":{"tone":null,"type":null,"type_description":null},"sku_badge":null,"sku_badge_image":null,"sku_display_order":0,"sku_id":"K73329","sku_promo_messaging":null,"sku_type":"SE","sku_url":null,"tags":{"total":7,"items":[{"id":"27171","key":"day4flashsale","value":"Day4FlashSale"},{"id":"1592","key":"makyaj","value":"MAKYAJ"},{"id":"27172","key":"day5flashsale","value":"Day5FlashSale"},{"id":"1599","key":"fondöten","value":"FONDÖTEN"},{"id":"19288","key":"sale","value":"sale"},{"id":"27174","key":"day7flashsale","value":"Day7FlashSale"},{"id":"1590","key":"i̇ndi̇ri̇mli̇-ürünler","value":"İNDİRİMLİ ÜRÜNLER"}]},"texture":null,"undertone":null,"unit_of_measure":null,"unit_size":null,"unit_size_formatted":null,"upc":"020714966218","vto":{"is_color_experience":null,"is_foundation_experience":null}},{"color_family":[{"key":"very-fair-color","value":"very_fair_color"}],"coverage_options":null,"cross_sell":null,"display_status":7,"finish":[{"key":"natural-finish","value":"natural_finish"}],"finish_options":[{"key":"natural-finish","value":"natural_finish"}],"fragrances":[{"family":null,"key":null,"value":null}],"iln_listing":null,"iln_version_number":null,"inventory_status":"Active","is_active":true,"is_coming_soon":null,"is_default_sku":false,"is_discountable":true,"is_displayable":null,"is_engravable":null,"is_fragrance":null,"is_giftable":null,"is_giftwrap":false,"is_inactive":null,"is_multi_shaded":null,"is_out_of_stock":null,"is_preorder":false,"is_preorderable":null,"is_promotional":null,"is_replenishable":false,"is_search_suppressed":null,"is_searchable":true,"is_shaded":null,"is_sized":null,"is_sold_out":null,"is_under_weight_hazmat":false,"is_vto_enabled":null,"life_of_product":"Basic Reorder","material_code":"K733070000","media":{"large":[{"alt":"Even Better Refresh™ Nemlendirici ve Onarıma Yardımcı Fondöten","height":1200,"position":1,"src":"/media/export/cms/products/1200x1500/cl_sku_K73307_1200x1500_0.png","type":"image","width":1500}],"medium":[{"alt":"Even Better Refresh™ Nemlendirici ve Onarıma Yardımcı Fondöten","height":600,"position":2,"src":"/media/export/cms/products/600x750/cl_sku_K73307_600x750_0.png","type":"image","width":750}],"model":null,"poster":null,"small":[{"alt":"Even Better Refresh™ Nemlendirici ve Onarıma Yardımcı Fondöten","height":1200,"position":3,"src":"/media/export/cms/products/1200x1500/cl_sku_K73307_1200x1500_0.png","type":"image","width":1500}],"smoosh":[{"alt":"Even Better Refresh™ Nemlendirici ve Onarıma Yardımcı Fondöten","height":1200,"position":0,"src":"/media/export/cms/products/1200x1500/swatches_v3/41_ns_ng.png","type":"image","width":1500}],"xl":null},"out_of_stock_threshold":null,"perlgem":{"SKU_BASE_ID":101080},"preorder_date":null,"prices":[{"currency":"TRY","exclude_tax":{"original_price":310,"original_price_formatted":"310.00 TL","price":310,"price_formatted":"310.00 TL","price_per_unit":null,"price_per_unit_formatted":""},"include_tax":{"original_price":310,"original_price_formatted":"310.00 TL","price":310,"price_formatted":"310.00 TL","price_per_unit":null,"price_per_unit_formatted":""},"is_discounted":false}],"purchase_limit":null,"replenishment":{"message":null},"reviews":{"average_rating":null,"number_of_questions":null,"number_of_reviews":null},"set_components":null,"shade_groups":null,"shades":[{"description":"","hex_val":"#e8bc9e","image":{"height":null,"src":"","width":null},"name":"CN 28 Ivory","smoosh_design":{"group_id":null,"name":"41::none::none"}}],"sizes":[{"key":1,"value":"1 fl. oz. / 30 ml"}],"skin":{"tone":null,"type":[{"key":"very-dry-skintype","value":"very_dry_skintype"}],"type_description":null},"sku_badge":null,"sku_badge_image":null,"sku_display_order":0,"sku_id":"K73307","sku_promo_messaging":null,"sku_type":"SE","sku_url":null,"tags":{"total":12,"items":[{"id":"25565","key":"justarrivednew","value":"justarrivednew"},{"id":"13562","key":"yeni̇-yil-makyaj","value":"YENİ YIL MAKYAJ"},{"id":"17859","key":"çok-satanlar","value":"ÇOK SATANLAR"},{"id":"24180","key":"tamamlayici-ürünler","value":"TAMAMLAYICI ÜRÜNLER"},{"id":"27171","key":"day4flashsale","value":"Day4FlashSale"},{"id":"1575","key":"en-çok-satanlar","value":"En Çok Satanlar"},{"id":"1592","key":"makyaj","value":"MAKYAJ"},{"id":"25016","key":"top-sellers","value":"Top Sellers"},{"id":"27172","key":"day5flashsale","value":"Day5FlashSale"},{"id":"1599","key":"fondöten","value":"FONDÖTEN"},{"id":"4323","key":"yeni̇-ürünler","value":"YENİ ÜRÜNLER"},{"id":"27174","key":"day7flashsale","value":"Day7FlashSale"}]},"texture":null,"undertone":[{"key":"cool-undertone","value":"cool_undertone"}],"unit_of_measure":null,"unit_size":null,"unit_size_formatted":null,"upc":"020714918354","vto":{"is_color_experience":null,"is_foundation_experience":null}},{"color_family":[{"key":"fair-color","value":"fair_color"}],"coverage_options":null,"cross_sell":null,"display_status":7,"finish":[{"key":"natural-finish","value":"natural_finish"}],"finish_options":[{"key":"natural-finish","value":"natural_finish"}],"fragrances":[{"family":null,"key":null,"value":null}],"iln_listing":null,"iln_version_number":null,"inventory_status":"Active","is_active":true,"is_coming_soon":null,"is_default_sku":false,"is_discountable":true,"is_displayable":null,"is_engravable":null,"is_fragrance":null,"is_giftable":null,"is_giftwrap":false,"is_inactive":null,"is_multi_shaded":null,"is_out_of_stock":null,"is_preorder":false,"is_preorderable":null,"is_promotional":null,"is_replenishable":false,"is_search_suppressed":null,"is_searchable":true,"is_shaded":null,"is_sized":null,"is_sold_out":null,"is_under_weight_hazmat":false,"is_vto_enabled":null,"life_of_product":"Basic Reorder","material_code":"K733100000","media":{"large":[{"alt":"Even Better Refresh™ Nemlendirici ve Onarıma Yardımcı Fondöten","height":1200,"position":1,"src":"/media/export/cms/products/1200x1500/cl_sku_K73310_1200x1500_0.png","type":"image","width":1500}],"medium":[{"alt":"Even Better Refresh™ Nemlendirici ve Onarıma Yardımcı Fondöten","height":600,"position":2,"src":"/media/export/cms/products/600x750/cl_sku_K73310_600x750_0.png","type":"image","width":750}],"model":null,"poster":null,"small":[{"alt":"Even Better Refresh™ Nemlendirici ve Onarıma Yardımcı Fondöten","height":1200,"position":3,"src":"/media/export/cms/products/1200x1500/cl_sku_K73310_1200x1500_0.png","type":"image","width":1500}],"smoosh":[{"alt":"Even Better Refresh™ Nemlendirici ve Onarıma Yardımcı Fondöten","height":1200,"position":0,"src":"/media/export/cms/products/1200x1500/swatches_v3/41_ns_ng.png","type":"image","width":1500}],"xl":null},"out_of_stock_threshold":null,"perlgem":{"SKU_BASE_ID":101083},"preorder_date":null,"prices":[{"currency":"TRY","exclude_tax":{"original_price":310,"original_price_formatted":"310.00 TL","price":310,"price_formatted":"310.00 TL","price_per_unit":null,"price_per_unit_formatted":""},"include_tax":{"original_price":310,"original_price_formatted":"310.00 TL","price":310,"price_formatted":"310.00 TL","price_per_unit":null,"price_per_unit_formatted":""},"is_discounted":false}],"purchase_limit":null,"replenishment":{"message":null},"reviews":{"average_rating":null,"number_of_questions":null,"number_of_reviews":null},"set_components":null,"shade_groups":null,"shades":[{"description":"","hex_val":"#e8b382","image":{"height":null,"src":"","width":null},"name":"WN 44 Tea","smoosh_design":{"group_id":null,"name":"41::none::none"}}],"sizes":[{"key":1,"value":"30 ml"}],"skin":{"tone":null,"type":[{"key":"very-dry-skintype","value":"very_dry_skintype"}],"type_description":null},"sku_badge":null,"sku_badge_image":null,"sku_display_order":0,"sku_id":"K73310","sku_promo_messaging":null,"sku_type":"SE","sku_url":null,"tags":{"total":12,"items":[{"id":"25565","key":"justarrivednew","value":"justarrivednew"},{"id":"13562","key":"yeni̇-yil-makyaj","value":"YENİ YIL MAKYAJ"},{"id":"17859","key":"çok-satanlar","value":"ÇOK SATANLAR"},{"id":"24180","key":"tamamlayici-ürünler","value":"TAMAMLAYICI ÜRÜNLER"},{"id":"27171","key":"day4flashsale","value":"Day4FlashSale"},{"id":"1575","key":"en-çok-satanlar","value":"En Çok Satanlar"},{"id":"1592","key":"makyaj","value":"MAKYAJ"},{"id":"25016","key":"top-sellers","value":"Top Sellers"},{"id":"27172","key":"day5flashsale","value":"Day5FlashSale"},{"id":"1599","key":"fondöten","value":"FONDÖTEN"},{"id":"4323","key":"yeni̇-ürünler","value":"YENİ ÜRÜNLER"},{"id":"27174","key":"day7flashsale","value":"Day7FlashSale"}]},"texture":null,"undertone":[{"key":"warm-undertone","value":"warm_undertone"}],"unit_of_measure":null,"unit_size":null,"unit_size_formatted":null,"upc":"020714918385","vto":{"is_color_experience":null,"is_foundation_experience":null}},{"color_family":[{"key":"fair-color","value":"fair_color"}],"coverage_options":null,"cross_sell":null,"display_status":7,"finish":[{"key":"natural-finish","value":"natural_finish"}],"finish_options":[{"key":"natural-finish","value":"natural_finish"}],"fragrances":[{"family":null,"key":null,"value":null}],"iln_listing":null,"iln_version_number":null,"inventory_status":"Active","is_active":true,"is_coming_soon":null,"is_default_sku":false,"is_discountable":true,"is_displayable":null,"is_engravable":null,"is_fragrance":null,"is_giftable":null,"is_giftwrap":false,"is_inactive":null,"is_multi_shaded":null,"is_out_of_stock":null,"is_preorder":false,"is_preorderable":null,"is_promotional":null,"is_replenishable":false,"is_search_suppressed":null,"is_searchable":true,"is_shaded":null,"is_sized":null,"is_sold_out":null,"is_under_weight_hazmat":false,"is_vto_enabled":null,"life_of_product":"Basic Reorder","material_code":"K733140000","media":{"large":[{"alt":"Even Better Refresh™ Nemlendirici ve Onarıma Yardımcı Fondöten","height":1200,"position":1,"src":"/media/export/cms/products/1200x1500/cl_sku_K73314_1200x1500_0.png","type":"image","width":1500}],"medium":[{"alt":"Even Better Refresh™ Nemlendirici ve Onarıma Yardımcı Fondöten","height":600,"position":2,"src":"/media/export/cms/products/600x750/cl_sku_K73314_600x750_0.png","type":"image","width":750}],"model":null,"poster":null,"small":[{"alt":"Even Better Refresh™ Nemlendirici ve Onarıma Yardımcı Fondöten","height":1200,"position":3,"src":"/media/export/cms/products/1200x1500/cl_sku_K73314_1200x1500_0.png","type":"image","width":1500}],"smoosh":[{"alt":"Even Better Refresh™ Nemlendirici ve Onarıma Yardımcı Fondöten","height":1200,"position":0,"src":"/media/export/cms/products/1200x1500/swatches_v3/41_ns_ng.png","type":"image","width":1500}],"xl":null},"out_of_stock_threshold":null,"perlgem":{"SKU_BASE_ID":101120},"preorder_date":null,"prices":[{"currency":"TRY","exclude_tax":{"original_price":239,"original_price_formatted":"239.00 TL","price":239,"price_formatted":"239.00 TL","price_per_unit":null,"price_per_unit_formatted":""},"include_tax":{"original_price":239,"original_price_formatted":"239.00 TL","price":239,"price_formatted":"239.00 TL","price_per_unit":null,"price_per_unit_formatted":""},"is_discounted":false}],"purchase_limit":null,"replenishment":{"message":null},"reviews":{"average_rating":null,"number_of_questions":null,"number_of_reviews":null},"set_components":null,"shade_groups":null,"shades":[{"description":"","hex_val":"#deaa79","image":{"height":null,"src":"","width":null},"name":"CN 58 Honey","smoosh_design":{"group_id":null,"name":"41::none::none"}}],"sizes":[{"key":1,"value":"30 ml"}],"skin":{"tone":null,"type":[{"key":"very-dry-skintype","value":"very_dry_skintype"}],"type_description":null},"sku_badge":null,"sku_badge_image":null,"sku_display_order":0,"sku_id":"K73314","sku_promo_messaging":null,"sku_type":"SE","sku_url":null,"tags":{"total":11,"items":[{"id":"25565","key":"justarrivednew","value":"justarrivednew"},{"id":"13562","key":"yeni̇-yil-makyaj","value":"YENİ YIL MAKYAJ"},{"id":"17859","key":"çok-satanlar","value":"ÇOK SATANLAR"},{"id":"27171","key":"day4flashsale","value":"Day4FlashSale"},{"id":"1575","key":"en-çok-satanlar","value":"En Çok Satanlar"},{"id":"1592","key":"makyaj","value":"MAKYAJ"},{"id":"25016","key":"top-sellers","value":"Top Sellers"},{"id":"27172","key":"day5flashsale","value":"Day5FlashSale"},{"id":"1599","key":"fondöten","value":"FONDÖTEN"},{"id":"4323","key":"yeni̇-ürünler","value":"YENİ ÜRÜNLER"},{"id":"27174","key":"day7flashsale","value":"Day7FlashSale"}]},"texture":null,"undertone":[{"key":"cool-undertone","value":"cool_undertone"}],"unit_of_measure":null,"unit_size":null,"unit_size_formatted":null,"upc":"020714918422","vto":{"is_color_experience":null,"is_foundation_experience":null}},{"color_family":null,"coverage_options":null,"cross_sell":null,"display_status":7,"finish":null,"finish_options":null,"fragrances":[{"family":null,"key":null,"value":null}],"iln_listing":null,"iln_version_number":null,"inventory_status":"Sold Out","is_active":null,"is_coming_soon":null,"is_default_sku":false,"is_discountable":true,"is_displayable":null,"is_engravable":null,"is_fragrance":null,"is_giftable":null,"is_giftwrap":false,"is_inactive":null,"is_multi_shaded":null,"is_out_of_stock":null,"is_preorder":false,"is_preorderable":null,"is_promotional":null,"is_replenishable":false,"is_search_suppressed":null,"is_searchable":true,"is_shaded":null,"is_sized":null,"is_sold_out":true,"is_under_weight_hazmat":false,"is_vto_enabled":null,"life_of_product":"Limited life","material_code":"K733330000","media":{"large":[{"alt":"Even Better Refresh™ Nemlendirici ve Onarıma Yardımcı Fondöten","height":1200,"position":1,"src":"/media/export/cms/products/1200x1500/cl_sku_K73333_1200x1500_0.png","type":"image","width":1500}],"medium":[{"alt":"Even Better Refresh™ Nemlendirici ve Onarıma Yardımcı Fondöten","height":600,"position":2,"src":"/media/export/cms/products/600x750/cl_sku_K73333_600x750_0.png","type":"image","width":750}],"model":null,"poster":null,"small":[{"alt":"Even Better Refresh™ Nemlendirici ve Onarıma Yardımcı Fondöten","height":1200,"position":3,"src":"/media/export/cms/products/1200x1500/cl_sku_K73333_1200x1500_0.png","type":"image","width":1500}],"smoosh":[{"alt":"Even Better Refresh™ Nemlendirici ve Onarıma Yardımcı Fondöten","height":1200,"position":0,"src":"/media/export/cms/products/1200x1500/swatches_v3/41_ns_ng.png","type":"image","width":1500}],"xl":null},"out_of_stock_threshold":null,"perlgem":{"SKU_BASE_ID":114379},"preorder_date":null,"prices":[{"currency":"TRY","exclude_tax":{"original_price":239,"original_price_formatted":"239.00 TL","price":239,"price_formatted":"239.00 TL","price_per_unit":null,"price_per_unit_formatted":""},"include_tax":{"original_price":239,"original_price_formatted":"239.00 TL","price":239,"price_formatted":"239.00 TL","price_per_unit":null,"price_per_unit_formatted":""},"is_discounted":false}],"purchase_limit":null,"replenishment":{"message":null},"reviews":{"average_rating":null,"number_of_questions":null,"number_of_reviews":null},"set_components":null,"shade_groups":null,"shades":[{"description":"","hex_val":"#e2b186","image":{"height":null,"src":"","width":null},"name":"WN 46 Golden Neutral","smoosh_design":{"group_id":null,"name":"41::none::none"}}],"sizes":[{"key":1,"value":"30 мл"}],"skin":{"tone":null,"type":null,"type_description":null},"sku_badge":null,"sku_badge_image":null,"sku_display_order":0,"sku_id":"K73333","sku_promo_messaging":null,"sku_type":"SE","sku_url":null,"tags":{"total":5,"items":[{"id":"27171","key":"day4flashsale","value":"Day4FlashSale"},{"id":"1592","key":"makyaj","value":"MAKYAJ"},{"id":"27172","key":"day5flashsale","value":"Day5FlashSale"},{"id":"1599","key":"fondöten","value":"FONDÖTEN"},{"id":"27174","key":"day7flashsale","value":"Day7FlashSale"}]},"texture":null,"undertone":null,"unit_of_measure":null,"unit_size":null,"unit_size_formatted":null,"upc":"020714966270","vto":{"is_color_experience":null,"is_foundation_experience":null}},{"color_family":null,"coverage_options":null,"cross_sell":null,"display_status":7,"finish":null,"finish_options":null,"fragrances":[{"family":null,"key":null,"value":null}],"iln_listing":null,"iln_version_number":null,"inventory_status":"Active","is_active":true,"is_coming_soon":null,"is_default_sku":false,"is_discountable":true,"is_displayable":null,"is_engravable":null,"is_fragrance":null,"is_giftable":null,"is_giftwrap":true,"is_inactive":null,"is_multi_shaded":null,"is_out_of_stock":null,"is_preorder":false,"is_preorderable":null,"is_promotional":null,"is_replenishable":false,"is_search_suppressed":null,"is_searchable":true,"is_shaded":null,"is_sized":null,"is_sold_out":null,"is_under_weight_hazmat":false,"is_vto_enabled":null,"life_of_product":"Basic Reorder","material_code":"K733380000","media":{"large":[{"alt":"Even Better Refresh™ Nemlendirici ve Onarıma Yardımcı Fondöten","height":1200,"position":1,"src":"/media/export/cms/products/1200x1500/cl_sku_K73338_1200x1500_0.png","type":"image","width":1500}],"medium":[{"alt":"Even Better Refresh™ Nemlendirici ve Onarıma Yardımcı Fondöten","height":600,"position":2,"src":"/media/export/cms/products/600x750/cl_sku_K73338_600x750_0.png","type":"image","width":750}],"model":null,"poster":null,"small":[{"alt":"Even Better Refresh™ Nemlendirici ve Onarıma Yardımcı Fondöten","height":1200,"position":3,"src":"/media/export/cms/products/1200x1500/cl_sku_K73338_1200x1500_0.png","type":"image","width":1500}],"smoosh":[{"alt":"Even Better Refresh™ Nemlendirici ve Onarıma Yardımcı Fondöten","height":1200,"position":0,"src":"/media/export/cms/products/1200x1500/swatches_v3/41_ns_ng.png","type":"image","width":1500}],"xl":null},"out_of_stock_threshold":null,"perlgem":{"SKU_BASE_ID":114665},"preorder_date":null,"prices":[{"currency":"TRY","exclude_tax":{"original_price":310,"original_price_formatted":"310.00 TL","price":310,"price_formatted":"310.00 TL","price_per_unit":null,"price_per_unit_formatted":""},"include_tax":{"original_price":310,"original_price_formatted":"310.00 TL","price":310,"price_formatted":"310.00 TL","price_per_unit":null,"price_per_unit_formatted":""},"is_discounted":false}],"purchase_limit":null,"replenishment":{"message":null},"reviews":{"average_rating":null,"number_of_questions":null,"number_of_reviews":null},"set_components":null,"shade_groups":null,"shades":[{"description":"","hex_val":"#be793e","image":{"height":null,"src":"","width":null},"name":"WN 112 Ginger","smoosh_design":{"group_id":null,"name":"41::none::none"}}],"sizes":[{"key":1,"value":"1 fl. oz. / 30 ml"}],"skin":{"tone":null,"type":null,"type_description":null},"sku_badge":null,"sku_badge_image":null,"sku_display_order":0,"sku_id":"K73338","sku_promo_messaging":null,"sku_type":"SE","sku_url":null,"tags":{"total":6,"items":[{"id":"27171","key":"day4flashsale","value":"Day4FlashSale"},{"id":"1592","key":"makyaj","value":"MAKYAJ"},{"id":"27172","key":"day5flashsale","value":"Day5FlashSale"},{"id":"1599","key":"fondöten","value":"FONDÖTEN"},{"id":"27174","key":"day7flashsale","value":"Day7FlashSale"},{"id":"1590","key":"i̇ndi̇ri̇mli̇-ürünler","value":"İNDİRİMLİ ÜRÜNLER"}]},"texture":null,"undertone":null,"unit_of_measure":null,"unit_size":null,"unit_size_formatted":null,"upc":"192333038581","vto":{"is_color_experience":null,"is_foundation_experience":null}},{"color_family":[{"key":"very-fair-color","value":"very_fair_color"}],"coverage_options":null,"cross_sell":null,"display_status":7,"finish":[{"key":"natural-finish","value":"natural_finish"}],"finish_options":[{"key":"natural-finish","value":"natural_finish"}],"fragrances":[{"family":null,"key":null,"value":null}],"iln_listing":null,"iln_version_number":null,"inventory_status":"Active","is_active":true,"is_coming_soon":null,"is_default_sku":false,"is_discountable":true,"is_displayable":null,"is_engravable":null,"is_fragrance":null,"is_giftable":null,"is_giftwrap":false,"is_inactive":null,"is_multi_shaded":null,"is_out_of_stock":null,"is_preorder":false,"is_preorderable":null,"is_promotional":null,"is_replenishable":false,"is_search_suppressed":null,"is_searchable":true,"is_shaded":null,"is_sized":null,"is_sold_out":null,"is_under_weight_hazmat":false,"is_vto_enabled":null,"life_of_product":"Basic Reorder","material_code":"K733060000","media":{"large":[{"alt":"Even Better Refresh™ Nemlendirici ve Onarıma Yardımcı Fondöten","height":1200,"position":1,"src":"/media/export/cms/products/1200x1500/cl_sku_K73306_1200x1500_0.png","type":"image","width":1500}],"medium":[{"alt":"Even Better Refresh™ Nemlendirici ve Onarıma Yardımcı Fondöten","height":600,"position":2,"src":"/media/export/cms/products/600x750/cl_sku_K73306_600x750_0.png","type":"image","width":750}],"model":null,"poster":null,"small":[{"alt":"Even Better Refresh™ Nemlendirici ve Onarıma Yardımcı Fondöten","height":1200,"position":3,"src":"/media/export/cms/products/1200x1500/cl_sku_K73306_1200x1500_0.png","type":"image","width":1500}],"smoosh":[{"alt":"Even Better Refresh™ Nemlendirici ve Onarıma Yardımcı Fondöten","height":1200,"position":0,"src":"/media/export/cms/products/1200x1500/swatches_v3/41_ns_ng.png","type":"image","width":1500}],"xl":null},"out_of_stock_threshold":null,"perlgem":{"SKU_BASE_ID":101079},"preorder_date":null,"prices":[{"currency":"TRY","exclude_tax":{"original_price":310,"original_price_formatted":"310.00 TL","price":310,"price_formatted":"310.00 TL","price_per_unit":null,"price_per_unit_formatted":""},"include_tax":{"original_price":310,"original_price_formatted":"310.00 TL","price":310,"price_formatted":"310.00 TL","price_per_unit":null,"price_per_unit_formatted":""},"is_discounted":false}],"purchase_limit":null,"replenishment":{"message":null},"reviews":{"average_rating":null,"number_of_questions":null,"number_of_reviews":null},"set_components":null,"shade_groups":null,"shades":[{"description":"","hex_val":"#f2bf9d","image":{"height":null,"src":"","width":null},"name":"CN 20 Fair","smoosh_design":{"group_id":null,"name":"41::none::none"}}],"sizes":[{"key":1,"value":"30 ml"}],"skin":{"tone":null,"type":[{"key":"very-dry-skintype","value":"very_dry_skintype"}],"type_description":null},"sku_badge":null,"sku_badge_image":null,"sku_display_order":0,"sku_id":"K73306","sku_promo_messaging":null,"sku_type":"SE","sku_url":null,"tags":{"total":12,"items":[{"id":"25565","key":"justarrivednew","value":"justarrivednew"},{"id":"13562","key":"yeni̇-yil-makyaj","value":"YENİ YIL MAKYAJ"},{"id":"17859","key":"çok-satanlar","value":"ÇOK SATANLAR"},{"id":"24180","key":"tamamlayici-ürünler","value":"TAMAMLAYICI ÜRÜNLER"},{"id":"27171","key":"day4flashsale","value":"Day4FlashSale"},{"id":"1575","key":"en-çok-satanlar","value":"En Çok Satanlar"},{"id":"1592","key":"makyaj","value":"MAKYAJ"},{"id":"25016","key":"top-sellers","value":"Top Sellers"},{"id":"27172","key":"day5flashsale","value":"Day5FlashSale"},{"id":"1599","key":"fondöten","value":"FONDÖTEN"},{"id":"4323","key":"yeni̇-ürünler","value":"YENİ ÜRÜNLER"},{"id":"27174","key":"day7flashsale","value":"Day7FlashSale"}]},"texture":null,"undertone":[{"key":"cool-undertone","value":"cool_undertone"}],"unit_of_measure":null,"unit_size":null,"unit_size_formatted":null,"upc":"020714918347","vto":{"is_color_experience":null,"is_foundation_experience":null}},{"color_family":null,"coverage_options":null,"cross_sell":null,"display_status":7,"finish":null,"finish_options":null,"fragrances":[{"family":null,"key":null,"value":null}],"iln_listing":null,"iln_version_number":null,"inventory_status":"Active","is_active":true,"is_coming_soon":null,"is_default_sku":false,"is_discountable":true,"is_displayable":null,"is_engravable":null,"is_fragrance":null,"is_giftable":null,"is_giftwrap":false,"is_inactive":null,"is_multi_shaded":null,"is_out_of_stock":null,"is_preorder":false,"is_preorderable":null,"is_promotional":null,"is_replenishable":false,"is_search_suppressed":null,"is_searchable":true,"is_shaded":null,"is_sized":null,"is_sold_out":null,"is_under_weight_hazmat":false,"is_vto_enabled":null,"life_of_product":"Limited life","material_code":"K733390000","media":{"large":[{"alt":"Even Better Refresh™ Nemlendirici ve Onarıma Yardımcı Fondöten","height":1200,"position":1,"src":"/media/export/cms/products/1200x1500/cl_sku_K73339_1200x1500_0.png","type":"image","width":1500}],"medium":[{"alt":"Even Better Refresh™ Nemlendirici ve Onarıma Yardımcı Fondöten","height":600,"position":2,"src":"/media/export/cms/products/600x750/cl_sku_K73339_600x750_0.png","type":"image","width":750}],"model":null,"poster":null,"small":[{"alt":"Even Better Refresh™ Nemlendirici ve Onarıma Yardımcı Fondöten","height":1200,"position":3,"src":"/media/export/cms/products/1200x1500/cl_sku_K73339_1200x1500_0.png","type":"image","width":1500}],"smoosh":[{"alt":"Even Better Refresh™ Nemlendirici ve Onarıma Yardımcı Fondöten","height":1200,"position":0,"src":"/media/export/cms/products/1200x1500/swatches_v3/41_ns_ng.png","type":"image","width":1500}],"xl":null},"out_of_stock_threshold":null,"perlgem":{"SKU_BASE_ID":114384},"preorder_date":null,"prices":[{"currency":"TRY","exclude_tax":{"original_price":310,"original_price_formatted":"310.00 TL","price":310,"price_formatted":"310.00 TL","price_per_unit":null,"price_per_unit_formatted":""},"include_tax":{"original_price":310,"original_price_formatted":"310.00 TL","price":310,"price_formatted":"310.00 TL","price_per_unit":null,"price_per_unit_formatted":""},"is_discounted":false}],"purchase_limit":null,"replenishment":{"message":null},"reviews":{"average_rating":null,"number_of_questions":null,"number_of_reviews":null},"set_components":null,"shade_groups":null,"shades":[{"description":"","hex_val":"#996c54","image":{"height":null,"src":"","width":null},"name":"CN 117 Carob","smoosh_design":{"group_id":null,"name":"41::none::none"}}],"sizes":[{"key":1,"value":"30 мл"}],"skin":{"tone":null,"type":null,"type_description":null},"sku_badge":null,"sku_badge_image":null,"sku_display_order":0,"sku_id":"K73339","sku_promo_messaging":null,"sku_type":"SE","sku_url":null,"tags":{"total":6,"items":[{"id":"27171","key":"day4flashsale","value":"Day4FlashSale"},{"id":"1592","key":"makyaj","value":"MAKYAJ"},{"id":"27172","key":"day5flashsale","value":"Day5FlashSale"},{"id":"1599","key":"fondöten","value":"FONDÖTEN"},{"id":"27174","key":"day7flashsale","value":"Day7FlashSale"},{"id":"1590","key":"i̇ndi̇ri̇mli̇-ürünler","value":"İNDİRİMLİ ÜRÜNLER"}]},"texture":null,"undertone":null,"unit_of_measure":null,"unit_size":null,"unit_size_formatted":null,"upc":"192333038598","vto":{"is_color_experience":null,"is_foundation_experience":null}},{"color_family":[{"key":"very-fair-color","value":"very_fair_color"}],"coverage_options":null,"cross_sell":null,"display_status":7,"finish":[{"key":"natural-finish","value":"natural_finish"}],"finish_options":[{"key":"natural-finish","value":"natural_finish"}],"fragrances":[{"family":null,"key":null,"value":null}],"iln_listing":null,"iln_version_number":null,"inventory_status":"Active","is_active":true,"is_coming_soon":null,"is_default_sku":true,"is_discountable":true,"is_displayable":null,"is_engravable":null,"is_fragrance":null,"is_giftable":null,"is_giftwrap":false,"is_inactive":null,"is_multi_shaded":null,"is_out_of_stock":null,"is_preorder":false,"is_preorderable":null,"is_promotional":null,"is_replenishable":false,"is_search_suppressed":null,"is_searchable":true,"is_shaded":null,"is_sized":null,"is_sold_out":null,"is_under_weight_hazmat":false,"is_vto_enabled":null,"life_of_product":"Basic Reorder","material_code":"K733030000","media":{"large":[{"alt":"Even Better Refresh™ Nemlendirici ve Onarıma Yardımcı Fondöten","height":1200,"position":1,"src":"/media/export/cms/products/1200x1500/cl_sku_K73303_1200x1500_0.png","type":"image","width":1500}],"medium":[{"alt":"Even Better Refresh™ Nemlendirici ve Onarıma Yardımcı Fondöten","height":600,"position":2,"src":"/media/export/cms/products/600x750/cl_sku_K73303_600x750_0.png","type":"image","width":750},{"alt":"Even Better Refresh™ Nemlendirici ve Onarıma Yardımcı Fondöten","height":600,"position":3,"src":"/media/export/cms/products/600x750/cl_sku_K73303_600x750_1.png","type":"image","width":750}],"model":null,"poster":null,"small":[{"alt":"Even Better Refresh™ Nemlendirici ve Onarıma Yardımcı Fondöten","height":1200,"position":4,"src":"/media/export/cms/products/1200x1500/cl_sku_K73303_1200x1500_0.png","type":"image","width":1500}],"smoosh":[{"alt":"Even Better Refresh™ Nemlendirici ve Onarıma Yardımcı Fondöten","height":1200,"position":0,"src":"/media/export/cms/products/1200x1500/swatches_v3/41_ns_ng.png","type":"image","width":1500}],"xl":null},"out_of_stock_threshold":null,"perlgem":{"SKU_BASE_ID":101076},"preorder_date":null,"prices":[{"currency":"TRY","exclude_tax":{"original_price":310,"original_price_formatted":"310.00 TL","price":310,"price_formatted":"310.00 TL","price_per_unit":null,"price_per_unit_formatted":""},"include_tax":{"original_price":310,"original_price_formatted":"310.00 TL","price":310,"price_formatted":"310.00 TL","price_per_unit":null,"price_per_unit_formatted":""},"is_discounted":false}],"purchase_limit":null,"replenishment":{"message":null},"reviews":{"average_rating":null,"number_of_questions":null,"number_of_reviews":null},"set_components":null,"shade_groups":null,"shades":[{"description":"","hex_val":"#f1cfb2","image":{"height":null,"src":"","width":null},"name":"WN 04 Bone","smoosh_design":{"group_id":null,"name":"41::none::none"}}],"sizes":[{"key":1,"value":"30 ml"}],"skin":{"tone":null,"type":[{"key":"very-dry-skintype","value":"very_dry_skintype"}],"type_description":null},"sku_badge":null,"sku_badge_image":null,"sku_display_order":0,"sku_id":"K73303","sku_promo_messaging":null,"sku_type":"SE","sku_url":null,"tags":{"total":12,"items":[{"id":"25565","key":"justarrivednew","value":"justarrivednew"},{"id":"13562","key":"yeni̇-yil-makyaj","value":"YENİ YIL MAKYAJ"},{"id":"17859","key":"çok-satanlar","value":"ÇOK SATANLAR"},{"id":"24180","key":"tamamlayici-ürünler","value":"TAMAMLAYICI ÜRÜNLER"},{"id":"27171","key":"day4flashsale","value":"Day4FlashSale"},{"id":"1575","key":"en-çok-satanlar","value":"En Çok Satanlar"},{"id":"1592","key":"makyaj","value":"MAKYAJ"},{"id":"25016","key":"top-sellers","value":"Top Sellers"},{"id":"27172","key":"day5flashsale","value":"Day5FlashSale"},{"id":"1599","key":"fondöten","value":"FONDÖTEN"},{"id":"4323","key":"yeni̇-ürünler","value":"YENİ ÜRÜNLER"},{"id":"27174","key":"day7flashsale","value":"Day7FlashSale"}]},"texture":null,"undertone":[{"key":"warm-undertone","value":"warm_undertone"}],"unit_of_measure":null,"unit_size":null,"unit_size_formatted":null,"upc":"020714918316","vto":{"is_color_experience":null,"is_foundation_experience":null}},{"color_family":null,"coverage_options":null,"cross_sell":null,"display_status":7,"finish":null,"finish_options":null,"fragrances":[{"family":null,"key":null,"value":null}],"iln_listing":null,"iln_version_number":null,"inventory_status":"Active","is_active":true,"is_coming_soon":null,"is_default_sku":false,"is_discountable":true,"is_displayable":null,"is_engravable":null,"is_fragrance":null,"is_giftable":null,"is_giftwrap":false,"is_inactive":null,"is_multi_shaded":null,"is_out_of_stock":null,"is_preorder":false,"is_preorderable":null,"is_promotional":null,"is_replenishable":false,"is_search_suppressed":null,"is_searchable":true,"is_shaded":null,"is_sized":null,"is_sold_out":null,"is_under_weight_hazmat":false,"is_vto_enabled":null,"life_of_product":"Limited life","material_code":"K733400000","media":{"large":[{"alt":"Even Better Refresh™ Nemlendirici ve Onarıma Yardımcı Fondöten","height":1200,"position":1,"src":"/media/export/cms/products/1200x1500/cl_sku_K73340_1200x1500_0.png","type":"image","width":1500}],"medium":[{"alt":"Even Better Refresh™ Nemlendirici ve Onarıma Yardımcı Fondöten","height":600,"position":2,"src":"/media/export/cms/products/600x750/cl_sku_K73340_600x750_0.png","type":"image","width":750}],"model":null,"poster":null,"small":[{"alt":"Even Better Refresh™ Nemlendirici ve Onarıma Yardımcı Fondöten","height":1200,"position":3,"src":"/media/export/cms/products/1200x1500/cl_sku_K73340_1200x1500_0.png","type":"image","width":1500}],"smoosh":[{"alt":"Even Better Refresh™ Nemlendirici ve Onarıma Yardımcı Fondöten","height":1200,"position":0,"src":"/media/export/cms/products/1200x1500/swatches_v3/41_ns_ng.png","type":"image","width":1500}],"xl":null},"out_of_stock_threshold":null,"perlgem":{"SKU_BASE_ID":114385},"preorder_date":null,"prices":[{"currency":"TRY","exclude_tax":{"original_price":239,"original_price_formatted":"239.00 TL","price":239,"price_formatted":"239.00 TL","price_per_unit":null,"price_per_unit_formatted":""},"include_tax":{"original_price":239,"original_price_formatted":"239.00 TL","price":239,"price_formatted":"239.00 TL","price_per_unit":null,"price_per_unit_formatted":""},"is_discounted":false}],"purchase_limit":null,"replenishment":{"message":null},"reviews":{"average_rating":null,"number_of_questions":null,"number_of_reviews":null},"set_components":null,"shade_groups":null,"shades":[{"description":"","hex_val":"#ab6c35","image":{"height":null,"src":"","width":null},"name":"WN 118 Amber","smoosh_design":{"group_id":null,"name":"41::none::none"}}],"sizes":[{"key":1,"value":"30 мл"}],"skin":{"tone":null,"type":null,"type_description":null},"sku_badge":null,"sku_badge_image":null,"sku_display_order":0,"sku_id":"K73340","sku_promo_messaging":null,"sku_type":"SE","sku_url":null,"tags":{"total":6,"items":[{"id":"27171","key":"day4flashsale","value":"Day4FlashSale"},{"id":"1592","key":"makyaj","value":"MAKYAJ"},{"id":"27172","key":"day5flashsale","value":"Day5FlashSale"},{"id":"1599","key":"fondöten","value":"FONDÖTEN"},{"id":"27174","key":"day7flashsale","value":"Day7FlashSale"},{"id":"1590","key":"i̇ndi̇ri̇mli̇-ürünler","value":"İNDİRİMLİ ÜRÜNLER"}]},"texture":null,"undertone":null,"unit_of_measure":null,"unit_size":null,"unit_size_formatted":null,"upc":"192333038604","vto":{"is_color_experience":null,"is_foundation_experience":null}},{"color_family":[{"key":"very-fair-color","value":"very_fair_color"}],"coverage_options":null,"cross_sell":null,"display_status":7,"finish":[{"key":"natural-finish","value":"natural_finish"}],"finish_options":[{"key":"natural-finish","value":"natural_finish"}],"fragrances":[{"family":null,"key":null,"value":null}],"iln_listing":null,"iln_version_number":null,"inventory_status":"Active","is_active":true,"is_coming_soon":null,"is_default_sku":false,"is_discountable":true,"is_displayable":null,"is_engravable":null,"is_fragrance":null,"is_giftable":null,"is_giftwrap":false,"is_inactive":null,"is_multi_shaded":null,"is_out_of_stock":null,"is_preorder":false,"is_preorderable":null,"is_promotional":null,"is_replenishable":false,"is_search_suppressed":null,"is_searchable":true,"is_shaded":null,"is_sized":null,"is_sold_out":null,"is_under_weight_hazmat":false,"is_vto_enabled":null,"life_of_product":"Basic Reorder","material_code":"K733020000","media":{"large":[{"alt":"Even Better Refresh™ Nemlendirici ve Onarıma Yardımcı Fondöten","height":1200,"position":1,"src":"/media/export/cms/products/1200x1500/cl_sku_K73302_1200x1500_0.png","type":"image","width":1500}],"medium":[{"alt":"Even Better Refresh™ Nemlendirici ve Onarıma Yardımcı Fondöten","height":600,"position":2,"src":"/media/export/cms/products/600x750/cl_sku_K73302_600x750_0.png","type":"image","width":750}],"model":null,"poster":null,"small":[{"alt":"Even Better Refresh™ Nemlendirici ve Onarıma Yardımcı Fondöten","height":1200,"position":3,"src":"/media/export/cms/products/1200x1500/cl_sku_K73302_1200x1500_0.png","type":"image","width":1500}],"smoosh":[{"alt":"Even Better Refresh™ Nemlendirici ve Onarıma Yardımcı Fondöten","height":1200,"position":0,"src":"/media/export/cms/products/1200x1500/swatches_v3/41_ns_ng.png","type":"image","width":1500}],"xl":null},"out_of_stock_threshold":null,"perlgem":{"SKU_BASE_ID":101075},"preorder_date":null,"prices":[{"currency":"TRY","exclude_tax":{"original_price":310,"original_price_formatted":"310.00 TL","price":310,"price_formatted":"310.00 TL","price_per_unit":null,"price_per_unit_formatted":""},"include_tax":{"original_price":310,"original_price_formatted":"310.00 TL","price":310,"price_formatted":"310.00 TL","price_per_unit":null,"price_per_unit_formatted":""},"is_discounted":false}],"purchase_limit":null,"replenishment":{"message":null},"reviews":{"average_rating":null,"number_of_questions":null,"number_of_reviews":null},"set_components":null,"shade_groups":null,"shades":[{"description":"","hex_val":"#ecdccf","image":{"height":null,"src":"","width":null},"name":"WN 01 Flax","smoosh_design":{"group_id":null,"name":"41::none::none"}}],"sizes":[{"key":1,"value":"30 ml"}],"skin":{"tone":null,"type":[{"key":"very-dry-skintype","value":"very_dry_skintype"}],"type_description":null},"sku_badge":null,"sku_badge_image":null,"sku_display_order":0,"sku_id":"K73302","sku_promo_messaging":null,"sku_type":"SE","sku_url":null,"tags":{"total":12,"items":[{"id":"25565","key":"justarrivednew","value":"justarrivednew"},{"id":"13562","key":"yeni̇-yil-makyaj","value":"YENİ YIL MAKYAJ"},{"id":"17859","key":"çok-satanlar","value":"ÇOK SATANLAR"},{"id":"24180","key":"tamamlayici-ürünler","value":"TAMAMLAYICI ÜRÜNLER"},{"id":"27171","key":"day4flashsale","value":"Day4FlashSale"},{"id":"1575","key":"en-çok-satanlar","value":"En Çok Satanlar"},{"id":"1592","key":"makyaj","value":"MAKYAJ"},{"id":"25016","key":"top-sellers","value":"Top Sellers"},{"id":"27172","key":"day5flashsale","value":"Day5FlashSale"},{"id":"1599","key":"fondöten","value":"FONDÖTEN"},{"id":"4323","key":"yeni̇-ürünler","value":"YENİ ÜRÜNLER"},{"id":"27174","key":"day7flashsale","value":"Day7FlashSale"}]},"texture":null,"undertone":[{"key":"warm-undertone","value":"warm_undertone"}],"unit_of_measure":null,"unit_size":null,"unit_size_formatted":null,"upc":"020714918309","vto":{"is_color_experience":null,"is_foundation_experience":null}},{"color_family":[{"key":"medium-color","value":"medium_color"}],"coverage_options":null,"cross_sell":null,"display_status":7,"finish":[{"key":"natural-finish","value":"natural_finish"}],"finish_options":[{"key":"natural-finish","value":"natural_finish"}],"fragrances":[{"family":null,"key":null,"value":null}],"iln_listing":null,"iln_version_number":null,"inventory_status":"Active","is_active":true,"is_coming_soon":null,"is_default_sku":false,"is_discountable":true,"is_displayable":null,"is_engravable":null,"is_fragrance":null,"is_giftable":null,"is_giftwrap":false,"is_inactive":null,"is_multi_shaded":null,"is_out_of_stock":null,"is_preorder":false,"is_preorderable":null,"is_promotional":null,"is_replenishable":false,"is_search_suppressed":null,"is_searchable":true,"is_shaded":null,"is_sized":null,"is_sold_out":null,"is_under_weight_hazmat":false,"is_vto_enabled":null,"life_of_product":"Basic Reorder","material_code":"K733220000","media":{"large":[{"alt":"Even Better Refresh™ Nemlendirici ve Onarıma Yardımcı Fondöten","height":1200,"position":1,"src":"/media/export/cms/products/1200x1500/cl_sku_K73322_1200x1500_0.png","type":"image","width":1500}],"medium":[{"alt":"Even Better Refresh™ Nemlendirici ve Onarıma Yardımcı Fondöten","height":600,"position":2,"src":"/media/export/cms/products/600x750/cl_sku_K73322_600x750_0.png","type":"image","width":750}],"model":null,"poster":null,"small":[{"alt":"Even Better Refresh™ Nemlendirici ve Onarıma Yardımcı Fondöten","height":1200,"position":3,"src":"/media/export/cms/products/1200x1500/cl_sku_K73322_1200x1500_0.png","type":"image","width":1500}],"smoosh":[{"alt":"Even Better Refresh™ Nemlendirici ve Onarıma Yardımcı Fondöten","height":1200,"position":0,"src":"/media/export/cms/products/1200x1500/swatches_v3/41_ns_ng.png","type":"image","width":1500}],"xl":null},"out_of_stock_threshold":null,"perlgem":{"SKU_BASE_ID":101128},"preorder_date":null,"prices":[{"currency":"TRY","exclude_tax":{"original_price":239,"original_price_formatted":"239.00 TL","price":239,"price_formatted":"239.00 TL","price_per_unit":null,"price_per_unit_formatted":""},"include_tax":{"original_price":239,"original_price_formatted":"239.00 TL","price":239,"price_formatted":"239.00 TL","price_per_unit":null,"price_per_unit_formatted":""},"is_discounted":false}],"purchase_limit":null,"replenishment":{"message":null},"reviews":{"average_rating":null,"number_of_questions":null,"number_of_reviews":null},"set_components":null,"shade_groups":null,"shades":[{"description":"","hex_val":"#bc764c","image":{"height":null,"src":"","width":null},"name":"WN 113 Sepia","smoosh_design":{"group_id":null,"name":"41::none::none"}}],"sizes":[{"key":1,"value":"30 ml"}],"skin":{"tone":null,"type":[{"key":"very-dry-skintype","value":"very_dry_skintype"}],"type_description":null},"sku_badge":null,"sku_badge_image":null,"sku_display_order":0,"sku_id":"K73322","sku_promo_messaging":null,"sku_type":"SE","sku_url":null,"tags":{"total":10,"items":[{"id":"25565","key":"justarrivednew","value":"justarrivednew"},{"id":"17859","key":"çok-satanlar","value":"ÇOK SATANLAR"},{"id":"27171","key":"day4flashsale","value":"Day4FlashSale"},{"id":"1575","key":"en-çok-satanlar","value":"En Çok Satanlar"},{"id":"1592","key":"makyaj","value":"MAKYAJ"},{"id":"25016","key":"top-sellers","value":"Top Sellers"},{"id":"27172","key":"day5flashsale","value":"Day5FlashSale"},{"id":"1599","key":"fondöten","value":"FONDÖTEN"},{"id":"4323","key":"yeni̇-ürünler","value":"YENİ ÜRÜNLER"},{"id":"27174","key":"day7flashsale","value":"Day7FlashSale"}]},"texture":null,"undertone":[{"key":"cool-undertone","value":"cool_undertone"}],"unit_of_measure":null,"unit_size":null,"unit_size_formatted":null,"upc":"020714966140","vto":{"is_color_experience":null,"is_foundation_experience":null}},{"color_family":null,"coverage_options":null,"cross_sell":null,"display_status":7,"finish":null,"finish_options":null,"fragrances":[{"family":null,"key":null,"value":null}],"iln_listing":null,"iln_version_number":null,"inventory_status":"Active","is_active":true,"is_coming_soon":null,"is_default_sku":false,"is_discountable":true,"is_displayable":null,"is_engravable":null,"is_fragrance":null,"is_giftable":null,"is_giftwrap":false,"is_inactive":null,"is_multi_shaded":null,"is_out_of_stock":null,"is_preorder":false,"is_preorderable":null,"is_promotional":null,"is_replenishable":false,"is_search_suppressed":null,"is_searchable":true,"is_shaded":null,"is_sized":null,"is_sold_out":null,"is_under_weight_hazmat":false,"is_vto_enabled":null,"life_of_product":"Limited life","material_code":"K733350000","media":{"large":[{"alt":"Even Better Refresh™ Nemlendirici ve Onarıma Yardımcı Fondöten","height":1200,"position":1,"src":"/media/export/cms/products/1200x1500/cl_sku_K73335_1200x1500_0.png","type":"image","width":1500}],"medium":[{"alt":"Even Better Refresh™ Nemlendirici ve Onarıma Yardımcı Fondöten","height":600,"position":2,"src":"/media/export/cms/products/600x750/cl_sku_K73335_600x750_0.png","type":"image","width":750}],"model":null,"poster":null,"small":[{"alt":"Even Better Refresh™ Nemlendirici ve Onarıma Yardımcı Fondöten","height":1200,"position":3,"src":"/media/export/cms/products/1200x1500/cl_sku_K73335_1200x1500_0.png","type":"image","width":1500}],"smoosh":[{"alt":"Even Better Refresh™ Nemlendirici ve Onarıma Yardımcı Fondöten","height":1200,"position":0,"src":"/media/export/cms/products/1200x1500/swatches_v3/41_ns_ng.png","type":"image","width":1500}],"xl":null},"out_of_stock_threshold":null,"perlgem":{"SKU_BASE_ID":114381},"preorder_date":null,"prices":[{"currency":"TRY","exclude_tax":{"original_price":310,"original_price_formatted":"310.00 TL","price":310,"price_formatted":"310.00 TL","price_per_unit":null,"price_per_unit_formatted":""},"include_tax":{"original_price":310,"original_price_formatted":"310.00 TL","price":310,"price_formatted":"310.00 TL","price_per_unit":null,"price_per_unit_formatted":""},"is_discounted":false}],"purchase_limit":null,"replenishment":{"message":null},"reviews":{"average_rating":null,"number_of_questions":null,"number_of_reviews":null},"set_components":null,"shade_groups":null,"shades":[{"description":"","hex_val":"#ca9c72","image":{"height":null,"src":"","width":null},"name":"CN 90 Sand","smoosh_design":{"group_id":null,"name":"41::none::none"}}],"sizes":[{"key":1,"value":"30 мл"}],"skin":{"tone":null,"type":null,"type_description":null},"sku_badge":null,"sku_badge_image":null,"sku_display_order":0,"sku_id":"K73335","sku_promo_messaging":null,"sku_type":"SE","sku_url":null,"tags":{"total":5,"items":[{"id":"27171","key":"day4flashsale","value":"Day4FlashSale"},{"id":"1592","key":"makyaj","value":"MAKYAJ"},{"id":"27172","key":"day5flashsale","value":"Day5FlashSale"},{"id":"1599","key":"fondöten","value":"FONDÖTEN"},{"id":"1590","key":"i̇ndi̇ri̇mli̇-ürünler","value":"İNDİRİMLİ ÜRÜNLER"}]},"texture":null,"undertone":null,"unit_of_measure":null,"unit_size":null,"unit_size_formatted":null,"upc":"020714970710","vto":{"is_color_experience":null,"is_foundation_experience":null}},{"color_family":[{"key":"fair-color","value":"fair_color"}],"coverage_options":null,"cross_sell":null,"display_status":7,"finish":[{"key":"natural-finish","value":"natural_finish"}],"finish_options":[{"key":"natural-finish","value":"natural_finish"}],"fragrances":[{"family":null,"key":null,"value":null}],"iln_listing":null,"iln_version_number":null,"inventory_status":"Active","is_active":true,"is_coming_soon":null,"is_default_sku":false,"is_discountable":true,"is_displayable":null,"is_engravable":null,"is_fragrance":null,"is_giftable":null,"is_giftwrap":false,"is_inactive":null,"is_multi_shaded":null,"is_out_of_stock":null,"is_preorder":false,"is_preorderable":null,"is_promotional":null,"is_replenishable":false,"is_search_suppressed":null,"is_searchable":true,"is_shaded":null,"is_sized":null,"is_sold_out":null,"is_under_weight_hazmat":false,"is_vto_enabled":null,"life_of_product":"Basic Reorder","material_code":"K733120000","media":{"large":[{"alt":"Even Better Refresh™ Nemlendirici ve Onarıma Yardımcı Fondöten","height":1200,"position":1,"src":"/media/export/cms/products/1200x1500/cl_sku_K73312_1200x1500_0.png","type":"image","width":1500}],"medium":[{"alt":"Even Better Refresh™ Nemlendirici ve Onarıma Yardımcı Fondöten","height":600,"position":2,"src":"/media/export/cms/products/600x750/cl_sku_K73312_600x750_0.png","type":"image","width":750}],"model":null,"poster":null,"small":[{"alt":"Even Better Refresh™ Nemlendirici ve Onarıma Yardımcı Fondöten","height":1200,"position":3,"src":"/media/export/cms/products/1200x1500/cl_sku_K73312_1200x1500_0.png","type":"image","width":1500}],"smoosh":[{"alt":"Even Better Refresh™ Nemlendirici ve Onarıma Yardımcı Fondöten","height":1200,"position":0,"src":"/media/export/cms/products/1200x1500/swatches_v3/41_ns_ng.png","type":"image","width":1500}],"xl":null},"out_of_stock_threshold":null,"perlgem":{"SKU_BASE_ID":101118},"preorder_date":null,"prices":[{"currency":"TRY","exclude_tax":{"original_price":310,"original_price_formatted":"310.00 TL","price":310,"price_formatted":"310.00 TL","price_per_unit":null,"price_per_unit_formatted":""},"include_tax":{"original_price":310,"original_price_formatted":"310.00 TL","price":310,"price_formatted":"310.00 TL","price_per_unit":null,"price_per_unit_formatted":""},"is_discounted":false}],"purchase_limit":null,"replenishment":{"message":null},"reviews":{"average_rating":null,"number_of_questions":null,"number_of_reviews":null},"set_components":null,"shade_groups":null,"shades":[{"description":"","hex_val":"#dcab86","image":{"height":null,"src":"","width":null},"name":"CN 52 Neutral","smoosh_design":{"group_id":null,"name":"41::none::none"}}],"sizes":[{"key":1,"value":"30 ml"}],"skin":{"tone":null,"type":[{"key":"very-dry-skintype","value":"very_dry_skintype"}],"type_description":null},"sku_badge":null,"sku_badge_image":null,"sku_display_order":0,"sku_id":"K73312","sku_promo_messaging":null,"sku_type":"SE","sku_url":null,"tags":{"total":12,"items":[{"id":"25565","key":"justarrivednew","value":"justarrivednew"},{"id":"13562","key":"yeni̇-yil-makyaj","value":"YENİ YIL MAKYAJ"},{"id":"17859","key":"çok-satanlar","value":"ÇOK SATANLAR"},{"id":"24180","key":"tamamlayici-ürünler","value":"TAMAMLAYICI ÜRÜNLER"},{"id":"27171","key":"day4flashsale","value":"Day4FlashSale"},{"id":"1575","key":"en-çok-satanlar","value":"En Çok Satanlar"},{"id":"1592","key":"makyaj","value":"MAKYAJ"},{"id":"25016","key":"top-sellers","value":"Top Sellers"},{"id":"27172","key":"day5flashsale","value":"Day5FlashSale"},{"id":"1599","key":"fondöten","value":"FONDÖTEN"},{"id":"4323","key":"yeni̇-ürünler","value":"YENİ ÜRÜNLER"},{"id":"27174","key":"day7flashsale","value":"Day7FlashSale"}]},"texture":null,"undertone":[{"key":"cool-undertone","value":"cool_undertone"}],"unit_of_measure":null,"unit_size":null,"unit_size_formatted":null,"upc":"020714918408","vto":{"is_color_experience":null,"is_foundation_experience":null}},{"color_family":[{"key":"dark-color","value":"dark_color"}],"coverage_options":null,"cross_sell":null,"display_status":7,"finish":[{"key":"natural-finish","value":"natural_finish"}],"finish_options":[{"key":"natural-finish","value":"natural_finish"}],"fragrances":[{"family":null,"key":null,"value":null}],"iln_listing":null,"iln_version_number":null,"inventory_status":"Active","is_active":true,"is_coming_soon":null,"is_default_sku":false,"is_discountable":true,"is_displayable":null,"is_engravable":null,"is_fragrance":null,"is_giftable":null,"is_giftwrap":false,"is_inactive":null,"is_multi_shaded":null,"is_out_of_stock":null,"is_preorder":false,"is_preorderable":null,"is_promotional":null,"is_replenishable":false,"is_search_suppressed":null,"is_searchable":true,"is_shaded":null,"is_sized":null,"is_sold_out":null,"is_under_weight_hazmat":false,"is_vto_enabled":null,"life_of_product":"Basic Reorder","material_code":"K733260000","media":{"large":[{"alt":"Even Better Refresh™ Nemlendirici ve Onarıma Yardımcı Fondöten","height":1200,"position":1,"src":"/media/export/cms/products/1200x1500/cl_sku_K73326_1200x1500_0.png","type":"image","width":1500}],"medium":[{"alt":"Even Better Refresh™ Nemlendirici ve Onarıma Yardımcı Fondöten","height":600,"position":2,"src":"/media/export/cms/products/600x750/cl_sku_K73326_600x750_0.png","type":"image","width":750}],"model":null,"poster":null,"small":[{"alt":"Even Better Refresh™ Nemlendirici ve Onarıma Yardımcı Fondöten","height":1200,"position":3,"src":"/media/export/cms/products/1200x1500/cl_sku_K73326_1200x1500_0.png","type":"image","width":1500}],"smoosh":[{"alt":"Even Better Refresh™ Nemlendirici ve Onarıma Yardımcı Fondöten","height":1200,"position":0,"src":"/media/export/cms/products/1200x1500/swatches_v3/41_ns_ng.png","type":"image","width":1500}],"xl":null},"out_of_stock_threshold":null,"perlgem":{"SKU_BASE_ID":101132},"preorder_date":null,"prices":[{"currency":"TRY","exclude_tax":{"original_price":239,"original_price_formatted":"239.00 TL","price":239,"price_formatted":"239.00 TL","price_per_unit":null,"price_per_unit_formatted":""},"include_tax":{"original_price":239,"original_price_formatted":"239.00 TL","price":239,"price_formatted":"239.00 TL","price_per_unit":null,"price_per_unit_formatted":""},"is_discounted":false}],"purchase_limit":null,"replenishment":{"message":null},"reviews":{"average_rating":null,"number_of_questions":null,"number_of_reviews":null},"set_components":null,"shade_groups":null,"shades":[{"description":"","hex_val":"#7f533c","image":{"height":null,"src":"","width":null},"name":"WN 125 Mahogany","smoosh_design":{"group_id":null,"name":"41::none::none"}}],"sizes":[{"key":1,"value":"30 ml"}],"skin":{"tone":null,"type":[{"key":"very-dry-skintype","value":"very_dry_skintype"}],"type_description":null},"sku_badge":null,"sku_badge_image":null,"sku_display_order":0,"sku_id":"K73326","sku_promo_messaging":null,"sku_type":"SE","sku_url":null,"tags":{"total":10,"items":[{"id":"25565","key":"justarrivednew","value":"justarrivednew"},{"id":"17859","key":"çok-satanlar","value":"ÇOK SATANLAR"},{"id":"27171","key":"day4flashsale","value":"Day4FlashSale"},{"id":"1575","key":"en-çok-satanlar","value":"En Çok Satanlar"},{"id":"1592","key":"makyaj","value":"MAKYAJ"},{"id":"25016","key":"top-sellers","value":"Top Sellers"},{"id":"27172","key":"day5flashsale","value":"Day5FlashSale"},{"id":"1599","key":"fondöten","value":"FONDÖTEN"},{"id":"4323","key":"yeni̇-ürünler","value":"YENİ ÜRÜNLER"},{"id":"27174","key":"day7flashsale","value":"Day7FlashSale"}]},"texture":null,"undertone":[{"key":"warm-undertone","value":"warm_undertone"}],"unit_of_measure":null,"unit_size":null,"unit_size_formatted":null,"upc":"020714966188","vto":{"is_color_experience":null,"is_foundation_experience":null}},{"color_family":[{"key":"fair-color","value":"fair_color"}],"coverage_options":null,"cross_sell":null,"display_status":7,"finish":[{"key":"natural-finish","value":"natural_finish"}],"finish_options":[{"key":"natural-finish","value":"natural_finish"}],"fragrances":[{"family":null,"key":null,"value":null}],"iln_listing":null,"iln_version_number":null,"inventory_status":"Active","is_active":true,"is_coming_soon":null,"is_default_sku":false,"is_discountable":true,"is_displayable":null,"is_engravable":null,"is_fragrance":null,"is_giftable":null,"is_giftwrap":false,"is_inactive":null,"is_multi_shaded":null,"is_out_of_stock":null,"is_preorder":false,"is_preorderable":null,"is_promotional":null,"is_replenishable":false,"is_search_suppressed":null,"is_searchable":true,"is_shaded":null,"is_sized":null,"is_sold_out":null,"is_under_weight_hazmat":false,"is_vto_enabled":null,"life_of_product":"Basic Reorder","material_code":"K733110000","media":{"large":[{"alt":"Even Better Refresh™ Nemlendirici ve Onarıma Yardımcı Fondöten","height":1200,"position":1,"src":"/media/export/cms/products/1200x1500/cl_sku_K73311_1200x1500_0.png","type":"image","width":1500}],"medium":[{"alt":"Even Better Refresh™ Nemlendirici ve Onarıma Yardımcı Fondöten","height":600,"position":2,"src":"/media/export/cms/products/600x750/cl_sku_K73311_600x750_0.png","type":"image","width":750}],"model":null,"poster":null,"small":[{"alt":"Even Better Refresh™ Nemlendirici ve Onarıma Yardımcı Fondöten","height":1200,"position":3,"src":"/media/export/cms/products/1200x1500/cl_sku_K73311_1200x1500_0.png","type":"image","width":1500}],"smoosh":[{"alt":"Even Better Refresh™ Nemlendirici ve Onarıma Yardımcı Fondöten","height":1200,"position":0,"src":"/media/export/cms/products/1200x1500/swatches_v3/41_ns_ng.png","type":"image","width":1500}],"xl":null},"out_of_stock_threshold":null,"perlgem":{"SKU_BASE_ID":101084},"preorder_date":null,"prices":[{"currency":"TRY","exclude_tax":{"original_price":310,"original_price_formatted":"310.00 TL","price":310,"price_formatted":"310.00 TL","price_per_unit":null,"price_per_unit_formatted":""},"include_tax":{"original_price":310,"original_price_formatted":"310.00 TL","price":310,"price_formatted":"310.00 TL","price_per_unit":null,"price_per_unit_formatted":""},"is_discounted":false}],"purchase_limit":null,"replenishment":{"message":null},"reviews":{"average_rating":null,"number_of_questions":null,"number_of_reviews":null},"set_components":null,"shade_groups":null,"shades":[{"description":"","hex_val":"#dda377","image":{"height":null,"src":"","width":null},"name":"WN 48 Oat","smoosh_design":{"group_id":null,"name":"41::none::none"}}],"sizes":[{"key":1,"value":"30 ml"}],"skin":{"tone":null,"type":[{"key":"very-dry-skintype","value":"very_dry_skintype"}],"type_description":null},"sku_badge":null,"sku_badge_image":null,"sku_display_order":0,"sku_id":"K73311","sku_promo_messaging":null,"sku_type":"SE","sku_url":null,"tags":{"total":12,"items":[{"id":"25565","key":"justarrivednew","value":"justarrivednew"},{"id":"13562","key":"yeni̇-yil-makyaj","value":"YENİ YIL MAKYAJ"},{"id":"17859","key":"çok-satanlar","value":"ÇOK SATANLAR"},{"id":"24180","key":"tamamlayici-ürünler","value":"TAMAMLAYICI ÜRÜNLER"},{"id":"27171","key":"day4flashsale","value":"Day4FlashSale"},{"id":"1575","key":"en-çok-satanlar","value":"En Çok Satanlar"},{"id":"1592","key":"makyaj","value":"MAKYAJ"},{"id":"25016","key":"top-sellers","value":"Top Sellers"},{"id":"27172","key":"day5flashsale","value":"Day5FlashSale"},{"id":"1599","key":"fondöten","value":"FONDÖTEN"},{"id":"4323","key":"yeni̇-ürünler","value":"YENİ ÜRÜNLER"},{"id":"27174","key":"day7flashsale","value":"Day7FlashSale"}]},"texture":null,"undertone":[{"key":"warm-undertone","value":"warm_undertone"}],"unit_of_measure":null,"unit_size":null,"unit_size_formatted":null,"upc":"020714918392","vto":{"is_color_experience":null,"is_foundation_experience":null}},{"color_family":[{"key":"medium-color","value":"medium_color"}],"coverage_options":null,"cross_sell":null,"display_status":7,"finish":[{"key":"natural-finish","value":"natural_finish"}],"finish_options":[{"key":"natural-finish","value":"natural_finish"}],"fragrances":[{"family":null,"key":null,"value":null}],"iln_listing":null,"iln_version_number":null,"inventory_status":"Active","is_active":true,"is_coming_soon":null,"is_default_sku":false,"is_discountable":true,"is_displayable":null,"is_engravable":null,"is_fragrance":null,"is_giftable":null,"is_giftwrap":false,"is_inactive":null,"is_multi_shaded":null,"is_out_of_stock":null,"is_preorder":false,"is_preorderable":null,"is_promotional":null,"is_replenishable":false,"is_search_suppressed":null,"is_searchable":true,"is_shaded":null,"is_sized":null,"is_sold_out":null,"is_under_weight_hazmat":false,"is_vto_enabled":null,"life_of_product":"Basic Reorder","material_code":"K733200000","media":{"large":[{"alt":"Even Better Refresh™ Nemlendirici ve Onarıma Yardımcı Fondöten","height":1200,"position":1,"src":"/media/export/cms/products/1200x1500/cl_sku_K73320_1200x1500_0.png","type":"image","width":1500}],"medium":[{"alt":"Even Better Refresh™ Nemlendirici ve Onarıma Yardımcı Fondöten","height":600,"position":2,"src":"/media/export/cms/products/600x750/cl_sku_K73320_600x750_0.png","type":"image","width":750}],"model":null,"poster":null,"small":[{"alt":"Even Better Refresh™ Nemlendirici ve Onarıma Yardımcı Fondöten","height":1200,"position":3,"src":"/media/export/cms/products/1200x1500/cl_sku_K73320_1200x1500_0.png","type":"image","width":1500}],"smoosh":[{"alt":"Even Better Refresh™ Nemlendirici ve Onarıma Yardımcı Fondöten","height":1200,"position":0,"src":"/media/export/cms/products/1200x1500/swatches_v3/41_ns_ng.png","type":"image","width":1500}],"xl":null},"out_of_stock_threshold":null,"perlgem":{"SKU_BASE_ID":101126},"preorder_date":null,"prices":[{"currency":"TRY","exclude_tax":{"original_price":310,"original_price_formatted":"310.00 TL","price":310,"price_formatted":"310.00 TL","price_per_unit":null,"price_per_unit_formatted":""},"include_tax":{"original_price":310,"original_price_formatted":"310.00 TL","price":310,"price_formatted":"310.00 TL","price_per_unit":null,"price_per_unit_formatted":""},"is_discounted":false}],"purchase_limit":null,"replenishment":{"message":null},"reviews":{"average_rating":null,"number_of_questions":null,"number_of_reviews":null},"set_components":null,"shade_groups":null,"shades":[{"description":"","hex_val":"#c99566","image":{"height":null,"src":"","width":null},"name":"WN 76 Toasted Wheat","smoosh_design":{"group_id":null,"name":"41::none::none"}}],"sizes":[{"key":1,"value":"30 ml"}],"skin":{"tone":null,"type":[{"key":"very-dry-skintype","value":"very_dry_skintype"}],"type_description":null},"sku_badge":null,"sku_badge_image":null,"sku_display_order":0,"sku_id":"K73320","sku_promo_messaging":null,"sku_type":"SE","sku_url":null,"tags":{"total":13,"items":[{"id":"25565","key":"justarrivednew","value":"justarrivednew"},{"id":"13562","key":"yeni̇-yil-makyaj","value":"YENİ YIL MAKYAJ"},{"id":"17859","key":"çok-satanlar","value":"ÇOK SATANLAR"},{"id":"24180","key":"tamamlayici-ürünler","value":"TAMAMLAYICI ÜRÜNLER"},{"id":"27171","key":"day4flashsale","value":"Day4FlashSale"},{"id":"1575","key":"en-çok-satanlar","value":"En Çok Satanlar"},{"id":"1592","key":"makyaj","value":"MAKYAJ"},{"id":"25016","key":"top-sellers","value":"Top Sellers"},{"id":"27172","key":"day5flashsale","value":"Day5FlashSale"},{"id":"1599","key":"fondöten","value":"FONDÖTEN"},{"id":"4323","key":"yeni̇-ürünler","value":"YENİ ÜRÜNLER"},{"id":"27174","key":"day7flashsale","value":"Day7FlashSale"},{"id":"1590","key":"i̇ndi̇ri̇mli̇-ürünler","value":"İNDİRİMLİ ÜRÜNLER"}]},"texture":null,"undertone":[{"key":"warm-undertone","value":"warm_undertone"}],"unit_of_measure":null,"unit_size":null,"unit_size_formatted":null,"upc":"020714918484","vto":{"is_color_experience":null,"is_foundation_experience":null}},{"color_family":[{"key":"fair-color","value":"fair_color"}],"coverage_options":null,"cross_sell":null,"display_status":7,"finish":[{"key":"natural-finish","value":"natural_finish"}],"finish_options":[{"key":"natural-finish","value":"natural_finish"}],"fragrances":[{"family":null,"key":null,"value":null}],"iln_listing":null,"iln_version_number":null,"inventory_status":"Active","is_active":true,"is_coming_soon":null,"is_default_sku":false,"is_discountable":true,"is_displayable":null,"is_engravable":null,"is_fragrance":null,"is_giftable":null,"is_giftwrap":false,"is_inactive":null,"is_multi_shaded":null,"is_out_of_stock":null,"is_preorder":false,"is_preorderable":null,"is_promotional":null,"is_replenishable":false,"is_search_suppressed":null,"is_searchable":true,"is_shaded":null,"is_sized":null,"is_sold_out":null,"is_under_weight_hazmat":false,"is_vto_enabled":null,"life_of_product":"Basic Reorder","material_code":"K733180000","media":{"large":[{"alt":"Even Better Refresh™ Nemlendirici ve Onarıma Yardımcı Fondöten","height":1200,"position":1,"src":"/media/export/cms/products/1200x1500/cl_sku_K73318_1200x1500_0.png","type":"image","width":1500}],"medium":[{"alt":"Even Better Refresh™ Nemlendirici ve Onarıma Yardımcı Fondöten","height":600,"position":2,"src":"/media/export/cms/products/600x750/cl_sku_K73318_600x750_0.png","type":"image","width":750}],"model":null,"poster":null,"small":[{"alt":"Even Better Refresh™ Nemlendirici ve Onarıma Yardımcı Fondöten","height":1200,"position":3,"src":"/media/export/cms/products/1200x1500/cl_sku_K73318_1200x1500_0.png","type":"image","width":1500}],"smoosh":[{"alt":"Even Better Refresh™ Nemlendirici ve Onarıma Yardımcı Fondöten","height":1200,"position":0,"src":"/media/export/cms/products/1200x1500/swatches_v3/41_ns_ng.png","type":"image","width":1500}],"xl":null},"out_of_stock_threshold":null,"perlgem":{"SKU_BASE_ID":101124},"preorder_date":null,"prices":[{"currency":"TRY","exclude_tax":{"original_price":239,"original_price_formatted":"239.00 TL","price":239,"price_formatted":"239.00 TL","price_per_unit":null,"price_per_unit_formatted":""},"include_tax":{"original_price":239,"original_price_formatted":"239.00 TL","price":239,"price_formatted":"239.00 TL","price_per_unit":null,"price_per_unit_formatted":""},"is_discounted":false}],"purchase_limit":null,"replenishment":{"message":null},"reviews":{"average_rating":null,"number_of_questions":null,"number_of_reviews":null},"set_components":null,"shade_groups":null,"shades":[{"description":"","hex_val":"#d8a884","image":{"height":null,"src":"","width":null},"name":"CN 70 Vanilla","smoosh_design":{"group_id":null,"name":"41::none::none"}}],"sizes":[{"key":1,"value":"30 ml"}],"skin":{"tone":null,"type":[{"key":"very-dry-skintype","value":"very_dry_skintype"}],"type_description":null},"sku_badge":null,"sku_badge_image":null,"sku_display_order":0,"sku_id":"K73318","sku_promo_messaging":null,"sku_type":"SE","sku_url":null,"tags":{"total":11,"items":[{"id":"25565","key":"justarrivednew","value":"justarrivednew"},{"id":"13562","key":"yeni̇-yil-makyaj","value":"YENİ YIL MAKYAJ"},{"id":"17859","key":"çok-satanlar","value":"ÇOK SATANLAR"},{"id":"27171","key":"day4flashsale","value":"Day4FlashSale"},{"id":"1575","key":"en-çok-satanlar","value":"En Çok Satanlar"},{"id":"1592","key":"makyaj","value":"MAKYAJ"},{"id":"25016","key":"top-sellers","value":"Top Sellers"},{"id":"27172","key":"day5flashsale","value":"Day5FlashSale"},{"id":"1599","key":"fondöten","value":"FONDÖTEN"},{"id":"4323","key":"yeni̇-ürünler","value":"YENİ ÜRÜNLER"},{"id":"27174","key":"day7flashsale","value":"Day7FlashSale"}]},"texture":null,"undertone":[{"key":"cool-undertone","value":"cool_undertone"}],"unit_of_measure":null,"unit_size":null,"unit_size_formatted":null,"upc":"020714918460","vto":{"is_color_experience":null,"is_foundation_experience":null}},{"color_family":[{"key":"dark-color","value":"dark_color"}],"coverage_options":null,"cross_sell":null,"display_status":7,"finish":[{"key":"natural-finish","value":"natural_finish"}],"finish_options":[{"key":"natural-finish","value":"natural_finish"}],"fragrances":[{"family":null,"key":null,"value":null}],"iln_listing":null,"iln_version_number":null,"inventory_status":"Active","is_active":true,"is_coming_soon":null,"is_default_sku":false,"is_discountable":true,"is_displayable":null,"is_engravable":null,"is_fragrance":null,"is_giftable":null,"is_giftwrap":false,"is_inactive":null,"is_multi_shaded":null,"is_out_of_stock":null,"is_preorder":false,"is_preorderable":null,"is_promotional":null,"is_replenishable":false,"is_search_suppressed":null,"is_searchable":true,"is_shaded":null,"is_sized":null,"is_sold_out":null,"is_under_weight_hazmat":false,"is_vto_enabled":null,"life_of_product":"Basic Reorder","material_code":"K733270000","media":{"large":[{"alt":"Even Better Refresh™ Nemlendirici ve Onarıma Yardımcı Fondöten","height":1200,"position":1,"src":"/media/export/cms/products/1200x1500/cl_sku_K73327_1200x1500_0.png","type":"image","width":1500}],"medium":[{"alt":"Even Better Refresh™ Nemlendirici ve Onarıma Yardımcı Fondöten","height":600,"position":2,"src":"/media/export/cms/products/600x750/cl_sku_K73327_600x750_0.png","type":"image","width":750}],"model":null,"poster":null,"small":[{"alt":"Even Better Refresh™ Nemlendirici ve Onarıma Yardımcı Fondöten","height":1200,"position":3,"src":"/media/export/cms/products/1200x1500/cl_sku_K73327_1200x1500_0.png","type":"image","width":1500}],"smoosh":[{"alt":"Even Better Refresh™ Nemlendirici ve Onarıma Yardımcı Fondöten","height":1200,"position":0,"src":"/media/export/cms/products/1200x1500/swatches_v3/41_ns_ng.png","type":"image","width":1500}],"xl":null},"out_of_stock_threshold":null,"perlgem":{"SKU_BASE_ID":101133},"preorder_date":null,"prices":[{"currency":"TRY","exclude_tax":{"original_price":239,"original_price_formatted":"239.00 TL","price":239,"price_formatted":"239.00 TL","price_per_unit":null,"price_per_unit_formatted":""},"include_tax":{"original_price":239,"original_price_formatted":"239.00 TL","price":239,"price_formatted":"239.00 TL","price_per_unit":null,"price_per_unit_formatted":""},"is_discounted":false}],"purchase_limit":null,"replenishment":{"message":null},"reviews":{"average_rating":null,"number_of_questions":null,"number_of_reviews":null},"set_components":null,"shade_groups":null,"shades":[{"description":"","hex_val":"#694534","image":{"height":null,"src":"","width":null},"name":"CN 126 Espresso","smoosh_design":{"group_id":null,"name":"41::none::none"}}],"sizes":[{"key":1,"value":"30 ml"}],"skin":{"tone":null,"type":[{"key":"very-dry-skintype","value":"very_dry_skintype"}],"type_description":null},"sku_badge":null,"sku_badge_image":null,"sku_display_order":0,"sku_id":"K73327","sku_promo_messaging":null,"sku_type":"SE","sku_url":null,"tags":{"total":11,"items":[{"id":"25565","key":"justarrivednew","value":"justarrivednew"},{"id":"17859","key":"çok-satanlar","value":"ÇOK SATANLAR"},{"id":"27171","key":"day4flashsale","value":"Day4FlashSale"},{"id":"1575","key":"en-çok-satanlar","value":"En Çok Satanlar"},{"id":"1592","key":"makyaj","value":"MAKYAJ"},{"id":"25016","key":"top-sellers","value":"Top Sellers"},{"id":"27172","key":"day5flashsale","value":"Day5FlashSale"},{"id":"1599","key":"fondöten","value":"FONDÖTEN"},{"id":"19288","key":"sale","value":"sale"},{"id":"4323","key":"yeni̇-ürünler","value":"YENİ ÜRÜNLER"},{"id":"27174","key":"day7flashsale","value":"Day7FlashSale"}]},"texture":null,"undertone":[{"key":"cool-undertone","value":"cool_undertone"}],"unit_of_measure":null,"unit_size":null,"unit_size_formatted":null,"upc":"020714966195","vto":{"is_color_experience":null,"is_foundation_experience":null}},{"color_family":[{"key":"very-fair-color","value":"very_fair_color"}],"coverage_options":null,"cross_sell":null,"display_status":7,"finish":[{"key":"natural-finish","value":"natural_finish"}],"finish_options":[{"key":"natural-finish","value":"natural_finish"}],"fragrances":[{"family":null,"key":null,"value":null}],"iln_listing":null,"iln_version_number":null,"inventory_status":"Active","is_active":true,"is_coming_soon":null,"is_default_sku":false,"is_discountable":true,"is_displayable":null,"is_engravable":null,"is_fragrance":null,"is_giftable":null,"is_giftwrap":false,"is_inactive":null,"is_multi_shaded":null,"is_out_of_stock":null,"is_preorder":false,"is_preorderable":null,"is_promotional":null,"is_replenishable":false,"is_search_suppressed":null,"is_searchable":true,"is_shaded":null,"is_sized":null,"is_sold_out":null,"is_under_weight_hazmat":false,"is_vto_enabled":null,"life_of_product":"Basic Reorder","material_code":"K733040000","media":{"large":[{"alt":"Even Better Refresh™ Nemlendirici ve Onarıma Yardımcı Fondöten","height":1200,"position":1,"src":"/media/export/cms/products/1200x1500/cl_sku_K73304_1200x1500_0.png","type":"image","width":1500}],"medium":[{"alt":"Even Better Refresh™ Nemlendirici ve Onarıma Yardımcı Fondöten","height":600,"position":2,"src":"/media/export/cms/products/600x750/cl_sku_K73304_600x750_0.png","type":"image","width":750}],"model":null,"poster":null,"small":[{"alt":"Even Better Refresh™ Nemlendirici ve Onarıma Yardımcı Fondöten","height":1200,"position":3,"src":"/media/export/cms/products/1200x1500/cl_sku_K73304_1200x1500_0.png","type":"image","width":1500}],"smoosh":[{"alt":"Even Better Refresh™ Nemlendirici ve Onarıma Yardımcı Fondöten","height":1200,"position":0,"src":"/media/export/cms/products/1200x1500/swatches_v3/41_ns_ng.png","type":"image","width":1500}],"xl":null},"out_of_stock_threshold":null,"perlgem":{"SKU_BASE_ID":101077},"preorder_date":null,"prices":[{"currency":"TRY","exclude_tax":{"original_price":310,"original_price_formatted":"310.00 TL","price":310,"price_formatted":"310.00 TL","price_per_unit":null,"price_per_unit_formatted":""},"include_tax":{"original_price":310,"original_price_formatted":"310.00 TL","price":310,"price_formatted":"310.00 TL","price_per_unit":null,"price_per_unit_formatted":""},"is_discounted":false}],"purchase_limit":null,"replenishment":{"message":null},"reviews":{"average_rating":null,"number_of_questions":null,"number_of_reviews":null},"set_components":null,"shade_groups":null,"shades":[{"description":"","hex_val":"#f0c9af","image":{"height":null,"src":"","width":null},"name":"CN 10 Alabaster","smoosh_design":{"group_id":null,"name":"41::none::none"}}],"sizes":[{"key":1,"value":"30 ml"}],"skin":{"tone":null,"type":[{"key":"very-dry-skintype","value":"very_dry_skintype"}],"type_description":null},"sku_badge":null,"sku_badge_image":null,"sku_display_order":0,"sku_id":"K73304","sku_promo_messaging":null,"sku_type":"SE","sku_url":null,"tags":{"total":12,"items":[{"id":"25565","key":"justarrivednew","value":"justarrivednew"},{"id":"13562","key":"yeni̇-yil-makyaj","value":"YENİ YIL MAKYAJ"},{"id":"17859","key":"çok-satanlar","value":"ÇOK SATANLAR"},{"id":"24180","key":"tamamlayici-ürünler","value":"TAMAMLAYICI ÜRÜNLER"},{"id":"27171","key":"day4flashsale","value":"Day4FlashSale"},{"id":"1575","key":"en-çok-satanlar","value":"En Çok Satanlar"},{"id":"1592","key":"makyaj","value":"MAKYAJ"},{"id":"25016","key":"top-sellers","value":"Top Sellers"},{"id":"27172","key":"day5flashsale","value":"Day5FlashSale"},{"id":"1599","key":"fondöten","value":"FONDÖTEN"},{"id":"4323","key":"yeni̇-ürünler","value":"YENİ ÜRÜNLER"},{"id":"27174","key":"day7flashsale","value":"Day7FlashSale"}]},"texture":null,"undertone":[{"key":"cool-undertone","value":"cool_undertone"}],"unit_of_measure":null,"unit_size":null,"unit_size_formatted":null,"upc":"020714918323","vto":{"is_color_experience":null,"is_foundation_experience":null}},{"color_family":[{"key":"dark-color","value":"dark_color"}],"coverage_options":null,"cross_sell":null,"display_status":7,"finish":[{"key":"natural-finish","value":"natural_finish"}],"finish_options":[{"key":"natural-finish","value":"natural_finish"}],"fragrances":[{"family":null,"key":null,"value":null}],"iln_listing":null,"iln_version_number":null,"inventory_status":"Active","is_active":true,"is_coming_soon":null,"is_default_sku":false,"is_discountable":true,"is_displayable":null,"is_engravable":null,"is_fragrance":null,"is_giftable":null,"is_giftwrap":false,"is_inactive":null,"is_multi_shaded":null,"is_out_of_stock":null,"is_preorder":false,"is_preorderable":null,"is_promotional":null,"is_replenishable":false,"is_search_suppressed":null,"is_searchable":true,"is_shaded":null,"is_sized":null,"is_sold_out":null,"is_under_weight_hazmat":false,"is_vto_enabled":null,"life_of_product":"Basic Reorder","material_code":"K733250000","media":{"large":[{"alt":"Even Better Refresh™ Nemlendirici ve Onarıma Yardımcı Fondöten","height":1200,"position":1,"src":"/media/export/cms/products/1200x1500/cl_sku_K73325_1200x1500_0.png","type":"image","width":1500}],"medium":[{"alt":"Even Better Refresh™ Nemlendirici ve Onarıma Yardımcı Fondöten","height":600,"position":2,"src":"/media/export/cms/products/600x750/cl_sku_K73325_600x750_0.png","type":"image","width":750}],"model":null,"poster":null,"small":[{"alt":"Even Better Refresh™ Nemlendirici ve Onarıma Yardımcı Fondöten","height":1200,"position":3,"src":"/media/export/cms/products/1200x1500/cl_sku_K73325_1200x1500_0.png","type":"image","width":1500}],"smoosh":[{"alt":"Even Better Refresh™ Nemlendirici ve Onarıma Yardımcı Fondöten","height":1200,"position":0,"src":"/media/export/cms/products/1200x1500/swatches_v3/41_ns_ng.png","type":"image","width":1500}],"xl":null},"out_of_stock_threshold":null,"perlgem":{"SKU_BASE_ID":101131},"preorder_date":null,"prices":[{"currency":"TRY","exclude_tax":{"original_price":239,"original_price_formatted":"239.00 TL","price":239,"price_formatted":"239.00 TL","price_per_unit":null,"price_per_unit_formatted":""},"include_tax":{"original_price":239,"original_price_formatted":"239.00 TL","price":239,"price_formatted":"239.00 TL","price_per_unit":null,"price_per_unit_formatted":""},"is_discounted":false}],"purchase_limit":null,"replenishment":{"message":null},"reviews":{"average_rating":null,"number_of_questions":null,"number_of_reviews":null},"set_components":null,"shade_groups":null,"shades":[{"description":"","hex_val":"#9b5e3b","image":{"height":null,"src":"","width":null},"name":"WN 122 Clove","smoosh_design":{"group_id":null,"name":"41::none::none"}}],"sizes":[{"key":1,"value":"30 ml"}],"skin":{"tone":null,"type":[{"key":"very-dry-skintype","value":"very_dry_skintype"}],"type_description":null},"sku_badge":null,"sku_badge_image":null,"sku_display_order":0,"sku_id":"K73325","sku_promo_messaging":null,"sku_type":"SE","sku_url":null,"tags":{"total":10,"items":[{"id":"25565","key":"justarrivednew","value":"justarrivednew"},{"id":"17859","key":"çok-satanlar","value":"ÇOK SATANLAR"},{"id":"27171","key":"day4flashsale","value":"Day4FlashSale"},{"id":"1575","key":"en-çok-satanlar","value":"En Çok Satanlar"},{"id":"1592","key":"makyaj","value":"MAKYAJ"},{"id":"25016","key":"top-sellers","value":"Top Sellers"},{"id":"27172","key":"day5flashsale","value":"Day5FlashSale"},{"id":"1599","key":"fondöten","value":"FONDÖTEN"},{"id":"4323","key":"yeni̇-ürünler","value":"YENİ ÜRÜNLER"},{"id":"27174","key":"day7flashsale","value":"Day7FlashSale"}]},"texture":null,"undertone":[{"key":"warm-undertone","value":"warm_undertone"}],"unit_of_measure":null,"unit_size":null,"unit_size_formatted":null,"upc":"020714966171","vto":{"is_color_experience":null,"is_foundation_experience":null}},{"color_family":[{"key":"very-fair-color","value":"very_fair_color"}],"coverage_options":null,"cross_sell":null,"display_status":7,"finish":[{"key":"natural-finish","value":"natural_finish"}],"finish_options":[{"key":"natural-finish","value":"natural_finish"}],"fragrances":[{"family":null,"key":null,"value":null}],"iln_listing":null,"iln_version_number":null,"inventory_status":"Active","is_active":true,"is_coming_soon":null,"is_default_sku":false,"is_discountable":true,"is_displayable":null,"is_engravable":null,"is_fragrance":null,"is_giftable":null,"is_giftwrap":false,"is_inactive":null,"is_multi_shaded":null,"is_out_of_stock":null,"is_preorder":false,"is_preorderable":null,"is_promotional":null,"is_replenishable":false,"is_search_suppressed":null,"is_searchable":true,"is_shaded":null,"is_sized":null,"is_sold_out":null,"is_under_weight_hazmat":false,"is_vto_enabled":null,"life_of_product":"Basic Reorder","material_code":"K733050000","media":{"large":[{"alt":"Even Better Refresh™ Nemlendirici ve Onarıma Yardımcı Fondöten","height":1200,"position":1,"src":"/media/export/cms/products/1200x1500/cl_sku_K73305_1200x1500_0.png","type":"image","width":1500}],"medium":[{"alt":"Even Better Refresh™ Nemlendirici ve Onarıma Yardımcı Fondöten","height":600,"position":2,"src":"/media/export/cms/products/600x750/cl_sku_K73305_600x750_0.png","type":"image","width":750}],"model":null,"poster":null,"small":[{"alt":"Even Better Refresh™ Nemlendirici ve Onarıma Yardımcı Fondöten","height":1200,"position":3,"src":"/media/export/cms/products/1200x1500/cl_sku_K73305_1200x1500_0.png","type":"image","width":1500}],"smoosh":[{"alt":"Even Better Refresh™ Nemlendirici ve Onarıma Yardımcı Fondöten","height":1200,"position":0,"src":"/media/export/cms/products/1200x1500/swatches_v3/41_ns_ng.png","type":"image","width":1500}],"xl":null},"out_of_stock_threshold":null,"perlgem":{"SKU_BASE_ID":101078},"preorder_date":null,"prices":[{"currency":"TRY","exclude_tax":{"original_price":310,"original_price_formatted":"310.00 TL","price":310,"price_formatted":"310.00 TL","price_per_unit":null,"price_per_unit_formatted":""},"include_tax":{"original_price":310,"original_price_formatted":"310.00 TL","price":310,"price_formatted":"310.00 TL","price_per_unit":null,"price_per_unit_formatted":""},"is_discounted":false}],"purchase_limit":null,"replenishment":{"message":null},"reviews":{"average_rating":null,"number_of_questions":null,"number_of_reviews":null},"set_components":null,"shade_groups":null,"shades":[{"description":"","hex_val":"#e5b88d","image":{"height":null,"src":"","width":null},"name":"WN 12 Meringue","smoosh_design":{"group_id":null,"name":"41::none::none"}}],"sizes":[{"key":1,"value":"30 ml"}],"skin":{"tone":null,"type":[{"key":"very-dry-skintype","value":"very_dry_skintype"}],"type_description":null},"sku_badge":null,"sku_badge_image":null,"sku_display_order":0,"sku_id":"K73305","sku_promo_messaging":null,"sku_type":"SE","sku_url":null,"tags":{"total":13,"items":[{"id":"25565","key":"justarrivednew","value":"justarrivednew"},{"id":"13562","key":"yeni̇-yil-makyaj","value":"YENİ YIL MAKYAJ"},{"id":"17859","key":"çok-satanlar","value":"ÇOK SATANLAR"},{"id":"24180","key":"tamamlayici-ürünler","value":"TAMAMLAYICI ÜRÜNLER"},{"id":"27171","key":"day4flashsale","value":"Day4FlashSale"},{"id":"1575","key":"en-çok-satanlar","value":"En Çok Satanlar"},{"id":"1592","key":"makyaj","value":"MAKYAJ"},{"id":"25016","key":"top-sellers","value":"Top Sellers"},{"id":"27172","key":"day5flashsale","value":"Day5FlashSale"},{"id":"1599","key":"fondöten","value":"FONDÖTEN"},{"id":"4323","key":"yeni̇-ürünler","value":"YENİ ÜRÜNLER"},{"id":"27174","key":"day7flashsale","value":"Day7FlashSale"},{"id":"1590","key":"i̇ndi̇ri̇mli̇-ürünler","value":"İNDİRİMLİ ÜRÜNLER"}]},"texture":null,"undertone":[{"key":"warm-undertone","value":"warm_undertone"}],"unit_of_measure":null,"unit_size":null,"unit_size_formatted":null,"upc":"020714918330","vto":{"is_color_experience":null,"is_foundation_experience":null}},{"color_family":[{"key":"dark-color","value":"dark_color"}],"coverage_options":null,"cross_sell":null,"display_status":7,"finish":[{"key":"natural-finish","value":"natural_finish"}],"finish_options":[{"key":"natural-finish","value":"natural_finish"}],"fragrances":[{"family":null,"key":null,"value":null}],"iln_listing":null,"iln_version_number":null,"inventory_status":"Active","is_active":true,"is_coming_soon":null,"is_default_sku":false,"is_discountable":true,"is_displayable":null,"is_engravable":null,"is_fragrance":null,"is_giftable":null,"is_giftwrap":false,"is_inactive":null,"is_multi_shaded":null,"is_out_of_stock":null,"is_preorder":false,"is_preorderable":null,"is_promotional":null,"is_replenishable":false,"is_search_suppressed":null,"is_searchable":true,"is_shaded":null,"is_sized":null,"is_sold_out":null,"is_under_weight_hazmat":false,"is_vto_enabled":null,"life_of_product":"Basic Reorder","material_code":"K733230000","media":{"large":[{"alt":"Even Better Refresh™ Nemlendirici ve Onarıma Yardımcı Fondöten","height":1200,"position":1,"src":"/media/export/cms/products/1200x1500/cl_sku_K73323_1200x1500_0.png","type":"image","width":1500}],"medium":[{"alt":"Even Better Refresh™ Nemlendirici ve Onarıma Yardımcı Fondöten","height":600,"position":2,"src":"/media/export/cms/products/600x750/cl_sku_K73323_600x750_0.png","type":"image","width":750}],"model":null,"poster":null,"small":[{"alt":"Even Better Refresh™ Nemlendirici ve Onarıma Yardımcı Fondöten","height":1200,"position":3,"src":"/media/export/cms/products/1200x1500/cl_sku_K73323_1200x1500_0.png","type":"image","width":1500}],"smoosh":[{"alt":"Even Better Refresh™ Nemlendirici ve Onarıma Yardımcı Fondöten","height":1200,"position":0,"src":"/media/export/cms/products/1200x1500/swatches_v3/41_ns_ng.png","type":"image","width":1500}],"xl":null},"out_of_stock_threshold":null,"perlgem":{"SKU_BASE_ID":101129},"preorder_date":null,"prices":[{"currency":"TRY","exclude_tax":{"original_price":239,"original_price_formatted":"239.00 TL","price":239,"price_formatted":"239.00 TL","price_per_unit":null,"price_per_unit_formatted":""},"include_tax":{"original_price":239,"original_price_formatted":"239.00 TL","price":239,"price_formatted":"239.00 TL","price_per_unit":null,"price_per_unit_formatted":""},"is_discounted":false}],"purchase_limit":null,"replenishment":{"message":null},"reviews":{"average_rating":null,"number_of_questions":null,"number_of_reviews":null},"set_components":null,"shade_groups":null,"shades":[{"description":"","hex_val":"#b47640","image":{"height":null,"src":"","width":null},"name":"WN 114 Golden","smoosh_design":{"group_id":null,"name":"41::none::none"}}],"sizes":[{"key":1,"value":"30 ml"}],"skin":{"tone":null,"type":[{"key":"very-dry-skintype","value":"very_dry_skintype"}],"type_description":null},"sku_badge":null,"sku_badge_image":null,"sku_display_order":0,"sku_id":"K73323","sku_promo_messaging":null,"sku_type":"SE","sku_url":null,"tags":{"total":10,"items":[{"id":"25565","key":"justarrivednew","value":"justarrivednew"},{"id":"17859","key":"çok-satanlar","value":"ÇOK SATANLAR"},{"id":"27171","key":"day4flashsale","value":"Day4FlashSale"},{"id":"1575","key":"en-çok-satanlar","value":"En Çok Satanlar"},{"id":"1592","key":"makyaj","value":"MAKYAJ"},{"id":"25016","key":"top-sellers","value":"Top Sellers"},{"id":"27172","key":"day5flashsale","value":"Day5FlashSale"},{"id":"1599","key":"fondöten","value":"FONDÖTEN"},{"id":"4323","key":"yeni̇-ürünler","value":"YENİ ÜRÜNLER"},{"id":"27174","key":"day7flashsale","value":"Day7FlashSale"}]},"texture":null,"undertone":[{"key":"warm-undertone","value":"warm_undertone"}],"unit_of_measure":null,"unit_size":null,"unit_size_formatted":null,"upc":"020714966157","vto":{"is_color_experience":null,"is_foundation_experience":null}},{"color_family":null,"coverage_options":null,"cross_sell":null,"display_status":7,"finish":null,"finish_options":null,"fragrances":[{"family":null,"key":null,"value":null}],"iln_listing":null,"iln_version_number":null,"inventory_status":"Active","is_active":true,"is_coming_soon":null,"is_default_sku":false,"is_discountable":true,"is_displayable":null,"is_engravable":null,"is_fragrance":null,"is_giftable":null,"is_giftwrap":false,"is_inactive":null,"is_multi_shaded":null,"is_out_of_stock":null,"is_preorder":false,"is_preorderable":null,"is_promotional":null,"is_replenishable":false,"is_search_suppressed":null,"is_searchable":true,"is_shaded":null,"is_sized":null,"is_sold_out":null,"is_under_weight_hazmat":false,"is_vto_enabled":null,"life_of_product":"Limited life","material_code":"K733340000","media":{"large":[{"alt":"Even Better Refresh™ Nemlendirici ve Onarıma Yardımcı Fondöten","height":1200,"position":1,"src":"/media/export/cms/products/1200x1500/cl_sku_K73334_1200x1500_0.png","type":"image","width":1500}],"medium":[{"alt":"Even Better Refresh™ Nemlendirici ve Onarıma Yardımcı Fondöten","height":600,"position":2,"src":"/media/export/cms/products/600x750/cl_sku_K73334_600x750_0.png","type":"image","width":750}],"model":null,"poster":null,"small":[{"alt":"Even Better Refresh™ Nemlendirici ve Onarıma Yardımcı Fondöten","height":1200,"position":3,"src":"/media/export/cms/products/1200x1500/cl_sku_K73334_1200x1500_0.png","type":"image","width":1500}],"smoosh":[{"alt":"Even Better Refresh™ Nemlendirici ve Onarıma Yardımcı Fondöten","height":1200,"position":0,"src":"/media/export/cms/products/1200x1500/swatches_v3/41_ns_ng.png","type":"image","width":1500}],"xl":null},"out_of_stock_threshold":null,"perlgem":{"SKU_BASE_ID":114380},"preorder_date":null,"prices":[{"currency":"TRY","exclude_tax":{"original_price":310,"original_price_formatted":"310.00 TL","price":310,"price_formatted":"310.00 TL","price_per_unit":null,"price_per_unit_formatted":""},"include_tax":{"original_price":310,"original_price_formatted":"310.00 TL","price":310,"price_formatted":"310.00 TL","price_per_unit":null,"price_per_unit_formatted":""},"is_discounted":false}],"purchase_limit":null,"replenishment":{"message":null},"reviews":{"average_rating":null,"number_of_questions":null,"number_of_reviews":null},"set_components":null,"shade_groups":null,"shades":[{"description":"","hex_val":"#ce9465","image":{"height":null,"src":"","width":null},"name":"CN 78 Nutty","smoosh_design":{"group_id":null,"name":"41::none::none"}}],"sizes":[{"key":1,"value":"30 мл"}],"skin":{"tone":null,"type":null,"type_description":null},"sku_badge":null,"sku_badge_image":null,"sku_display_order":0,"sku_id":"K73334","sku_promo_messaging":null,"sku_type":"SE","sku_url":null,"tags":{"total":5,"items":[{"id":"27171","key":"day4flashsale","value":"Day4FlashSale"},{"id":"1592","key":"makyaj","value":"MAKYAJ"},{"id":"27172","key":"day5flashsale","value":"Day5FlashSale"},{"id":"1599","key":"fondöten","value":"FONDÖTEN"},{"id":"27174","key":"day7flashsale","value":"Day7FlashSale"}]},"texture":null,"undertone":null,"unit_of_measure":null,"unit_size":null,"unit_size_formatted":null,"upc":"020714966287","vto":{"is_color_experience":null,"is_foundation_experience":null}},{"color_family":[{"key":"fair-color","value":"fair_color"}],"coverage_options":null,"cross_sell":null,"display_status":7,"finish":[{"key":"natural-finish","value":"natural_finish"}],"finish_options":[{"key":"natural-finish","value":"natural_finish"}],"fragrances":[{"family":null,"key":null,"value":null}],"iln_listing":null,"iln_version_number":null,"inventory_status":"Active","is_active":true,"is_coming_soon":null,"is_default_sku":false,"is_discountable":true,"is_displayable":null,"is_engravable":null,"is_fragrance":null,"is_giftable":null,"is_giftwrap":false,"is_inactive":null,"is_multi_shaded":null,"is_out_of_stock":null,"is_preorder":false,"is_preorderable":null,"is_promotional":null,"is_replenishable":false,"is_search_suppressed":null,"is_searchable":true,"is_shaded":null,"is_sized":null,"is_sold_out":null,"is_under_weight_hazmat":false,"is_vto_enabled":null,"life_of_product":"Basic Reorder","material_code":"K733170000","media":{"large":[{"alt":"Even Better Refresh™ Nemlendirici ve Onarıma Yardımcı Fondöten","height":1200,"position":1,"src":"/media/export/cms/products/1200x1500/cl_sku_K73317_1200x1500_0.png","type":"image","width":1500}],"medium":[{"alt":"Even Better Refresh™ Nemlendirici ve Onarıma Yardımcı Fondöten","height":600,"position":2,"src":"/media/export/cms/products/600x750/cl_sku_K73317_600x750_0.png","type":"image","width":750}],"model":null,"poster":null,"small":[{"alt":"Even Better Refresh™ Nemlendirici ve Onarıma Yardımcı Fondöten","height":1200,"position":3,"src":"/media/export/cms/products/1200x1500/cl_sku_K73317_1200x1500_0.png","type":"image","width":1500}],"smoosh":[{"alt":"Even Better Refresh™ Nemlendirici ve Onarıma Yardımcı Fondöten","height":1200,"position":0,"src":"/media/export/cms/products/1200x1500/swatches_v3/41_ns_ng.png","type":"image","width":1500}],"xl":null},"out_of_stock_threshold":null,"perlgem":{"SKU_BASE_ID":101123},"preorder_date":null,"prices":[{"currency":"TRY","exclude_tax":{"original_price":239,"original_price_formatted":"239.00 TL","price":239,"price_formatted":"239.00 TL","price_per_unit":null,"price_per_unit_formatted":""},"include_tax":{"original_price":239,"original_price_formatted":"239.00 TL","price":239,"price_formatted":"239.00 TL","price_per_unit":null,"price_per_unit_formatted":""},"is_discounted":false}],"purchase_limit":null,"replenishment":{"message":null},"reviews":{"average_rating":null,"number_of_questions":null,"number_of_reviews":null},"set_components":null,"shade_groups":null,"shades":[{"description":"","hex_val":"#d8a987","image":{"height":null,"src":"","width":null},"name":"WN 69 Cardamon","smoosh_design":{"group_id":null,"name":"41::none::none"}}],"sizes":[{"key":1,"value":"30 ml"}],"skin":{"tone":null,"type":[{"key":"very-dry-skintype","value":"very_dry_skintype"}],"type_description":null},"sku_badge":null,"sku_badge_image":null,"sku_display_order":0,"sku_id":"K73317","sku_promo_messaging":null,"sku_type":"SE","sku_url":null,"tags":{"total":12,"items":[{"id":"25565","key":"justarrivednew","value":"justarrivednew"},{"id":"13562","key":"yeni̇-yil-makyaj","value":"YENİ YIL MAKYAJ"},{"id":"17859","key":"çok-satanlar","value":"ÇOK SATANLAR"},{"id":"27171","key":"day4flashsale","value":"Day4FlashSale"},{"id":"1575","key":"en-çok-satanlar","value":"En Çok Satanlar"},{"id":"1592","key":"makyaj","value":"MAKYAJ"},{"id":"25016","key":"top-sellers","value":"Top Sellers"},{"id":"27172","key":"day5flashsale","value":"Day5FlashSale"},{"id":"1599","key":"fondöten","value":"FONDÖTEN"},{"id":"4323","key":"yeni̇-ürünler","value":"YENİ ÜRÜNLER"},{"id":"27174","key":"day7flashsale","value":"Day7FlashSale"},{"id":"1590","key":"i̇ndi̇ri̇mli̇-ürünler","value":"İNDİRİMLİ ÜRÜNLER"}]},"texture":null,"undertone":[{"key":"warm-undertone","value":"warm_undertone"}],"unit_of_measure":null,"unit_size":null,"unit_size_formatted":null,"upc":"020714918453","vto":{"is_color_experience":null,"is_foundation_experience":null}},{"color_family":null,"coverage_options":null,"cross_sell":null,"display_status":7,"finish":null,"finish_options":null,"fragrances":[{"family":null,"key":null,"value":null}],"iln_listing":null,"iln_version_number":null,"inventory_status":"Active","is_active":true,"is_coming_soon":null,"is_default_sku":false,"is_discountable":true,"is_displayable":null,"is_engravable":null,"is_fragrance":null,"is_giftable":null,"is_giftwrap":false,"is_inactive":null,"is_multi_shaded":null,"is_out_of_stock":null,"is_preorder":false,"is_preorderable":null,"is_promotional":null,"is_replenishable":false,"is_search_suppressed":null,"is_searchable":true,"is_shaded":null,"is_sized":null,"is_sold_out":null,"is_under_weight_hazmat":false,"is_vto_enabled":null,"life_of_product":"Limited life","material_code":"K733370000","media":{"large":[{"alt":"Even Better Refresh™ Nemlendirici ve Onarıma Yardımcı Fondöten","height":1200,"position":1,"src":"/media/export/cms/products/1200x1500/cl_sku_K73337_1200x1500_0.png","type":"image","width":1500}],"medium":[{"alt":"Even Better Refresh™ Nemlendirici ve Onarıma Yardımcı Fondöten","height":600,"position":2,"src":"/media/export/cms/products/600x750/cl_sku_K73337_600x750_0.png","type":"image","width":750}],"model":null,"poster":null,"small":[{"alt":"Even Better Refresh™ Nemlendirici ve Onarıma Yardımcı Fondöten","height":1200,"position":3,"src":"/media/export/cms/products/1200x1500/cl_sku_K73337_1200x1500_0.png","type":"image","width":1500}],"smoosh":[{"alt":"Even Better Refresh™ Nemlendirici ve Onarıma Yardımcı Fondöten","height":1200,"position":0,"src":"/media/export/cms/products/1200x1500/swatches_v3/41_ns_ng.png","type":"image","width":1500}],"xl":null},"out_of_stock_threshold":null,"perlgem":{"SKU_BASE_ID":114383},"preorder_date":null,"prices":[{"currency":"TRY","exclude_tax":{"original_price":310,"original_price_formatted":"310.00 TL","price":310,"price_formatted":"310.00 TL","price_per_unit":null,"price_per_unit_formatted":""},"include_tax":{"original_price":310,"original_price_formatted":"310.00 TL","price":310,"price_formatted":"310.00 TL","price_per_unit":null,"price_per_unit_formatted":""},"is_discounted":false}],"purchase_limit":null,"replenishment":{"message":null},"reviews":{"average_rating":null,"number_of_questions":null,"number_of_reviews":null},"set_components":null,"shade_groups":null,"shades":[{"description":"","hex_val":"#bc7b4d","image":{"height":null,"src":"","width":null},"name":"WN 110 Chestnut","smoosh_design":{"group_id":null,"name":"41::none::none"}}],"sizes":[{"key":1,"value":"30 мл"}],"skin":{"tone":null,"type":null,"type_description":null},"sku_badge":null,"sku_badge_image":null,"sku_display_order":0,"sku_id":"K73337","sku_promo_messaging":null,"sku_type":"SE","sku_url":null,"tags":{"total":6,"items":[{"id":"27171","key":"day4flashsale","value":"Day4FlashSale"},{"id":"1592","key":"makyaj","value":"MAKYAJ"},{"id":"27172","key":"day5flashsale","value":"Day5FlashSale"},{"id":"1599","key":"fondöten","value":"FONDÖTEN"},{"id":"27174","key":"day7flashsale","value":"Day7FlashSale"},{"id":"1590","key":"i̇ndi̇ri̇mli̇-ürünler","value":"İNDİRİMLİ ÜRÜNLER"}]},"texture":null,"undertone":null,"unit_of_measure":null,"unit_size":null,"unit_size_formatted":null,"upc":"192333038574","vto":{"is_color_experience":null,"is_foundation_experience":null}},{"color_family":[{"key":"very-fair-color","value":"very_fair_color"}],"coverage_options":null,"cross_sell":null,"display_status":7,"finish":[{"key":"natural-finish","value":"natural_finish"}],"finish_options":[{"key":"natural-finish","value":"natural_finish"}],"fragrances":[{"family":null,"key":null,"value":null}],"iln_listing":null,"iln_version_number":null,"inventory_status":"Active","is_active":true,"is_coming_soon":null,"is_default_sku":false,"is_discountable":true,"is_displayable":null,"is_engravable":null,"is_fragrance":null,"is_giftable":null,"is_giftwrap":false,"is_inactive":null,"is_multi_shaded":null,"is_out_of_stock":null,"is_preorder":false,"is_preorderable":null,"is_promotional":null,"is_replenishable":false,"is_search_suppressed":null,"is_searchable":true,"is_shaded":null,"is_sized":null,"is_sold_out":null,"is_under_weight_hazmat":false,"is_vto_enabled":null,"life_of_product":"Basic Reorder","material_code":"K733080000","media":{"large":[{"alt":"Even Better Refresh™ Nemlendirici ve Onarıma Yardımcı Fondöten","height":1200,"position":1,"src":"/media/export/cms/products/1200x1500/cl_sku_K73308_1200x1500_0.png","type":"image","width":1500}],"medium":[{"alt":"Even Better Refresh™ Nemlendirici ve Onarıma Yardımcı Fondöten","height":600,"position":2,"src":"/media/export/cms/products/600x750/cl_sku_K73308_600x750_0.png","type":"image","width":750}],"model":null,"poster":null,"small":[{"alt":"Even Better Refresh™ Nemlendirici ve Onarıma Yardımcı Fondöten","height":1200,"position":3,"src":"/media/export/cms/products/1200x1500/cl_sku_K73308_1200x1500_0.png","type":"image","width":1500}],"smoosh":[{"alt":"Even Better Refresh™ Nemlendirici ve Onarıma Yardımcı Fondöten","height":1200,"position":0,"src":"/media/export/cms/products/1200x1500/swatches_v3/41_ns_ng.png","type":"image","width":1500}],"xl":null},"out_of_stock_threshold":null,"perlgem":{"SKU_BASE_ID":101081},"preorder_date":null,"prices":[{"currency":"TRY","exclude_tax":{"original_price":310,"original_price_formatted":"310.00 TL","price":310,"price_formatted":"310.00 TL","price_per_unit":null,"price_per_unit_formatted":""},"include_tax":{"original_price":310,"original_price_formatted":"310.00 TL","price":310,"price_formatted":"310.00 TL","price_per_unit":null,"price_per_unit_formatted":""},"is_discounted":false}],"purchase_limit":null,"replenishment":{"message":null},"reviews":{"average_rating":null,"number_of_questions":null,"number_of_reviews":null},"set_components":null,"shade_groups":null,"shades":[{"description":"","hex_val":"#e6b6a2","image":{"height":null,"src":"","width":null},"name":"CN 29 Bisque","smoosh_design":{"group_id":null,"name":"41::none::none"}}],"sizes":[{"key":1,"value":"30 ml"}],"skin":{"tone":null,"type":[{"key":"very-dry-skintype","value":"very_dry_skintype"}],"type_description":null},"sku_badge":null,"sku_badge_image":null,"sku_display_order":0,"sku_id":"K73308","sku_promo_messaging":null,"sku_type":"SE","sku_url":null,"tags":{"total":4,"items":[{"id":"27171","key":"day4flashsale","value":"Day4FlashSale"},{"id":"27172","key":"day5flashsale","value":"Day5FlashSale"},{"id":"1599","key":"fondöten","value":"FONDÖTEN"},{"id":"27174","key":"day7flashsale","value":"Day7FlashSale"}]},"texture":null,"undertone":[{"key":"cool-undertone","value":"cool_undertone"}],"unit_of_measure":null,"unit_size":null,"unit_size_formatted":null,"upc":"020714918361","vto":{"is_color_experience":null,"is_foundation_experience":null}},{"color_family":null,"coverage_options":null,"cross_sell":null,"display_status":7,"finish":null,"finish_options":null,"fragrances":[{"family":null,"key":null,"value":null}],"iln_listing":null,"iln_version_number":null,"inventory_status":"Active","is_active":true,"is_coming_soon":null,"is_default_sku":false,"is_discountable":true,"is_displayable":null,"is_engravable":null,"is_fragrance":null,"is_giftable":null,"is_giftwrap":false,"is_inactive":null,"is_multi_shaded":null,"is_out_of_stock":null,"is_preorder":false,"is_preorderable":null,"is_promotional":null,"is_replenishable":false,"is_search_suppressed":null,"is_searchable":true,"is_shaded":null,"is_sized":null,"is_sold_out":null,"is_under_weight_hazmat":false,"is_vto_enabled":null,"life_of_product":"Limited life","material_code":"K733360000","media":{"large":[{"alt":"Even Better Refresh™ Nemlendirici ve Onarıma Yardımcı Fondöten","height":1200,"position":1,"src":"/media/export/cms/products/1200x1500/cl_sku_K73336_1200x1500_0.png","type":"image","width":1500}],"medium":[{"alt":"Even Better Refresh™ Nemlendirici ve Onarıma Yardımcı Fondöten","height":600,"position":2,"src":"/media/export/cms/products/600x750/cl_sku_K73336_600x750_0.png","type":"image","width":750}],"model":null,"poster":null,"small":[{"alt":"Even Better Refresh™ Nemlendirici ve Onarıma Yardımcı Fondöten","height":1200,"position":3,"src":"/media/export/cms/products/1200x1500/cl_sku_K73336_1200x1500_0.png","type":"image","width":1500}],"smoosh":[{"alt":"Even Better Refresh™ Nemlendirici ve Onarıma Yardımcı Fondöten","height":1200,"position":0,"src":"/media/export/cms/products/1200x1500/swatches_v3/41_ns_ng.png","type":"image","width":1500}],"xl":null},"out_of_stock_threshold":null,"perlgem":{"SKU_BASE_ID":114382},"preorder_date":null,"prices":[{"currency":"TRY","exclude_tax":{"original_price":239,"original_price_formatted":"239.00 TL","price":239,"price_formatted":"239.00 TL","price_per_unit":null,"price_per_unit_formatted":""},"include_tax":{"original_price":239,"original_price_formatted":"239.00 TL","price":239,"price_formatted":"239.00 TL","price_per_unit":null,"price_per_unit_formatted":""},"is_discounted":false}],"purchase_limit":null,"replenishment":{"message":null},"reviews":{"average_rating":null,"number_of_questions":null,"number_of_reviews":null},"set_components":null,"shade_groups":null,"shades":[{"description":"","hex_val":"#bc8054","image":{"height":null,"src":"","width":null},"name":"WN 100 Deep Honey","smoosh_design":{"group_id":null,"name":"41::none::none"}}],"sizes":[{"key":1,"value":"30 мл"}],"skin":{"tone":null,"type":null,"type_description":null},"sku_badge":null,"sku_badge_image":null,"sku_display_order":0,"sku_id":"K73336","sku_promo_messaging":null,"sku_type":"SE","sku_url":null,"tags":{"total":6,"items":[{"id":"27171","key":"day4flashsale","value":"Day4FlashSale"},{"id":"1592","key":"makyaj","value":"MAKYAJ"},{"id":"27172","key":"day5flashsale","value":"Day5FlashSale"},{"id":"1599","key":"fondöten","value":"FONDÖTEN"},{"id":"27174","key":"day7flashsale","value":"Day7FlashSale"},{"id":"1590","key":"i̇ndi̇ri̇mli̇-ürünler","value":"İNDİRİMLİ ÜRÜNLER"}]},"texture":null,"undertone":null,"unit_of_measure":null,"unit_size":null,"unit_size_formatted":null,"upc":"192333038567","vto":{"is_color_experience":null,"is_foundation_experience":null}},{"color_family":[{"key":"fair-color","value":"fair_color"}],"coverage_options":null,"cross_sell":null,"display_status":7,"finish":[{"key":"natural-finish","value":"natural_finish"}],"finish_options":[{"key":"natural-finish","value":"natural_finish"}],"fragrances":[{"family":null,"key":null,"value":null}],"iln_listing":null,"iln_version_number":null,"inventory_status":"Active","is_active":true,"is_coming_soon":null,"is_default_sku":false,"is_discountable":true,"is_displayable":null,"is_engravable":null,"is_fragrance":null,"is_giftable":null,"is_giftwrap":false,"is_inactive":null,"is_multi_shaded":null,"is_out_of_stock":null,"is_preorder":false,"is_preorderable":null,"is_promotional":null,"is_replenishable":false,"is_search_suppressed":null,"is_searchable":true,"is_shaded":null,"is_sized":null,"is_sold_out":null,"is_under_weight_hazmat":false,"is_vto_enabled":null,"life_of_product":"Basic Reorder","material_code":"K733130000","media":{"large":[{"alt":"Even Better Refresh™ Nemlendirici ve Onarıma Yardımcı Fondöten","height":1200,"position":1,"src":"/media/export/cms/products/1200x1500/cl_sku_K73313_1200x1500_0.png","type":"image","width":1500}],"medium":[{"alt":"Even Better Refresh™ Nemlendirici ve Onarıma Yardımcı Fondöten","height":600,"position":2,"src":"/media/export/cms/products/600x750/cl_sku_K73313_600x750_0.png","type":"image","width":750}],"model":null,"poster":null,"small":[{"alt":"Even Better Refresh™ Nemlendirici ve Onarıma Yardımcı Fondöten","height":1200,"position":3,"src":"/media/export/cms/products/1200x1500/cl_sku_K73313_1200x1500_0.png","type":"image","width":1500}],"smoosh":[{"alt":"Even Better Refresh™ Nemlendirici ve Onarıma Yardımcı Fondöten","height":1200,"position":0,"src":"/media/export/cms/products/1200x1500/swatches_v3/41_ns_ng.png","type":"image","width":1500}],"xl":null},"out_of_stock_threshold":null,"perlgem":{"SKU_BASE_ID":101119},"preorder_date":null,"prices":[{"currency":"TRY","exclude_tax":{"original_price":310,"original_price_formatted":"310.00 TL","price":310,"price_formatted":"310.00 TL","price_per_unit":null,"price_per_unit_formatted":""},"include_tax":{"original_price":310,"original_price_formatted":"310.00 TL","price":310,"price_formatted":"310.00 TL","price_per_unit":null,"price_per_unit_formatted":""},"is_discounted":false}],"purchase_limit":null,"replenishment":{"message":null},"reviews":{"average_rating":null,"number_of_questions":null,"number_of_reviews":null},"set_components":null,"shade_groups":null,"shades":[{"description":"","hex_val":"#dda672","image":{"height":null,"src":"","width":null},"name":"WN 54 Honey Wheat","smoosh_design":{"group_id":null,"name":"41::none::none"}}],"sizes":[{"key":1,"value":"30 ml"}],"skin":{"tone":null,"type":[{"key":"very-dry-skintype","value":"very_dry_skintype"}],"type_description":null},"sku_badge":null,"sku_badge_image":null,"sku_display_order":0,"sku_id":"K73313","sku_promo_messaging":null,"sku_type":"SE","sku_url":null,"tags":{"total":13,"items":[{"id":"25565","key":"justarrivednew","value":"justarrivednew"},{"id":"13562","key":"yeni̇-yil-makyaj","value":"YENİ YIL MAKYAJ"},{"id":"17859","key":"çok-satanlar","value":"ÇOK SATANLAR"},{"id":"24180","key":"tamamlayici-ürünler","value":"TAMAMLAYICI ÜRÜNLER"},{"id":"27171","key":"day4flashsale","value":"Day4FlashSale"},{"id":"1575","key":"en-çok-satanlar","value":"En Çok Satanlar"},{"id":"1592","key":"makyaj","value":"MAKYAJ"},{"id":"25016","key":"top-sellers","value":"Top Sellers"},{"id":"27172","key":"day5flashsale","value":"Day5FlashSale"},{"id":"1599","key":"fondöten","value":"FONDÖTEN"},{"id":"4323","key":"yeni̇-ürünler","value":"YENİ ÜRÜNLER"},{"id":"27174","key":"day7flashsale","value":"Day7FlashSale"},{"id":"1590","key":"i̇ndi̇ri̇mli̇-ürünler","value":"İNDİRİMLİ ÜRÜNLER"}]},"texture":null,"undertone":[{"key":"warm-undertone","value":"warm_undertone"}],"unit_of_measure":null,"unit_size":null,"unit_size_formatted":null,"upc":"020714918415","vto":{"is_color_experience":null,"is_foundation_experience":null}}]},"sub_display_name":null,"sub_header":null,"tags":{"total":14,"items":[{"id":"25565","key":"justarrivednew","parent_tag_id":null,"product_display_order":8,"value":"justarrivednew"},{"id":"13562","key":"yeni̇-yil-makyaj","parent_tag_id":"13561","product_display_order":0,"value":"YENİ YIL MAKYAJ"},{"id":"17859","key":"çok-satanlar","parent_tag_id":null,"product_display_order":48,"value":"ÇOK SATANLAR"},{"id":"24180","key":"tamamlayici-ürünler","parent_tag_id":"1667","product_display_order":0,"value":"TAMAMLAYICI ÜRÜNLER"},{"id":"27171","key":"day4flashsale","parent_tag_id":"1590","product_display_order":0,"value":"Day4FlashSale"},{"id":"1575","key":"en-çok-satanlar","parent_tag_id":null,"product_display_order":122,"value":"En Çok Satanlar"},{"id":"1592","key":"makyaj","parent_tag_id":null,"product_display_order":103,"value":"MAKYAJ"},{"id":"25016","key":"top-sellers","parent_tag_id":"4323","product_display_order":0,"value":"Top Sellers"},{"id":"27172","key":"day5flashsale","parent_tag_id":"1590","product_display_order":82,"value":"Day5FlashSale"},{"id":"1599","key":"fondöten","parent_tag_id":"1592","product_display_order":1,"value":"FONDÖTEN"},{"id":"19288","key":"sale","parent_tag_id":"1590","product_display_order":0,"value":"sale"},{"id":"4323","key":"yeni̇-ürünler","parent_tag_id":null,"product_display_order":62,"value":"YENİ ÜRÜNLER"},{"id":"27174","key":"day7flashsale","parent_tag_id":"1590","product_display_order":0,"value":"Day7FlashSale"},{"id":"1590","key":"i̇ndi̇ri̇mli̇-ürünler","parent_tag_id":null,"product_display_order":0,"value":"İNDİRİMLİ ÜRÜNLER"}]},"usage":[{"content":null,"label":"PRODUCT USAGE","type":"product_usage"},{"content":null,"label":"HOW DOES IT WORK","type":"how_does_it_work"},{"content":"Çok kuru ve karma yağlı ciltler","label":"WHO IT IS FOR","type":"who_it_is_for"},{"content":null,"label":"GREAT TO KNOW","type":"great_to_know"},{"content":"Even Better Refresh™ ile nemlendirici ve onarıma yardımcı fondöten 24 saat boyunca cilde daha genç bir görünüm sağlar. Hafif formülü ile yoğun kapatıcılığa sahip bu fondöten gün boyu nemlendirirken cilde daha dolgun ve pürüzsüz görünüm sağlar. İçeriğindeki güçlü peptitler ile cildi daha pürüzsüz göstermeye yardımcı olur<br><br><b>İçerik/Teknoloji</b><br>Hyalüronik asit ile kırışıklık ve çizgi görünümünü azaltır.<br><br><b>Nasıl Kullanılır?</b><br><ul><li>Yüzün ortasından başlayın ve Fondöten Fırçası veya parmak uçlarınızla dışa doğru uygulayın. Pürüzsüz, doğal görünümlü bir kaplama için eşit olarak karıştırın.</li><li>Kapatıcılığı, ihtiyaç olan bölgelere göre arttırın.</li><li>En sevdiğiniz Clinique makyaj temizleyiciyle çıkarın.</li></ul>","label":"WHAT_IT_DOES","type":"what_it_does"},{"content":"Yeni Even Better Refresh™ ile nemlendirici ve onarıma yardımcı fondöten 24 saat boyunca cilde daha genç bir görünüm sağlar.","label":"WHAT_IT_IS","type":"what_it_is"}],"objectID":"63583"},{"benefit":{"statement":null,"benefits":null},"brand":null,"collection":null,"coverage":null,"cross_sell":null,"default_category":{"id":"2644","key":"alışverişi-tamamla"},"description":null,"display_mode":null,"display_name":"Even Better Glow™ Light Reflecting Makeup SPF 15 in Neutral shade","display_status":7,"finish":null,"form":null,"formula_type":null,"fragrance_family":null,"indexable_keywords":null,"is_hazmat":false,"is_product_coming_soon":null,"is_product_displayable":true,"is_product_searchable":true,"is_product_shoppable":false,"is_product_sold_out":null,"is_product_temporarily_out_of_stock":null,"is_search_suppressed":null,"key_ingredient":null,"media":{"large":null,"medium":null,"poster":null,"small":null,"videos":[{"position":null,"poster":{"height":null,"src":null,"width":null},"provider":null,"src":null},{"position":null,"poster":{"height":null,"src":null,"width":null},"provider":null,"src":null},{"position":null,"poster":{"height":null,"src":null,"width":null},"provider":null,"src":null}],"xl":null},"meta":{"description":null,"keywords":null},"parent_category":[{"id":"2644","value":"Alışverişi Tamamla"}],"product_badge":null,"product_id":"63781","product_title_tag":null,"product_type":"Other","product_url":"/product/2644/63781/alsverisi-tamamla/even-better-glowtm-light-reflecting-makeup-spf-15-in-neutral-shade","reviews":{"average_rating":null,"number_of_questions":null,"number_of_reviews":null},"shade_groups":null,"short_description":null,"skin":null,"skin_goal":null,"skus":{"total":1,"items":[{"color_family":null,"coverage_options":null,"cross_sell":null,"display_status":7,"finish":null,"finish_options":null,"fragrances":[{"family":null,"key":null,"value":null}],"iln_listing":null,"iln_version_number":null,"inventory_status":"Sold Out","is_active":null,"is_coming_soon":null,"is_default_sku":false,"is_discountable":false,"is_displayable":null,"is_engravable":null,"is_fragrance":null,"is_giftable":null,"is_giftwrap":false,"is_inactive":null,"is_multi_shaded":null,"is_out_of_stock":null,"is_preorder":false,"is_preorderable":null,"is_promotional":null,"is_replenishable":false,"is_search_suppressed":null,"is_searchable":false,"is_shaded":null,"is_sized":null,"is_sold_out":true,"is_under_weight_hazmat":false,"is_vto_enabled":null,"life_of_product":"Limited life","material_code":"K2H4050000","media":{"large":[{"alt":"Even Better Glow™ Light Reflecting Makeup SPF 15 in Neutral shade","height":1200,"position":0,"src":"/media/export/cms/products/1200x1500/cl_sku_K2H405_1200x1500_0.png","type":"image","width":1500}],"medium":[{"alt":"Even Better Glow™ Light Reflecting Makeup SPF 15 in Neutral shade","height":600,"position":1,"src":"/media/export/cms/products/600x750/cl_sku_K2H405_600x750_0.png","type":"image","width":750}],"model":null,"poster":null,"small":[{"alt":"Even Better Glow™ Light Reflecting Makeup SPF 15 in Neutral shade","height":1200,"position":2,"src":"/media/export/cms/products/1200x1500/cl_sku_K2H405_1200x1500_0.png","type":"image","width":1500}],"smoosh":null,"xl":null},"out_of_stock_threshold":null,"perlgem":{"SKU_BASE_ID":100537},"preorder_date":null,"prices":[{"currency":"TRY","exclude_tax":{"original_price":0,"original_price_formatted":"0.00 TL","price":0,"price_formatted":"0.00 TL","price_per_unit":null,"price_per_unit_formatted":""},"include_tax":{"original_price":0,"original_price_formatted":"0.00 TL","price":0,"price_formatted":"0.00 TL","price_per_unit":null,"price_per_unit_formatted":""},"is_discounted":false}],"purchase_limit":null,"replenishment":{"message":null},"reviews":{"average_rating":null,"number_of_questions":null,"number_of_reviews":null},"set_components":null,"shade_groups":null,"shades":null,"sizes":[{"key":1,"value":"1.5 ml"}],"skin":{"tone":null,"type":null,"type_description":null},"sku_badge":null,"sku_badge_image":null,"sku_display_order":0,"sku_id":"K2H405","sku_promo_messaging":null,"sku_type":"SE","sku_url":null,"tags":{"total":1,"items":[{"id":"2644","key":"alışverişi-tamamla","value":"Alışverişi Tamamla"}]},"texture":null,"undertone":null,"unit_of_measure":null,"unit_size":null,"unit_size_formatted":null,"upc":"020714880514","vto":{"is_color_experience":null,"is_foundation_experience":null}}]},"sub_display_name":null,"sub_header":null,"tags":{"total":1,"items":[{"id":"2644","key":"alışverişi-tamamla","parent_tag_id":null,"product_display_order":0,"value":"Alışverişi Tamamla"}]},"usage":[{"content":null,"label":"PRODUCT USAGE","type":"product_usage"},{"content":null,"label":"HOW DOES IT WORK","type":"how_does_it_work"},{"content":null,"label":"WHO IT IS FOR","type":"who_it_is_for"},{"content":null,"label":"GREAT TO KNOW","type":"great_to_know"},{"content":null,"label":"WHAT_IT_DOES","type":"what_it_does"},{"content":null,"label":"WHAT_IT_IS","type":"what_it_is"}],"objectID":"63781"},{"benefit":null,"brand":null,"collection":null,"coverage":null,"cross_sell":[{"sku_id":"6F3701","sort_key":1},{"sku_id":"645J01","sort_key":2},{"sku_id":"6EM601","sort_key":3},{"sku_id":"75X302","sort_key":4},{"sku_id":"71FJ01","sort_key":5},{"sku_id":"6HLC01","sort_key":6},{"sku_id":"749K01","sort_key":7},{"sku_id":"68A901","sort_key":8}],"default_category":{"id":"1673","key":"makyaj-temi̇zli̇yi̇ci̇leri̇"},"description":"TAKE THE DAY OFF TEMİZLEME BALMI;<BR>Tüm cilt tipleri için<BR>Hafif dokulu makyaj temizleyici balm, inatçı&nbsp; göz ve yüz makyajını, güneş koruyucuları bile hızlıca çıkarmanıza yardımcı olur. Uygulandıktan sonra katı balm formundan ipeksi yağ haline geçer. Derinlemesine temizlik sağlamanıza yardımcı olur. Nazikçe kirlilik kaynaklı oluşan kalıntıları temizleyerek cildinizin daha genç görünmesini destekler. Yağsızdır. Kurumaz . Oftalmolojik olarak test edilmiştir. Tüm cilt tipleri için uygundur.<BR>","display_mode":null,"display_name":"Take The Day Off Makyaj Temizleme Balmı","display_status":7,"finish":null,"form":null,"formula_type":null,"fragrance_family":null,"indexable_keywords":[{"value":"take the day off cleansing balm"},{"value":" cleansing balm"},{"value":" balm"},{"value":" makeup cleanser"},{"value":" make-up cleanser"},{"value":" balm cleanser"},{"value":" cleansing"},{"value":" face cleansing"},{"value":" makeup removers"},{"value":" make-up removers"},{"value":" take the day off"},{"value":" balm for cleansing "}],"is_hazmat":false,"is_product_coming_soon":null,"is_product_displayable":true,"is_product_searchable":true,"is_product_shoppable":true,"is_product_sold_out":null,"is_product_temporarily_out_of_stock":null,"is_search_suppressed":null,"key_ingredient":null,"media":{"large":[{"alt":"Take The Day Off Makyaj Temizleme Balmı","height":1200,"position":0,"src":"/media/export/cms/products/1200x1500/cl_prod_6424_1200x1500_0.png","type":"image","width":1500},{"alt":"Take The Day Off Makyaj Temizleme Balmı","height":1200,"position":1,"src":"/media/export/cms/products/1200x1500/cl_prod_6424_1200x1500_1.png","type":"image","width":1500}],"medium":null,"poster":null,"small":[{"alt":"Take The Day Off Makyaj Temizleme Balmı","height":1200,"position":2,"src":"/media/export/cms/products/1200x1500/cl_prod_6424_1200x1500_0.png","type":"image","width":1500},{"alt":"Take The Day Off Makyaj Temizleme Balmı","height":1200,"position":3,"src":"/media/export/cms/products/1200x1500/cl_prod_6424_1200x1500_1.png","type":"image","width":1500}],"videos":[{"position":null,"poster":{"height":null,"src":null,"width":null},"provider":null,"src":null},{"position":null,"poster":{"height":null,"src":null,"width":null},"provider":null,"src":null},{"position":null,"poster":{"height":null,"src":null,"width":null},"provider":null,"src":null}],"xl":null},"meta":{"description":null,"keywords":null},"parent_category":[{"id":"1673","value":"MAKYAJ TEMİZLİYİCİLERİ"},{"id":"1667","value":"CİLT BAKIMI"}],"product_badge":null,"product_id":"6424","product_title_tag":null,"product_type":"Sized","product_url":"/product/1673/6424/cilt-bakimi/makyaj-temizliyicileri/take-the-day-off-makyaj-temizleme-balm","reviews":{"average_rating":4.4,"number_of_questions":null,"number_of_reviews":7},"shade_groups":null,"short_description":"Clinique'in 1 katı balm formundan ipeksi yağ kıvamına geçen numaralı makyaj temizleyicisi.","skin":null,"skin_goal":null,"skus":{"total":1,"items":[{"color_family":null,"coverage_options":null,"cross_sell":null,"display_status":7,"finish":null,"finish_options":null,"fragrances":[{"family":null,"key":null,"value":null}],"iln_listing":null,"iln_version_number":null,"inventory_status":"Active","is_active":true,"is_coming_soon":null,"is_default_sku":true,"is_discountable":true,"is_displayable":null,"is_engravable":null,"is_fragrance":null,"is_giftable":null,"is_giftwrap":false,"is_inactive":null,"is_multi_shaded":null,"is_out_of_stock":null,"is_preorder":false,"is_preorderable":null,"is_promotional":null,"is_replenishable":false,"is_search_suppressed":null,"is_searchable":true,"is_shaded":null,"is_sized":null,"is_sold_out":null,"is_under_weight_hazmat":false,"is_vto_enabled":null,"life_of_product":"Basic Reorder","material_code":"6CY4010001","media":{"large":[{"alt":"Take The Day Off Makyaj Temizleme Balmı","height":1200,"position":0,"src":"/media/export/cms/products/1200x1500/cl_sku_6CY401_1200x1500_0.png","type":"image","width":1500}],"medium":[{"alt":"Take The Day Off Makyaj Temizleme Balmı","height":600,"position":1,"src":"/media/export/cms/products/600x750/cl_sku_6CY401_600x750_0.png","type":"image","width":750},{"alt":"Take The Day Off Makyaj Temizleme Balmı","height":600,"position":2,"src":"/media/export/cms/products/600x750/cl_sku_6CY401_600x750_1.png","type":"image","width":750}],"model":null,"poster":null,"small":[{"alt":"Take The Day Off Makyaj Temizleme Balmı","height":1200,"position":3,"src":"/media/export/cms/products/1200x1500/cl_sku_6CY401_1200x1500_0.png","type":"image","width":1500}],"smoosh":null,"xl":null},"out_of_stock_threshold":null,"perlgem":{"SKU_BASE_ID":13037},"preorder_date":null,"prices":[{"currency":"TRY","exclude_tax":{"original_price":255,"original_price_formatted":"255.00 TL","price":255,"price_formatted":"255.00 TL","price_per_unit":null,"price_per_unit_formatted":""},"include_tax":{"original_price":255,"original_price_formatted":"255.00 TL","price":255,"price_formatted":"255.00 TL","price_per_unit":null,"price_per_unit_formatted":""},"is_discounted":false}],"purchase_limit":null,"replenishment":{"message":null},"reviews":{"average_rating":null,"number_of_questions":null,"number_of_reviews":null},"set_components":null,"shade_groups":null,"shades":null,"sizes":[{"key":1,"value":"125 ml"}],"skin":{"tone":null,"type":[{"key":"very-dry-skintype","value":"very_dry_skintype"},{"key":"dry-skintype","value":"dry_skintype"},{"key":"combination-skintype","value":"combination_skintype"},{"key":"oily-skintype","value":"oily_skintype"}],"type_description":null},"sku_badge":null,"sku_badge_image":null,"sku_display_order":0,"sku_id":"6CY401","sku_promo_messaging":null,"sku_type":"SE","sku_url":null,"tags":{"total":1,"items":[{"id":"1673","key":"makyaj-temi̇zli̇yi̇ci̇leri̇","value":"MAKYAJ TEMİZLİYİCİLERİ"}]},"texture":null,"undertone":null,"unit_of_measure":null,"unit_size":0,"unit_size_formatted":null,"upc":"020714215552","vto":{"is_color_experience":null,"is_foundation_experience":null}}]},"sub_display_name":null,"sub_header":null,"tags":{"total":1,"items":[{"id":"1673","key":"makyaj-temi̇zli̇yi̇ci̇leri̇","parent_tag_id":"1667","product_display_order":0,"value":"MAKYAJ TEMİZLİYİCİLERİ"}]},"usage":[{"content":"Kullanımı:<BR>•&nbsp;&nbsp;&nbsp;&nbsp;&nbsp;&nbsp;&nbsp;&nbsp; Kuru cildinize parmak uçlarınızla uygulayın.<BR>•&nbsp;&nbsp;&nbsp;&nbsp;&nbsp;&nbsp;&nbsp;&nbsp; Ilık suyla iyice durulayın. Nazikçe kurutun.<BR>•&nbsp;&nbsp;&nbsp;&nbsp;&nbsp;&nbsp;&nbsp;&nbsp; Ardından Clinique 3 Adım Cilt Bakım uygulamanıza devam edin.","label":"PRODUCT USAGE","type":"product_usage"},{"content":null,"label":"HOW DOES IT WORK","type":"how_does_it_work"},{"content":"Tüm Cilt Tipleri (1,2,3,4)","label":"WHO IT IS FOR","type":"who_it_is_for"},{"content":null,"label":"GREAT TO KNOW","type":"great_to_know"},{"content":"Hafif ve özel formülü ile yoğun göz makyajını, ten makyajını ve güneş kremini ciltten hızlıca arındırır. Balm formülü uygulandığı sırada ipeksi bir yağa dönüşür. Kolayca temizlenir. Çevresel kirlilikleri ciltten arındırmaya yardımcı olur. Böylelikle cilt daha uzun süre genç ve ışıltılı görünür. Ciltte yağlı bir his bırakmaz ve cildi kurutmaz.<br><br><b>Nasıl Kullanılır?</b><br><ul><li> Parmak uçlarıyla cildinize masaj yaparak uygulayın.</li><li>Ilık su ile cildinizden arındırın. Ardından temizleyici adımına geçin.</li></ul>","label":"WHAT_IT_DOES","type":"what_it_does"},{"content":"Clinique'in 1 katı balm formundan ipeksi yağ kıvamına geçen numaralı makyaj temizleyicisi.","label":"WHAT_IT_IS","type":"what_it_is"}],"objectID":"6424"},{"benefit":{"statement":null,"benefits":null},"brand":null,"collection":[{"key":"moisture-surge-collection","value":"moisture_surge_collection"}],"coverage":null,"cross_sell":null,"default_category":{"id":"1683","key":"göz-dudak-bakimi"},"description":"Doğanın gerçek gücü. 96 saat boyunca yoğun bir nemlendirme ve kırışıklıkların giderilmesini sağlayan, göz çevresindeki nemi yenilemeye yardımcı olan ultra hafif ve dolgunlaştırıcı su-jel bazlı nemlendirici. Şişkinlikleri anında gidermenin yanı sıra nem miktarını artırmak ve parlaklık katmak için tüm göz çevresine masaj yapın. Kendi Kendine Yenileyen Lipid Sphere Teknolojisi içeren saf aloe yağı ile  kapsüllenmiş antioksidanlar, erken yaşlanmaya yol açabilecek çevresel stres döngüsünü kırarken, nem kaybını en aza indirger. Göz çevresi hassas ciltler için uygundur. Tek başına, makyajdan önce veya 3 dakikalık bir göz maskesi olarak kullanın.","display_mode":null,"display_name":"Moisture Surge™ Eye 96 Saat Nem Koruma Teknolojili Göz Kremi","display_status":7,"finish":null,"form":null,"formula_type":null,"fragrance_family":null,"indexable_keywords":null,"is_hazmat":false,"is_product_coming_soon":null,"is_product_displayable":true,"is_product_searchable":true,"is_product_shoppable":true,"is_product_sold_out":null,"is_product_temporarily_out_of_stock":null,"is_search_suppressed":null,"key_ingredient":null,"media":{"large":[{"alt":"Moisture Surge™ Eye 96 Saat Nem Koruma Teknolojili Göz Kremi","height":1200,"position":0,"src":"/media/export/cms/products/1200x1500/cl_prod_64270_1200x1500_0.png","type":"image","width":1500},{"alt":"Moisture Surge™ Eye 96 Saat Nem Koruma Teknolojili Göz Kremi","height":1200,"position":1,"src":"/media/export/cms/products/1200x1500/cl_prod_64270_1200x1500_1.png","type":"image","width":1500}],"medium":null,"poster":null,"small":[{"alt":"Moisture Surge™ Eye 96 Saat Nem Koruma Teknolojili Göz Kremi","height":1200,"position":2,"src":"/media/export/cms/products/1200x1500/cl_prod_64270_1200x1500_0.png","type":"image","width":1500},{"alt":"Moisture Surge™ Eye 96 Saat Nem Koruma Teknolojili Göz Kremi","height":1200,"position":3,"src":"/media/export/cms/products/1200x1500/cl_prod_64270_1200x1500_1.png","type":"image","width":1500}],"videos":[{"position":null,"poster":{"height":null,"src":null,"width":null},"provider":null,"src":null},{"position":null,"poster":{"height":null,"src":null,"width":null},"provider":null,"src":null},{"position":null,"poster":{"height":null,"src":null,"width":null},"provider":null,"src":null}],"xl":null},"meta":{"description":null,"keywords":null},"parent_category":[{"id":"1683","value":"GÖZ & DUDAK BAKIMI"},{"id":"1667","value":"CİLT BAKIMI"}],"product_badge":null,"product_id":"64270","product_title_tag":null,"product_type":"Other","product_url":"/product/1683/64270/cilt-bakimi/goz-dudak-bakimi/moisture-surgetm-eye-96-saat-nem-koruma-teknolojili-goz-kremi","reviews":{"average_rating":2.5,"number_of_questions":null,"number_of_reviews":2},"shade_groups":null,"short_description":"Doğanın gerçek gücü. 96 saat boyunca yoğun bir nemlendirme ve kırışıklıkların giderilmesini sağlayan, göz çevresindeki nemi yenilemeye yardımcı olan ultra hafif ve dolgunlaştırıcı su-jel bazlı nemlendirici.","skin":{"concern":[{"key":"dry-concern","value":"dry_concern"},{"key":"dehydration-concern","value":"dehydration_concern"}]},"skin_goal":null,"skus":{"total":1,"items":[{"color_family":null,"coverage_options":null,"cross_sell":null,"display_status":7,"finish":null,"finish_options":null,"fragrances":[{"family":null,"key":null,"value":null}],"iln_listing":null,"iln_version_number":null,"inventory_status":"Active","is_active":true,"is_coming_soon":null,"is_default_sku":true,"is_discountable":true,"is_displayable":null,"is_engravable":null,"is_fragrance":null,"is_giftable":null,"is_giftwrap":false,"is_inactive":null,"is_multi_shaded":null,"is_out_of_stock":null,"is_preorder":false,"is_preorderable":null,"is_promotional":null,"is_replenishable":false,"is_search_suppressed":null,"is_searchable":true,"is_shaded":null,"is_sized":null,"is_sold_out":null,"is_under_weight_hazmat":false,"is_vto_enabled":null,"life_of_product":"Basic Reorder","material_code":"KH97010000","media":{"large":[{"alt":"Moisture Surge™ Eye 96 Saat Nem Koruma Teknolojili Göz Kremi","height":1200,"position":0,"src":"/media/export/cms/products/1200x1500/cl_sku_KH9701_1200x1500_0.png","type":"image","width":1500}],"medium":[{"alt":"Moisture Surge™ Eye 96 Saat Nem Koruma Teknolojili Göz Kremi","height":600,"position":1,"src":"/media/export/cms/products/600x750/cl_sku_KH9701_600x750_0.png","type":"image","width":750},{"alt":"Moisture Surge™ Eye 96 Saat Nem Koruma Teknolojili Göz Kremi","height":600,"position":2,"src":"/media/export/cms/products/600x750/cl_sku_KH9701_600x750_1.png","type":"image","width":750}],"model":null,"poster":null,"small":[{"alt":"Moisture Surge™ Eye 96 Saat Nem Koruma Teknolojili Göz Kremi","height":1200,"position":3,"src":"/media/export/cms/products/1200x1500/cl_sku_KH9701_1200x1500_0.png","type":"image","width":1500}],"smoosh":null,"xl":null},"out_of_stock_threshold":null,"perlgem":{"SKU_BASE_ID":101141},"preorder_date":null,"prices":[{"currency":"TRY","exclude_tax":{"original_price":285,"original_price_formatted":"285.00 TL","price":285,"price_formatted":"285.00 TL","price_per_unit":null,"price_per_unit_formatted":""},"include_tax":{"original_price":285,"original_price_formatted":"285.00 TL","price":285,"price_formatted":"285.00 TL","price_per_unit":null,"price_per_unit_formatted":""},"is_discounted":false}],"purchase_limit":null,"replenishment":{"message":null},"reviews":{"average_rating":null,"number_of_questions":null,"number_of_reviews":null},"set_components":null,"shade_groups":null,"shades":null,"sizes":[{"key":1,"value":"15ml"}],"skin":{"tone":null,"type":[{"key":"very-dry-skintype","value":"very_dry_skintype"},{"key":"dry-skintype","value":"dry_skintype"},{"key":"combination-skintype","value":"combination_skintype"},{"key":"oily-skintype","value":"oily_skintype"},{"key":"normal-skintype","value":"normal_skintype"}],"type_description":null},"sku_badge":null,"sku_badge_image":null,"sku_display_order":0,"sku_id":"KH9701","sku_promo_messaging":null,"sku_type":"SE","sku_url":null,"tags":{"total":12,"items":[{"id":"13770","key":"recommended-clinique-favourites","value":"Recommended Clinique Favourites"},{"id":"1667","key":"ci̇lt-bakimi","value":"CİLT BAKIMI"},{"id":"27172","key":"day5flashsale","value":"Day5FlashSale"},{"id":"4323","key":"yeni̇-ürünler","value":"YENİ ÜRÜNLER"},{"id":"27174","key":"day7flashsale","value":"Day7FlashSale"},{"id":"1585","key":"hediye-merkezi","value":"Hediye Merkezi"},{"id":"1575","key":"en-çok-satanlar","value":"En Çok Satanlar"},{"id":"1628","key":"-evde-bakim","value":"# EVDE BAKIM"},{"id":"17859","key":"çok-satanlar","value":"ÇOK SATANLAR"},{"id":"1687","key":"yüz-nemlendi̇ri̇ci̇","value":"YÜZ NEMLENDİRİCİ"},{"id":"1683","key":"göz-dudak-bakimi","value":"GÖZ & DUDAK BAKIMI"},{"id":"27169","key":"day2flashsale","value":"Day2FlashSale"}]},"texture":null,"undertone":null,"unit_of_measure":null,"unit_size":null,"unit_size_formatted":null,"upc":"020714984236","vto":{"is_color_experience":null,"is_foundation_experience":null}}]},"sub_display_name":null,"sub_header":null,"tags":{"total":12,"items":[{"id":"13770","key":"recommended-clinique-favourites","parent_tag_id":null,"product_display_order":0,"value":"Recommended Clinique Favourites"},{"id":"1667","key":"ci̇lt-bakimi","parent_tag_id":null,"product_display_order":9,"value":"CİLT BAKIMI"},{"id":"27172","key":"day5flashsale","parent_tag_id":"1590","product_display_order":15,"value":"Day5FlashSale"},{"id":"4323","key":"yeni̇-ürünler","parent_tag_id":null,"product_display_order":107,"value":"YENİ ÜRÜNLER"},{"id":"27174","key":"day7flashsale","parent_tag_id":"1590","product_display_order":0,"value":"Day7FlashSale"},{"id":"1585","key":"hediye-merkezi","parent_tag_id":null,"product_display_order":0,"value":"Hediye Merkezi"},{"id":"1575","key":"en-çok-satanlar","parent_tag_id":null,"product_display_order":7,"value":"En Çok Satanlar"},{"id":"1628","key":"-evde-bakim","parent_tag_id":null,"product_display_order":588,"value":"# EVDE BAKIM"},{"id":"17859","key":"çok-satanlar","parent_tag_id":null,"product_display_order":10,"value":"ÇOK SATANLAR"},{"id":"1687","key":"yüz-nemlendi̇ri̇ci̇","parent_tag_id":"1667","product_display_order":2,"value":"YÜZ NEMLENDİRİCİ"},{"id":"1683","key":"göz-dudak-bakimi","parent_tag_id":"1667","product_display_order":0,"value":"GÖZ & DUDAK BAKIMI"},{"id":"27169","key":"day2flashsale","parent_tag_id":"1590","product_display_order":0,"value":"Day2FlashSale"}]},"usage":[{"content":null,"label":"PRODUCT USAGE","type":"product_usage"},{"content":null,"label":"HOW DOES IT WORK","type":"how_does_it_work"},{"content":"Tüm Cilt Tipleri (1,2,3,4)","label":"WHO IT IS FOR","type":"who_it_is_for"},{"content":null,"label":"GREAT TO KNOW","type":"great_to_know"},{"content":"Şişkinlikleri anında gidermenin yanı sıra nem miktarını artırmak ve parlaklık katmak için tüm göz çevresine masaj yapın. Kendi Kendine Yenileyen Lipid Sphere Teknolojisi içeren saf aloe yağı ile kapsüllenmiş antioksidanlar, erken yaşlanmaya yol açabilecek çevresel stres döngüsünü kırarken, nem kaybını en aza indirger. <br><br><b>Nasıl Kullanılır?</b><br><ul><li>Küçük bir miktar uygulamanız yeterlidir.</li><li>Göz çevresine masaj yaparak uygulayın, hassas ciltler için uygundur.</li><li>Tek başına, makyajdan önce veya 3 dakikalık bir göz maskesi olarak kullanın.</li></ul>","label":"WHAT_IT_DOES","type":"what_it_does"},{"content":"Doğanın gerçek gücü. 96 saat boyunca yoğun bir nemlendirme ve kırışıklıkların giderilmesini sağlayan, göz çevresindeki nemi yenilemeye yardımcı olan ultra hafif ve dolgunlaştırıcı su-jel bazlı nemlendirici.","label":"WHAT_IT_IS","type":"what_it_is"}],"objectID":"64270"},{"benefit":{"statement":null,"benefits":null},"brand":null,"collection":null,"coverage":[{"key":"sheer-coverage","value":"sheer_coverage"}],"cross_sell":[{"sku_id":"62A401","sort_key":1},{"sku_id":"749K01","sort_key":2},{"sku_id":"6MNY01","sort_key":3},{"sku_id":"68A001","sort_key":4},{"sku_id":"75X301","sort_key":5},{"sku_id":"7K2X01","sort_key":6}],"default_category":{"id":"1594","key":"bronzlaştirici"},"description":"&nbsp;Cilde aydınlık ve hafif renkli bir görünüm kazandırır. Tüm cilde uygulanabileceği gibi bölgesel olarak elmacık kemikleri üzerine veya yüzün farklı bölgelerine uygulanabilir. Yağsızdır.<br><br><br>","display_mode":null,"display_name":"Up-lighting Likit Aydınlatıcı","display_status":7,"finish":[{"key":"natural-finish","value":"natural_finish"}],"form":[{"key":"liquid-form","value":"liquid_form"}],"formula_type":null,"fragrance_family":null,"indexable_keywords":[{"value":"foundation"},{"value":" bronze"},{"value":" bronzer"},{"value":" up-lighting"},{"value":" glow"},{"value":" highlight"}],"is_hazmat":true,"is_product_coming_soon":null,"is_product_displayable":true,"is_product_searchable":true,"is_product_shoppable":true,"is_product_sold_out":null,"is_product_temporarily_out_of_stock":null,"is_search_suppressed":null,"key_ingredient":null,"media":{"large":null,"medium":null,"poster":null,"small":null,"videos":[{"position":null,"poster":{"height":null,"src":null,"width":null},"provider":null,"src":null},{"position":null,"poster":{"height":null,"src":null,"width":null},"provider":null,"src":null},{"position":null,"poster":{"height":null,"src":null,"width":null},"provider":null,"src":null}],"xl":null},"meta":{"description":null,"keywords":"foundation, bronze, bronzer, up-lighting, glow, highlight"},"parent_category":[{"id":"1594","value":"BRONZLAŞTIRICI"},{"id":"1592","value":"MAKYAJ"}],"product_badge":null,"product_id":"6429","product_title_tag":null,"product_type":"Shaded","product_url":"/product/1594/6429/makyaj/bronzlastirici/up-lighting-likit-aydnlatc","reviews":{"average_rating":null,"number_of_questions":null,"number_of_reviews":null},"shade_groups":null,"short_description":"Yağsız formüle sahip içeriği sayesinde ciltte yağlanmaya ve parlamaya neden olmaz. Doğal ışıltı sağlar.","skin":null,"skin_goal":null,"skus":{"total":1,"items":[{"color_family":[{"key":"nude-color","value":"nude_color"}],"coverage_options":null,"cross_sell":null,"display_status":7,"finish":[{"key":"natural-finish","value":"natural_finish"}],"finish_options":[{"key":"natural-finish","value":"natural_finish"}],"fragrances":[{"family":null,"key":null,"value":null}],"iln_listing":null,"iln_version_number":null,"inventory_status":"Active","is_active":true,"is_coming_soon":null,"is_default_sku":false,"is_discountable":true,"is_displayable":null,"is_engravable":null,"is_fragrance":null,"is_giftable":null,"is_giftwrap":false,"is_inactive":null,"is_multi_shaded":null,"is_out_of_stock":null,"is_preorder":false,"is_preorderable":null,"is_promotional":null,"is_replenishable":true,"is_search_suppressed":null,"is_searchable":true,"is_shaded":null,"is_sized":null,"is_sold_out":null,"is_under_weight_hazmat":null,"is_vto_enabled":null,"life_of_product":"Basic Reorder","material_code":"6L1X010001","media":{"large":[{"alt":"Up-lighting Likit Aydınlatıcı","height":1200,"position":1,"src":"/media/export/cms/products/1200x1500/cl_sku_6L1X01_1200x1500_0.png","type":"image","width":1500}],"medium":[{"alt":"Up-lighting Likit Aydınlatıcı","height":600,"position":2,"src":"/media/export/cms/products/600x750/cl_sku_6L1X01_600x750_0.png","type":"image","width":750}],"model":null,"poster":null,"small":[{"alt":"Up-lighting Likit Aydınlatıcı","height":1200,"position":3,"src":"/media/export/cms/products/1200x1500/cl_sku_6L1X01_1200x1500_0.png","type":"image","width":1500}],"smoosh":[{"alt":"Up-lighting Likit Aydınlatıcı","height":1200,"position":0,"src":"/media/export/cms/products/1200x1500/swatches_v3/58_ns_ng.png","type":"image","width":1500}],"xl":null},"out_of_stock_threshold":null,"perlgem":{"SKU_BASE_ID":13896},"preorder_date":null,"prices":[{"currency":"TRY","exclude_tax":{"original_price":115,"original_price_formatted":"115.00 TL","price":115,"price_formatted":"115.00 TL","price_per_unit":null,"price_per_unit_formatted":""},"include_tax":{"original_price":115,"original_price_formatted":"115.00 TL","price":115,"price_formatted":"115.00 TL","price_per_unit":null,"price_per_unit_formatted":""},"is_discounted":false}],"purchase_limit":null,"replenishment":{"message":"Never run low on your favourites. Sign up for Auto-Ship. Learn more >"},"reviews":{"average_rating":null,"number_of_questions":null,"number_of_reviews":null},"set_components":null,"shade_groups":null,"shades":[{"description":"Altın ışıltılı yumuşak nötr bej.","hex_val":"#E9B180","image":{"height":null,"src":"","width":null},"name":"Natural","smoosh_design":{"group_id":null,"name":"58::none::none"}}],"sizes":[{"key":1,"value":"30ml"}],"skin":{"tone":null,"type":[{"key":"very-dry-skintype","value":"very_dry_skintype"},{"key":"dry-skintype","value":"dry_skintype"},{"key":"combination-skintype","value":"combination_skintype"},{"key":"oily-skintype","value":"oily_skintype"},{"key":"normal-skintype","value":"normal_skintype"}],"type_description":null},"sku_badge":null,"sku_badge_image":null,"sku_display_order":1,"sku_id":"6L1X01","sku_promo_messaging":null,"sku_type":"SE","sku_url":null,"tags":{"total":3,"items":[{"id":"1599","key":"fondöten","value":"FONDÖTEN"},{"id":"1594","key":"bronzlaştirici","value":"BRONZLAŞTIRICI"},{"id":"17859","key":"çok-satanlar","value":"ÇOK SATANLAR"}]},"texture":null,"undertone":null,"unit_of_measure":null,"unit_size":null,"unit_size_formatted":null,"upc":"020714295769","vto":{"is_color_experience":null,"is_foundation_experience":null}}]},"sub_display_name":null,"sub_header":null,"tags":{"total":3,"items":[{"id":"1599","key":"fondöten","parent_tag_id":"1592","product_display_order":27,"value":"FONDÖTEN"},{"id":"1594","key":"bronzlaştirici","parent_tag_id":"1592","product_display_order":2,"value":"BRONZLAŞTIRICI"},{"id":"17859","key":"çok-satanlar","parent_tag_id":null,"product_display_order":24,"value":"ÇOK SATANLAR"}]},"usage":[{"content":"<ul><li>Yeterli miktarda ürünü pamak uçları ile cildin aydınlık verilmek ve vurgulanmak istenen bölgelerine ince bir tabaka halinde uygulanır. <br></li><li>Tüm yüze uygulanabileceği gibi şakaklar, elmacık kemikleri üzeri veya burun çevresi gibi bölgesel uygulama da yapılabilir. </li></ul><ul></ul>","label":"PRODUCT USAGE","type":"product_usage"},{"content":null,"label":"HOW DOES IT WORK","type":"how_does_it_work"},{"content":null,"label":"WHO IT IS FOR","type":"who_it_is_for"},{"content":null,"label":"GREAT TO KNOW","type":"great_to_know"},{"content":null,"label":"WHAT_IT_DOES","type":"what_it_does"},{"content":"&nbsp;Cilde aydınlık ve hafif renkli bir görünüm kazandırır. Tüm cilde uygulanabileceği gibi bölgesel olarak elmacık kemikleri üzerine veya yüzün farklı bölgelerine uygulanabilir. Yağsızdır.<br><br><br>","label":"WHAT_IT_IS","type":"what_it_is"}],"objectID":"6429"},{"benefit":{"statement":null,"benefits":[{"key":"curling-benefit","value":"curling_benefit"},{"key":"volumizing-benefit","value":"volumizing_benefit"}]},"brand":null,"collection":null,"coverage":null,"cross_sell":[{"sku_id":"62A401","sort_key":1},{"sku_id":"75X301","sort_key":2},{"sku_id":"645J01","sort_key":3},{"sku_id":"6MNY01","sort_key":4},{"sku_id":"749K01","sort_key":5},{"sku_id":"6F3701","sort_key":6}],"default_category":{"id":"1606","key":"maskara"},"description":"Kirpikleri olabilecek en uzun, en hacimli, en havalı hale getirirken topaklanma, yapışma, akma, bozulma yapmaz. Yay şeklindeki fırçası ile, kirpikleri tek tek ayırırken maksimum kıvrıklığı sağlar. 24 saat boyunca kalıcıdır, akmaz, bozulmaz, yapışmaz. Ilık su ile temizlenir. Oftalmoloji testinden geçmiştir.","display_mode":null,"display_name":"High Impact Curling Maskara","display_status":7,"finish":null,"form":null,"formula_type":null,"fragrance_family":null,"indexable_keywords":null,"is_hazmat":false,"is_product_coming_soon":null,"is_product_displayable":true,"is_product_searchable":true,"is_product_shoppable":true,"is_product_sold_out":null,"is_product_temporarily_out_of_stock":null,"is_search_suppressed":null,"key_ingredient":null,"media":{"large":null,"medium":null,"poster":null,"small":null,"videos":[{"position":null,"poster":{"height":null,"src":null,"width":null},"provider":null,"src":null},{"position":null,"poster":{"height":null,"src":null,"width":null},"provider":null,"src":null},{"position":null,"poster":{"height":null,"src":null,"width":null},"provider":null,"src":null}],"xl":null},"meta":{"description":null,"keywords":null},"parent_category":[{"id":"1606","value":"MASKARA"},{"id":"1592","value":"MAKYAJ"}],"product_badge":null,"product_id":"6432","product_title_tag":null,"product_type":"Shaded","product_url":"/product/1606/6432/makyaj/maskara/high-impact-curling-maskara","reviews":{"average_rating":3.3,"number_of_questions":null,"number_of_reviews":3},"shade_groups":null,"short_description":"Kirpikleri olabilecek en uzun, en hacimli, en havalı hale getirirken topaklanma, yapışma, akma, bozulma yapmaz. 24 saat boyunca kalıcıdır.","skin":null,"skin_goal":null,"skus":{"total":1,"items":[{"color_family":null,"coverage_options":null,"cross_sell":null,"display_status":7,"finish":null,"finish_options":null,"fragrances":[{"family":null,"key":null,"value":null}],"iln_listing":null,"iln_version_number":null,"inventory_status":"Active","is_active":true,"is_coming_soon":null,"is_default_sku":false,"is_discountable":true,"is_displayable":null,"is_engravable":null,"is_fragrance":null,"is_giftable":null,"is_giftwrap":false,"is_inactive":null,"is_multi_shaded":null,"is_out_of_stock":null,"is_preorder":false,"is_preorderable":null,"is_promotional":null,"is_replenishable":false,"is_search_suppressed":null,"is_searchable":true,"is_shaded":null,"is_sized":null,"is_sold_out":null,"is_under_weight_hazmat":false,"is_vto_enabled":null,"life_of_product":"Basic Reorder","material_code":"6PAY010001","media":{"large":[{"alt":"High Impact Curling Maskara","height":1200,"position":1,"src":"/media/export/cms/products/1200x1500/cl_sku_6PAY01_1200x1500_0.png","type":"image","width":1500}],"medium":[{"alt":"High Impact Curling Maskara","height":600,"position":2,"src":"/media/export/cms/products/600x750/cl_sku_6PAY01_600x750_0.png","type":"image","width":750}],"model":null,"poster":null,"small":[{"alt":"High Impact Curling Maskara","height":1200,"position":3,"src":"/media/export/cms/products/1200x1500/cl_sku_6PAY01_1200x1500_0.png","type":"image","width":1500}],"smoosh":[{"alt":"High Impact Curling Maskara","height":1200,"position":0,"src":"/media/export/cms/products/1200x1500/swatches_v3/46_ns_ng.png","type":"image","width":1500}],"xl":null},"out_of_stock_threshold":null,"perlgem":{"SKU_BASE_ID":14213},"preorder_date":null,"prices":[{"currency":"TRY","exclude_tax":{"original_price":195,"original_price_formatted":"195.00 TL","price":195,"price_formatted":"195.00 TL","price_per_unit":null,"price_per_unit_formatted":""},"include_tax":{"original_price":195,"original_price_formatted":"195.00 TL","price":195,"price_formatted":"195.00 TL","price_per_unit":null,"price_per_unit_formatted":""},"is_discounted":false}],"purchase_limit":null,"replenishment":{"message":"Never run low on your favourites. Sign up for Auto-Ship. Learn more >"},"reviews":{"average_rating":null,"number_of_questions":null,"number_of_reviews":null},"set_components":null,"shade_groups":null,"shades":[{"description":"","hex_val":"#000000","image":{"height":null,"src":"","width":null},"name":"Black","smoosh_design":{"group_id":null,"name":"46::none::none"}}],"sizes":[{"key":1,"value":"8 ml"}],"skin":{"tone":null,"type":null,"type_description":null},"sku_badge":null,"sku_badge_image":null,"sku_display_order":1,"sku_id":"6PAY01","sku_promo_messaging":null,"sku_type":"SE","sku_url":null,"tags":{"total":8,"items":[{"id":"27172","key":"day5flashsale","value":"Day5FlashSale"},{"id":"13562","key":"yeni̇-yil-makyaj","value":"YENİ YIL MAKYAJ"},{"id":"12537","key":"çok-satan-makyaj-ürünleri̇","value":"ÇOK SATAN MAKYAJ ÜRÜNLERİ"},{"id":"1592","key":"makyaj","value":"MAKYAJ"},{"id":"27171","key":"day4flashsale","value":"Day4FlashSale"},{"id":"27174","key":"day7flashsale","value":"Day7FlashSale"},{"id":"10589","key":"offers-lp","value":"Offers LP"},{"id":"1606","key":"maskara","value":"MASKARA"}]},"texture":null,"undertone":null,"unit_of_measure":null,"unit_size":null,"unit_size_formatted":null,"upc":"020714362591","vto":{"is_color_experience":null,"is_foundation_experience":null}}]},"sub_display_name":null,"sub_header":null,"tags":{"total":8,"items":[{"id":"27172","key":"day5flashsale","parent_tag_id":"1590","product_display_order":0,"value":"Day5FlashSale"},{"id":"13562","key":"yeni̇-yil-makyaj","parent_tag_id":"13561","product_display_order":0,"value":"YENİ YIL MAKYAJ"},{"id":"12537","key":"çok-satan-makyaj-ürünleri̇","parent_tag_id":"1592","product_display_order":0,"value":"ÇOK SATAN MAKYAJ ÜRÜNLERİ"},{"id":"1592","key":"makyaj","parent_tag_id":null,"product_display_order":104,"value":"MAKYAJ"},{"id":"27171","key":"day4flashsale","parent_tag_id":"1590","product_display_order":20,"value":"Day4FlashSale"},{"id":"27174","key":"day7flashsale","parent_tag_id":"1590","product_display_order":0,"value":"Day7FlashSale"},{"id":"10589","key":"offers-lp","parent_tag_id":null,"product_display_order":1,"value":"Offers LP"},{"id":"1606","key":"maskara","parent_tag_id":"1592","product_display_order":6,"value":"MASKARA"}]},"usage":[{"content":"<ul><li>Yay şeklindeki fırçası ile kirpiklerinize maksimum kıvrıklığı verir. </li><li>Daha yoğun ve kıvrık bir görünüm için istediğiniz kadar tekrarlayabilirsiniz.</li><li>Temizlemek için ılık su ile nazikçe yıkayın. </li><li>Islak pamuk ile hafifçe üzerinden geçin.</li><li>Favori Clinique <a href=\"/product/1673/5380/Skincare/Cleansers_Makeup_Removers/Take-The-Day-Off-Gz-ve-Dudak-Makyaj-Temizleyicisi/index.tmpl\">makyaj temizleyicisi</a> ile temizleyin.</li></ul>","label":"PRODUCT USAGE","type":"product_usage"},{"content":null,"label":"HOW DOES IT WORK","type":"how_does_it_work"},{"content":null,"label":"WHO IT IS FOR","type":"who_it_is_for"},{"content":null,"label":"GREAT TO KNOW","type":"great_to_know"},{"content":null,"label":"WHAT_IT_DOES","type":"what_it_does"},{"content":"Kirpikleri olabilecek en uzun, en hacimli, en havalı hale getirirken topaklanma, yapışma, akma, bozulma yapmaz. Yay şeklindeki fırçası ile, kirpikleri tek tek ayırırken maksimum kıvrıklığı sağlar. 24 saat boyunca kalıcıdır, akmaz, bozulmaz, yapışmaz. Ilık su ile temizlenir. Oftalmoloji testinden geçmiştir.","label":"WHAT_IT_IS","type":"what_it_is"}],"objectID":"6432"},{"benefit":{"statement":null,"benefits":[{"key":"hydrating-benefit","value":"hydrating_benefit"},{"key":"moisturizing-benefit","value":"moisturizing_benefit"}]},"brand":null,"collection":[{"key":"moisture-surge-collection","value":"moisture_surge_collection"}],"coverage":[{"key":"sheer-coverage","value":"sheer_coverage"}],"cross_sell":null,"default_category":{"id":"11480","key":"bb-cc-krem"},"description":null,"display_mode":null,"display_name":"Moisture Surge™ Sheertint Hydrator SPF 25 - Renkli Nemlendirici","display_status":7,"finish":[{"key":"natural-finish","value":"natural_finish"}],"form":[{"key":"liquid-form","value":"liquid_form"},{"key":"cream-form","value":"cream_form"}],"formula_type":null,"fragrance_family":null,"indexable_keywords":null,"is_hazmat":false,"is_product_coming_soon":null,"is_product_displayable":true,"is_product_searchable":true,"is_product_shoppable":true,"is_product_sold_out":null,"is_product_temporarily_out_of_stock":null,"is_search_suppressed":null,"key_ingredient":null,"media":{"large":[{"alt":"Moisture Surge™ Sheertint Hydrator SPF 25 - Renkli Nemlendirici","height":1200,"position":0,"src":"/media/export/cms/products/1200x1500/cl_prod_64320_1200x1500_0.png","type":"image","width":1500},{"alt":"Moisture Surge™ Sheertint Hydrator SPF 25 - Renkli Nemlendirici","height":1200,"position":1,"src":"/media/export/cms/products/1200x1500/cl_prod_64320_1200x1500_1.png","type":"image","width":1500},{"alt":"Moisture Surge™ Sheertint Hydrator SPF 25 - Renkli Nemlendirici","height":1200,"position":2,"src":"/media/export/cms/products/1200x1500/cl_prod_64320_1200x1500_2.png","type":"image","width":1500},{"alt":"Moisture Surge™ Sheertint Hydrator SPF 25 - Renkli Nemlendirici","height":1200,"position":3,"src":"/media/export/cms/products/1200x1500/cl_prod_64320_1200x1500_3.png","type":"image","width":1500}],"medium":null,"poster":null,"small":[{"alt":"Moisture Surge™ Sheertint Hydrator SPF 25 - Renkli Nemlendirici","height":1200,"position":4,"src":"/media/export/cms/products/1200x1500/cl_prod_64320_1200x1500_0.png","type":"image","width":1500},{"alt":"Moisture Surge™ Sheertint Hydrator SPF 25 - Renkli Nemlendirici","height":1200,"position":5,"src":"/media/export/cms/products/1200x1500/cl_prod_64320_1200x1500_1.png","type":"image","width":1500},{"alt":"Moisture Surge™ Sheertint Hydrator SPF 25 - Renkli Nemlendirici","height":1200,"position":6,"src":"/media/export/cms/products/1200x1500/cl_prod_64320_1200x1500_2.png","type":"image","width":1500},{"alt":"Moisture Surge™ Sheertint Hydrator SPF 25 - Renkli Nemlendirici","height":1200,"position":7,"src":"/media/export/cms/products/1200x1500/cl_prod_64320_1200x1500_3.png","type":"image","width":1500}],"videos":[{"position":null,"poster":{"height":null,"src":null,"width":null},"provider":null,"src":null},{"position":null,"poster":{"height":null,"src":null,"width":null},"provider":null,"src":null},{"position":null,"poster":{"height":null,"src":null,"width":null},"provider":null,"src":null}],"xl":null},"meta":{"description":null,"keywords":null},"parent_category":[{"id":"11480","value":"BB & CC KREM"},{"id":"1599","value":"FONDÖTEN"},{"id":"1592","value":"MAKYAJ"}],"product_badge":null,"product_id":"64320","product_title_tag":null,"product_type":"Shaded","product_url":"/product/11480/64320/makyaj/fondoten/bb-cc-krem/moisture-surgetm-sheertint-hydrator-spf-25--renkli-nemlendirici","reviews":{"average_rating":null,"number_of_questions":null,"number_of_reviews":null},"shade_groups":null,"short_description":null,"skin":{"concern":[{"key":"oil-free-concern","value":"oil_free_concern"},{"key":"dry-concern","value":"dry_concern"},{"key":"spf-concern","value":"spf_concern"}]},"skin_goal":null,"skus":{"total":5,"items":[{"color_family":null,"coverage_options":null,"cross_sell":null,"display_status":7,"finish":[{"key":"natural-finish","value":"natural_finish"}],"finish_options":[{"key":"natural-finish","value":"natural_finish"}],"fragrances":[{"family":null,"key":null,"value":null}],"iln_listing":null,"iln_version_number":null,"inventory_status":"Active","is_active":true,"is_coming_soon":null,"is_default_sku":false,"is_discountable":true,"is_displayable":null,"is_engravable":null,"is_fragrance":null,"is_giftable":null,"is_giftwrap":false,"is_inactive":null,"is_multi_shaded":null,"is_out_of_stock":null,"is_preorder":false,"is_preorderable":null,"is_promotional":null,"is_replenishable":false,"is_search_suppressed":null,"is_searchable":true,"is_shaded":null,"is_sized":null,"is_sold_out":null,"is_under_weight_hazmat":false,"is_vto_enabled":null,"life_of_product":"Basic Reorder","material_code":"KEX9010000","media":{"large":[{"alt":"Moisture Surge™ Sheertint Hydrator SPF 25 - Renkli Nemlendirici","height":1200,"position":1,"src":"/media/export/cms/products/1200x1500/cl_sku_KEX901_1200x1500_0.png","type":"image","width":1500}],"medium":[{"alt":"Moisture Surge™ Sheertint Hydrator SPF 25 - Renkli Nemlendirici","height":600,"position":2,"src":"/media/export/cms/products/600x750/cl_sku_KEX901_600x750_0.png","type":"image","width":750}],"model":null,"poster":null,"small":[{"alt":"Moisture Surge™ Sheertint Hydrator SPF 25 - Renkli Nemlendirici","height":1200,"position":3,"src":"/media/export/cms/products/1200x1500/cl_sku_KEX901_1200x1500_0.png","type":"image","width":1500}],"smoosh":[{"alt":"Moisture Surge™ Sheertint Hydrator SPF 25 - Renkli Nemlendirici","height":1200,"position":0,"src":"/media/export/cms/products/1200x1500/swatches_v3/08_ns_ng.png","type":"image","width":1500}],"xl":null},"out_of_stock_threshold":null,"perlgem":{"SKU_BASE_ID":101198},"preorder_date":null,"prices":[{"currency":"TRY","exclude_tax":{"original_price":265,"original_price_formatted":"265.00 TL","price":265,"price_formatted":"265.00 TL","price_per_unit":null,"price_per_unit_formatted":""},"include_tax":{"original_price":265,"original_price_formatted":"265.00 TL","price":265,"price_formatted":"265.00 TL","price_per_unit":null,"price_per_unit_formatted":""},"is_discounted":false}],"purchase_limit":null,"replenishment":{"message":null},"reviews":{"average_rating":null,"number_of_questions":null,"number_of_reviews":null},"set_components":null,"shade_groups":null,"shades":[{"description":"","hex_val":"#efd1b7","image":{"height":null,"src":"","width":null},"name":"01 Very Light","smoosh_design":{"group_id":null,"name":"08::none::none"}}],"sizes":[{"key":1,"value":"40 ml"}],"skin":{"tone":null,"type":[{"key":"very-dry-skintype","value":"very_dry_skintype"},{"key":"combination-skintype","value":"combination_skintype"},{"key":"dry-skintype","value":"dry_skintype"},{"key":"oily-skintype","value":"oily_skintype"},{"key":"normal-skintype","value":"normal_skintype"}],"type_description":null},"sku_badge":null,"sku_badge_image":null,"sku_display_order":0,"sku_id":"KEX901","sku_promo_messaging":null,"sku_type":"SE","sku_url":null,"tags":{"total":8,"items":[{"id":"8388","key":"nem","value":"nem"},{"id":"17859","key":"çok-satanlar","value":"ÇOK SATANLAR"},{"id":"25565","key":"justarrivednew","value":"justarrivednew"},{"id":"4323","key":"yeni̇-ürünler","value":"YENİ ÜRÜNLER"},{"id":"1667","key":"ci̇lt-bakimi","value":"CİLT BAKIMI"},{"id":"11480","key":"bb-cc-krem","value":"BB & CC KREM"},{"id":"1687","key":"yüz-nemlendi̇ri̇ci̇","value":"YÜZ NEMLENDİRİCİ"},{"id":"12517","key":"yağsiz-ci̇lt-bakim-ürünleri̇","value":"YAĞSIZ CİLT BAKIM ÜRÜNLERİ"}]},"texture":null,"undertone":null,"unit_of_measure":null,"unit_size":null,"unit_size_formatted":null,"upc":"020714966935","vto":{"is_color_experience":null,"is_foundation_experience":null}},{"color_family":null,"coverage_options":null,"cross_sell":null,"display_status":7,"finish":[{"key":"natural-finish","value":"natural_finish"}],"finish_options":[{"key":"natural-finish","value":"natural_finish"}],"fragrances":[{"family":null,"key":null,"value":null}],"iln_listing":null,"iln_version_number":null,"inventory_status":"Active","is_active":true,"is_coming_soon":null,"is_default_sku":false,"is_discountable":true,"is_displayable":null,"is_engravable":null,"is_fragrance":null,"is_giftable":null,"is_giftwrap":false,"is_inactive":null,"is_multi_shaded":null,"is_out_of_stock":null,"is_preorder":false,"is_preorderable":null,"is_promotional":null,"is_replenishable":false,"is_search_suppressed":null,"is_searchable":true,"is_shaded":null,"is_sized":null,"is_sold_out":null,"is_under_weight_hazmat":false,"is_vto_enabled":null,"life_of_product":"Basic Reorder","material_code":"KEX9040000","media":{"large":[{"alt":"Moisture Surge™ Sheertint Hydrator SPF 25 - Renkli Nemlendirici","height":1200,"position":1,"src":"/media/export/cms/products/1200x1500/cl_sku_KEX904_1200x1500_0.png","type":"image","width":1500}],"medium":[{"alt":"Moisture Surge™ Sheertint Hydrator SPF 25 - Renkli Nemlendirici","height":600,"position":2,"src":"/media/export/cms/products/600x750/cl_sku_KEX904_600x750_0.png","type":"image","width":750}],"model":null,"poster":null,"small":[{"alt":"Moisture Surge™ Sheertint Hydrator SPF 25 - Renkli Nemlendirici","height":1200,"position":3,"src":"/media/export/cms/products/1200x1500/cl_sku_KEX904_1200x1500_0.png","type":"image","width":1500}],"smoosh":[{"alt":"Moisture Surge™ Sheertint Hydrator SPF 25 - Renkli Nemlendirici","height":1200,"position":0,"src":"/media/export/cms/products/1200x1500/swatches_v3/08_ns_ng.png","type":"image","width":1500}],"xl":null},"out_of_stock_threshold":null,"perlgem":{"SKU_BASE_ID":101201},"preorder_date":null,"prices":[{"currency":"TRY","exclude_tax":{"original_price":265,"original_price_formatted":"265.00 TL","price":265,"price_formatted":"265.00 TL","price_per_unit":null,"price_per_unit_formatted":""},"include_tax":{"original_price":265,"original_price_formatted":"265.00 TL","price":265,"price_formatted":"265.00 TL","price_per_unit":null,"price_per_unit_formatted":""},"is_discounted":false}],"purchase_limit":null,"replenishment":{"message":null},"reviews":{"average_rating":null,"number_of_questions":null,"number_of_reviews":null},"set_components":null,"shade_groups":null,"shades":[{"description":"","hex_val":"#ca8f61","image":{"height":null,"src":"","width":null},"name":"04 Medium","smoosh_design":{"group_id":null,"name":"08::none::none"}}],"sizes":[{"key":1,"value":"40 ml"}],"skin":{"tone":null,"type":[{"key":"very-dry-skintype","value":"very_dry_skintype"},{"key":"dry-skintype","value":"dry_skintype"},{"key":"combination-skintype","value":"combination_skintype"},{"key":"oily-skintype","value":"oily_skintype"},{"key":"normal-skintype","value":"normal_skintype"}],"type_description":null},"sku_badge":null,"sku_badge_image":null,"sku_display_order":0,"sku_id":"KEX904","sku_promo_messaging":null,"sku_type":"SE","sku_url":null,"tags":{"total":8,"items":[{"id":"8388","key":"nem","value":"nem"},{"id":"17859","key":"çok-satanlar","value":"ÇOK SATANLAR"},{"id":"4323","key":"yeni̇-ürünler","value":"YENİ ÜRÜNLER"},{"id":"1667","key":"ci̇lt-bakimi","value":"CİLT BAKIMI"},{"id":"11480","key":"bb-cc-krem","value":"BB & CC KREM"},{"id":"1590","key":"i̇ndi̇ri̇mli̇-ürünler","value":"İNDİRİMLİ ÜRÜNLER"},{"id":"1687","key":"yüz-nemlendi̇ri̇ci̇","value":"YÜZ NEMLENDİRİCİ"},{"id":"12517","key":"yağsiz-ci̇lt-bakim-ürünleri̇","value":"YAĞSIZ CİLT BAKIM ÜRÜNLERİ"}]},"texture":null,"undertone":null,"unit_of_measure":null,"unit_size":null,"unit_size_formatted":null,"upc":"020714966966","vto":{"is_color_experience":null,"is_foundation_experience":null}},{"color_family":null,"coverage_options":null,"cross_sell":null,"display_status":7,"finish":[{"key":"natural-finish","value":"natural_finish"}],"finish_options":[{"key":"natural-finish","value":"natural_finish"}],"fragrances":[{"family":null,"key":null,"value":null}],"iln_listing":null,"iln_version_number":null,"inventory_status":"Active","is_active":true,"is_coming_soon":null,"is_default_sku":false,"is_discountable":true,"is_displayable":null,"is_engravable":null,"is_fragrance":null,"is_giftable":null,"is_giftwrap":false,"is_inactive":null,"is_multi_shaded":null,"is_out_of_stock":null,"is_preorder":false,"is_preorderable":null,"is_promotional":null,"is_replenishable":false,"is_search_suppressed":null,"is_searchable":true,"is_shaded":null,"is_sized":null,"is_sold_out":null,"is_under_weight_hazmat":false,"is_vto_enabled":null,"life_of_product":"Basic Reorder","material_code":"KEX9050000","media":{"large":[{"alt":"Moisture Surge™ Sheertint Hydrator SPF 25 - Renkli Nemlendirici","height":1200,"position":1,"src":"/media/export/cms/products/1200x1500/cl_sku_KEX905_1200x1500_0.png","type":"image","width":1500}],"medium":[{"alt":"Moisture Surge™ Sheertint Hydrator SPF 25 - Renkli Nemlendirici","height":600,"position":2,"src":"/media/export/cms/products/600x750/cl_sku_KEX905_600x750_0.png","type":"image","width":750}],"model":null,"poster":null,"small":[{"alt":"Moisture Surge™ Sheertint Hydrator SPF 25 - Renkli Nemlendirici","height":1200,"position":3,"src":"/media/export/cms/products/1200x1500/cl_sku_KEX905_1200x1500_0.png","type":"image","width":1500}],"smoosh":[{"alt":"Moisture Surge™ Sheertint Hydrator SPF 25 - Renkli Nemlendirici","height":1200,"position":0,"src":"/media/export/cms/products/1200x1500/swatches_v3/08_ns_ng.png","type":"image","width":1500}],"xl":null},"out_of_stock_threshold":null,"perlgem":{"SKU_BASE_ID":101202},"preorder_date":null,"prices":[{"currency":"TRY","exclude_tax":{"original_price":245,"original_price_formatted":"245.00 TL","price":245,"price_formatted":"245.00 TL","price_per_unit":null,"price_per_unit_formatted":""},"include_tax":{"original_price":245,"original_price_formatted":"245.00 TL","price":245,"price_formatted":"245.00 TL","price_per_unit":null,"price_per_unit_formatted":""},"is_discounted":false}],"purchase_limit":null,"replenishment":{"message":null},"reviews":{"average_rating":null,"number_of_questions":null,"number_of_reviews":null},"set_components":null,"shade_groups":null,"shades":[{"description":"","hex_val":"#ac6a3e","image":{"height":null,"src":"","width":null},"name":"05 Medium Deep","smoosh_design":{"group_id":null,"name":"08::none::none"}}],"sizes":[{"key":1,"value":"40 ml"}],"skin":{"tone":null,"type":[{"key":"very-dry-skintype","value":"very_dry_skintype"},{"key":"combination-skintype","value":"combination_skintype"},{"key":"dry-skintype","value":"dry_skintype"},{"key":"oily-skintype","value":"oily_skintype"},{"key":"normal-skintype","value":"normal_skintype"}],"type_description":null},"sku_badge":null,"sku_badge_image":null,"sku_display_order":0,"sku_id":"KEX905","sku_promo_messaging":null,"sku_type":"SE","sku_url":null,"tags":{"total":7,"items":[{"id":"8388","key":"nem","value":"nem"},{"id":"17859","key":"çok-satanlar","value":"ÇOK SATANLAR"},{"id":"4323","key":"yeni̇-ürünler","value":"YENİ ÜRÜNLER"},{"id":"1667","key":"ci̇lt-bakimi","value":"CİLT BAKIMI"},{"id":"11480","key":"bb-cc-krem","value":"BB & CC KREM"},{"id":"1687","key":"yüz-nemlendi̇ri̇ci̇","value":"YÜZ NEMLENDİRİCİ"},{"id":"12517","key":"yağsiz-ci̇lt-bakim-ürünleri̇","value":"YAĞSIZ CİLT BAKIM ÜRÜNLERİ"}]},"texture":null,"undertone":null,"unit_of_measure":null,"unit_size":null,"unit_size_formatted":null,"upc":"020714966973","vto":{"is_color_experience":null,"is_foundation_experience":null}},{"color_family":null,"coverage_options":null,"cross_sell":null,"display_status":7,"finish":[{"key":"natural-finish","value":"natural_finish"}],"finish_options":[{"key":"natural-finish","value":"natural_finish"}],"fragrances":[{"family":null,"key":null,"value":null}],"iln_listing":null,"iln_version_number":null,"inventory_status":"Active","is_active":true,"is_coming_soon":null,"is_default_sku":false,"is_discountable":true,"is_displayable":null,"is_engravable":null,"is_fragrance":null,"is_giftable":null,"is_giftwrap":false,"is_inactive":null,"is_multi_shaded":null,"is_out_of_stock":null,"is_preorder":false,"is_preorderable":null,"is_promotional":null,"is_replenishable":false,"is_search_suppressed":null,"is_searchable":true,"is_shaded":null,"is_sized":null,"is_sold_out":null,"is_under_weight_hazmat":false,"is_vto_enabled":null,"life_of_product":"Limited life","material_code":"KEX9020000","media":{"large":[{"alt":"Moisture Surge™ Sheertint Hydrator SPF 25 - Renkli Nemlendirici","height":1200,"position":1,"src":"/media/export/cms/products/1200x1500/cl_sku_KEX902_1200x1500_0.png","type":"image","width":1500}],"medium":[{"alt":"Moisture Surge™ Sheertint Hydrator SPF 25 - Renkli Nemlendirici","height":600,"position":2,"src":"/media/export/cms/products/600x750/cl_sku_KEX902_600x750_0.png","type":"image","width":750}],"model":null,"poster":null,"small":[{"alt":"Moisture Surge™ Sheertint Hydrator SPF 25 - Renkli Nemlendirici","height":1200,"position":3,"src":"/media/export/cms/products/1200x1500/cl_sku_KEX902_1200x1500_0.png","type":"image","width":1500}],"smoosh":[{"alt":"Moisture Surge™ Sheertint Hydrator SPF 25 - Renkli Nemlendirici","height":1200,"position":0,"src":"/media/export/cms/products/1200x1500/swatches_v3/08_ns_ng.png","type":"image","width":1500}],"xl":null},"out_of_stock_threshold":null,"perlgem":{"SKU_BASE_ID":101199},"preorder_date":null,"prices":[{"currency":"TRY","exclude_tax":{"original_price":265,"original_price_formatted":"265.00 TL","price":265,"price_formatted":"265.00 TL","price_per_unit":null,"price_per_unit_formatted":""},"include_tax":{"original_price":265,"original_price_formatted":"265.00 TL","price":265,"price_formatted":"265.00 TL","price_per_unit":null,"price_per_unit_formatted":""},"is_discounted":false}],"purchase_limit":null,"replenishment":{"message":null},"reviews":{"average_rating":null,"number_of_questions":null,"number_of_reviews":null},"set_components":null,"shade_groups":null,"shades":[{"description":"","hex_val":"#e2b491","image":{"height":null,"src":"","width":null},"name":"02 Light","smoosh_design":{"group_id":null,"name":"08::none::none"}}],"sizes":[{"key":1,"value":"40ml"}],"skin":{"tone":null,"type":[{"key":"very-dry-skintype","value":"very_dry_skintype"},{"key":"dry-skintype","value":"dry_skintype"},{"key":"combination-skintype","value":"combination_skintype"},{"key":"oily-skintype","value":"oily_skintype"},{"key":"normal-skintype","value":"normal_skintype"}],"type_description":null},"sku_badge":null,"sku_badge_image":null,"sku_display_order":0,"sku_id":"KEX902","sku_promo_messaging":null,"sku_type":"SE","sku_url":null,"tags":{"total":8,"items":[{"id":"8388","key":"nem","value":"nem"},{"id":"17859","key":"çok-satanlar","value":"ÇOK SATANLAR"},{"id":"4323","key":"yeni̇-ürünler","value":"YENİ ÜRÜNLER"},{"id":"1667","key":"ci̇lt-bakimi","value":"CİLT BAKIMI"},{"id":"11480","key":"bb-cc-krem","value":"BB & CC KREM"},{"id":"1590","key":"i̇ndi̇ri̇mli̇-ürünler","value":"İNDİRİMLİ ÜRÜNLER"},{"id":"1687","key":"yüz-nemlendi̇ri̇ci̇","value":"YÜZ NEMLENDİRİCİ"},{"id":"12517","key":"yağsiz-ci̇lt-bakim-ürünleri̇","value":"YAĞSIZ CİLT BAKIM ÜRÜNLERİ"}]},"texture":null,"undertone":null,"unit_of_measure":null,"unit_size":null,"unit_size_formatted":null,"upc":"020714966942","vto":{"is_color_experience":null,"is_foundation_experience":null}},{"color_family":null,"coverage_options":null,"cross_sell":null,"display_status":7,"finish":[{"key":"natural-finish","value":"natural_finish"}],"finish_options":[{"key":"natural-finish","value":"natural_finish"}],"fragrances":[{"family":null,"key":null,"value":null}],"iln_listing":null,"iln_version_number":null,"inventory_status":"Active","is_active":true,"is_coming_soon":null,"is_default_sku":false,"is_discountable":true,"is_displayable":null,"is_engravable":null,"is_fragrance":null,"is_giftable":null,"is_giftwrap":false,"is_inactive":null,"is_multi_shaded":null,"is_out_of_stock":null,"is_preorder":false,"is_preorderable":null,"is_promotional":null,"is_replenishable":false,"is_search_suppressed":null,"is_searchable":true,"is_shaded":null,"is_sized":null,"is_sold_out":null,"is_under_weight_hazmat":false,"is_vto_enabled":null,"life_of_product":"Limited life","material_code":"KEX9030000","media":{"large":[{"alt":"Moisture Surge™ Sheertint Hydrator SPF 25 - Renkli Nemlendirici","height":1200,"position":1,"src":"/media/export/cms/products/1200x1500/cl_sku_KEX903_1200x1500_0.png","type":"image","width":1500}],"medium":[{"alt":"Moisture Surge™ Sheertint Hydrator SPF 25 - Renkli Nemlendirici","height":600,"position":2,"src":"/media/export/cms/products/600x750/cl_sku_KEX903_600x750_0.png","type":"image","width":750}],"model":null,"poster":null,"small":[{"alt":"Moisture Surge™ Sheertint Hydrator SPF 25 - Renkli Nemlendirici","height":1200,"position":3,"src":"/media/export/cms/products/1200x1500/cl_sku_KEX903_1200x1500_0.png","type":"image","width":1500}],"smoosh":[{"alt":"Moisture Surge™ Sheertint Hydrator SPF 25 - Renkli Nemlendirici","height":1200,"position":0,"src":"/media/export/cms/products/1200x1500/swatches_v3/08_ns_ng.png","type":"image","width":1500}],"xl":null},"out_of_stock_threshold":null,"perlgem":{"SKU_BASE_ID":101200},"preorder_date":null,"prices":[{"currency":"TRY","exclude_tax":{"original_price":265,"original_price_formatted":"265.00 TL","price":265,"price_formatted":"265.00 TL","price_per_unit":null,"price_per_unit_formatted":""},"include_tax":{"original_price":265,"original_price_formatted":"265.00 TL","price":265,"price_formatted":"265.00 TL","price_per_unit":null,"price_per_unit_formatted":""},"is_discounted":false}],"purchase_limit":null,"replenishment":{"message":null},"reviews":{"average_rating":null,"number_of_questions":null,"number_of_reviews":null},"set_components":null,"shade_groups":null,"shades":[{"description":"","hex_val":"#d9a376","image":{"height":null,"src":"","width":null},"name":"03 Light-Medium","smoosh_design":{"group_id":null,"name":"08::none::none"}}],"sizes":[{"key":1,"value":"40ml"}],"skin":{"tone":null,"type":[{"key":"very-dry-skintype","value":"very_dry_skintype"},{"key":"combination-skintype","value":"combination_skintype"},{"key":"dry-skintype","value":"dry_skintype"},{"key":"oily-skintype","value":"oily_skintype"},{"key":"normal-skintype","value":"normal_skintype"}],"type_description":null},"sku_badge":null,"sku_badge_image":null,"sku_display_order":0,"sku_id":"KEX903","sku_promo_messaging":null,"sku_type":"SE","sku_url":null,"tags":{"total":9,"items":[{"id":"8388","key":"nem","value":"nem"},{"id":"17859","key":"çok-satanlar","value":"ÇOK SATANLAR"},{"id":"25565","key":"justarrivednew","value":"justarrivednew"},{"id":"4323","key":"yeni̇-ürünler","value":"YENİ ÜRÜNLER"},{"id":"1667","key":"ci̇lt-bakimi","value":"CİLT BAKIMI"},{"id":"11480","key":"bb-cc-krem","value":"BB & CC KREM"},{"id":"1590","key":"i̇ndi̇ri̇mli̇-ürünler","value":"İNDİRİMLİ ÜRÜNLER"},{"id":"1687","key":"yüz-nemlendi̇ri̇ci̇","value":"YÜZ NEMLENDİRİCİ"},{"id":"12517","key":"yağsiz-ci̇lt-bakim-ürünleri̇","value":"YAĞSIZ CİLT BAKIM ÜRÜNLERİ"}]},"texture":null,"undertone":null,"unit_of_measure":null,"unit_size":null,"unit_size_formatted":null,"upc":"020714966959","vto":{"is_color_experience":null,"is_foundation_experience":null}}]},"sub_display_name":null,"sub_header":null,"tags":{"total":9,"items":[{"id":"8388","key":"nem","parent_tag_id":"1667","product_display_order":0,"value":"nem"},{"id":"17859","key":"çok-satanlar","parent_tag_id":null,"product_display_order":73,"value":"ÇOK SATANLAR"},{"id":"25565","key":"justarrivednew","parent_tag_id":null,"product_display_order":4,"value":"justarrivednew"},{"id":"4323","key":"yeni̇-ürünler","parent_tag_id":null,"product_display_order":0,"value":"YENİ ÜRÜNLER"},{"id":"1667","key":"ci̇lt-bakimi","parent_tag_id":null,"product_display_order":93,"value":"CİLT BAKIMI"},{"id":"11480","key":"bb-cc-krem","parent_tag_id":"1599","product_display_order":0,"value":"BB & CC KREM"},{"id":"1590","key":"i̇ndi̇ri̇mli̇-ürünler","parent_tag_id":null,"product_display_order":0,"value":"İNDİRİMLİ ÜRÜNLER"},{"id":"1687","key":"yüz-nemlendi̇ri̇ci̇","parent_tag_id":"1667","product_display_order":122,"value":"YÜZ NEMLENDİRİCİ"},{"id":"12517","key":"yağsiz-ci̇lt-bakim-ürünleri̇","parent_tag_id":"1667","product_display_order":0,"value":"YAĞSIZ CİLT BAKIM ÜRÜNLERİ"}]},"usage":[{"content":null,"label":"PRODUCT USAGE","type":"product_usage"},{"content":null,"label":"HOW DOES IT WORK","type":"how_does_it_work"},{"content":null,"label":"WHO IT IS FOR","type":"who_it_is_for"},{"content":null,"label":"GREAT TO KNOW","type":"great_to_know"},{"content":null,"label":"WHAT_IT_DOES","type":"what_it_does"},{"content":null,"label":"WHAT_IT_IS","type":"what_it_is"}],"objectID":"64320"},{"benefit":{"statement":null,"benefits":null},"brand":null,"collection":null,"coverage":null,"cross_sell":[{"sku_id":"6FMA01","sort_key":1},{"sku_id":"60C801","sort_key":2},{"sku_id":"6FWR01","sort_key":3},{"sku_id":"6FMF01","sort_key":4},{"sku_id":"67F901","sort_key":5},{"sku_id":"68LE01","sort_key":6}],"default_category":{"id":"1613","key":"3-adımlı-cilt-bakım-sistemi"},"description":"<P>Yanaklar kuru, t bölgesi yağlı olan ciltler için hassas arındırıcı tonik.Cilt yüzeyini derinlemesine arındırmaya daha pürüzsüz ve temiz bir cilt görünümünün ortaya çıkmasına yardımcı olur. Nemlendiricinin daha derine işlemesini sağlamaya katkıda bulunur. Daha rahat bir tıraş için cildi hazırlar.</P><P>Gliserin ve Sodyum Hiyalüronat ile tüm gün cildin nem seviyesini artırmaya yardımcı olur.&nbsp; Doğal Nemlendirme Faktörü cildin doğal yağ ve nem dengesini korur.<BR>- Ayçiçeği özü, Arpa ve Salatalık Özü ile cildi güçlenmesini destekler. Böylece cilt daha iyi nemlenir<BR>- Hafif yapılı, yağsız formül kalıntı bırakmadan kolayca emilime katkıda bulunur.</P>","display_mode":null,"display_name":"Clinique For Men Kuru Ciltlere Özel Arındırıcı Losyon","display_status":7,"finish":null,"form":null,"formula_type":null,"fragrance_family":null,"indexable_keywords":[{"value":"arındırma"},{"value":" arındırıcı"},{"value":" ssfm"},{"value":" erkek"}],"is_hazmat":true,"is_product_coming_soon":null,"is_product_displayable":true,"is_product_searchable":true,"is_product_shoppable":true,"is_product_sold_out":null,"is_product_temporarily_out_of_stock":null,"is_search_suppressed":null,"key_ingredient":null,"media":{"large":null,"medium":null,"poster":null,"small":null,"videos":[{"position":null,"poster":{"height":null,"src":null,"width":null},"provider":null,"src":null},{"position":null,"poster":{"height":null,"src":null,"width":null},"provider":null,"src":null},{"position":null,"poster":{"height":null,"src":null,"width":null},"provider":null,"src":null}],"xl":null},"meta":{"description":null,"keywords":"exfoliate, exfoliation, ssfm, men, clinique for men"},"parent_category":[{"id":"1613","value":"3 Adımlı Cilt Bakım Sistemi"},{"id":"1610","value":"3 Adımlı Cilt Bakım Sistemi "},{"id":"1609","value":"ERKEK CİLT BAKIMI & TRAŞ"}],"product_badge":null,"product_id":"6607","product_title_tag":null,"product_type":"Sized","product_url":"/product/1613/6607/erkek-cilt-bakimi-tras/3-adml-cilt-bakm-sistemi/3-adml-cilt-bakm-sistemi/clinique-for-men-kuru-ciltlere-ozel-arndrc-losyon","reviews":{"average_rating":null,"number_of_questions":null,"number_of_reviews":null},"shade_groups":null,"short_description":"De-flakes to reveal clearer skin, unclogs pores.","skin":null,"skin_goal":null,"skus":{"total":1,"items":[{"color_family":null,"coverage_options":null,"cross_sell":null,"display_status":7,"finish":null,"finish_options":null,"fragrances":[{"family":null,"key":null,"value":null}],"iln_listing":null,"iln_version_number":null,"inventory_status":"Active","is_active":true,"is_coming_soon":null,"is_default_sku":false,"is_discountable":true,"is_displayable":null,"is_engravable":null,"is_fragrance":null,"is_giftable":null,"is_giftwrap":false,"is_inactive":null,"is_multi_shaded":null,"is_out_of_stock":null,"is_preorder":false,"is_preorderable":null,"is_promotional":null,"is_replenishable":false,"is_search_suppressed":null,"is_searchable":true,"is_shaded":null,"is_sized":null,"is_sold_out":null,"is_under_weight_hazmat":null,"is_vto_enabled":null,"life_of_product":"Basic Reorder","material_code":"65EM010000","media":{"large":[{"alt":"Clinique For Men Kuru Ciltlere Özel Arındırıcı Losyon","height":1200,"position":0,"src":"/media/export/cms/products/1200x1500/cl_sku_65EM01_1200x1500_0.png","type":"image","width":1500}],"medium":[{"alt":"Clinique For Men Kuru Ciltlere Özel Arındırıcı Losyon","height":600,"position":1,"src":"/media/export/cms/products/600x750/cl_sku_65EM01_600x750_0.png","type":"image","width":750}],"model":null,"poster":null,"small":[{"alt":"Clinique For Men Kuru Ciltlere Özel Arındırıcı Losyon","height":1200,"position":2,"src":"/media/export/cms/products/1200x1500/cl_sku_65EM01_1200x1500_0.png","type":"image","width":1500}],"smoosh":null,"xl":null},"out_of_stock_threshold":null,"perlgem":{"SKU_BASE_ID":15271},"preorder_date":null,"prices":[{"currency":"TRY","exclude_tax":{"original_price":185,"original_price_formatted":"185.00 TL","price":185,"price_formatted":"185.00 TL","price_per_unit":null,"price_per_unit_formatted":""},"include_tax":{"original_price":185,"original_price_formatted":"185.00 TL","price":185,"price_formatted":"185.00 TL","price_per_unit":null,"price_per_unit_formatted":""},"is_discounted":false}],"purchase_limit":null,"replenishment":{"message":"Recommended Auto-Ship cycle: 6 weeks  Learn more >"},"reviews":{"average_rating":null,"number_of_questions":null,"number_of_reviews":null},"set_components":null,"shade_groups":null,"shades":null,"sizes":[{"key":1,"value":"200 ml"}],"skin":{"tone":null,"type":null,"type_description":null},"sku_badge":null,"sku_badge_image":null,"sku_display_order":0,"sku_id":"65EM01","sku_promo_messaging":null,"sku_type":"SE","sku_url":null,"tags":{"total":21,"items":[{"id":"13569","key":"99-tl-ve-alti-ci̇lt-bakimmakyajparfüm-setleri̇","value":"99 TL VE ALTI CİLT BAKIM&MAKYAJ&PARFÜM SETLERİ"},{"id":"10589","key":"offers-lp","value":"Offers LP"},{"id":"12824","key":"özel-bakim","value":"ÖZEL BAKIM"},{"id":"1611","key":"temizleme","value":"Temizleme"},{"id":"27168","key":"day1flashsale","value":"Day1FlashSale"},{"id":"13565","key":"yeni̇-yil-erkek-bakimi","value":"YENİ YIL ERKEK BAKIMI"},{"id":"1609","key":"erkek-ci̇lt-bakimi-traş","value":"ERKEK CİLT BAKIMI & TRAŞ"},{"id":"13561","key":"yeni̇-yil-buti̇ği̇","value":"YENİ YIL BUTİĞİ"},{"id":"1624","key":"tiraş-temi̇zleme","value":"TIRAŞ & TEMİZLEME"},{"id":"1612","key":"arındırma","value":"Arındırma"},{"id":"1613","key":"3-adımlı-cilt-bakım-sistemi","value":"3 Adımlı Cilt Bakım Sistemi"},{"id":"1619","key":"hedi̇yeler-setler","value":"HEDİYELER & SETLER"},{"id":"1625","key":"cilt-bakım","value":"Cilt Bakım"},{"id":"1626","key":"ci̇lt-bakimi","value":"CİLT BAKIMI"},{"id":"9423","key":"seasonal1","value":"seasonal1"},{"id":"12950","key":"çok-satan-erkek-bakim-tiraş-ürünleri̇","value":"ÇOK SATAN ERKEK BAKIM & TIRAŞ ÜRÜNLERİ"},{"id":"27172","key":"day5flashsale","value":"Day5FlashSale"},{"id":"27174","key":"day7flashsale","value":"Day7FlashSale"},{"id":"1610","key":"3-adımlı-cilt-bakım-sistemi","value":"3 Adımlı Cilt Bakım Sistemi "},{"id":"1667","key":"ci̇lt-bakimi","value":"CİLT BAKIMI"},{"id":"24180","key":"tamamlayici-ürünler","value":"TAMAMLAYICI ÜRÜNLER"}]},"texture":null,"undertone":null,"unit_of_measure":null,"unit_size":null,"unit_size_formatted":null,"upc":"020714104726","vto":{"is_color_experience":null,"is_foundation_experience":null}}]},"sub_display_name":null,"sub_header":null,"tags":{"total":21,"items":[{"id":"13569","key":"99-tl-ve-alti-ci̇lt-bakimmakyajparfüm-setleri̇","parent_tag_id":"13561","product_display_order":0,"value":"99 TL VE ALTI CİLT BAKIM&MAKYAJ&PARFÜM SETLERİ"},{"id":"10589","key":"offers-lp","parent_tag_id":null,"product_display_order":1,"value":"Offers LP"},{"id":"12824","key":"özel-bakim","parent_tag_id":"1625","product_display_order":0,"value":"ÖZEL BAKIM"},{"id":"1611","key":"temizleme","parent_tag_id":"1610","product_display_order":1,"value":"Temizleme"},{"id":"27168","key":"day1flashsale","parent_tag_id":"1590","product_display_order":0,"value":"Day1FlashSale"},{"id":"13565","key":"yeni̇-yil-erkek-bakimi","parent_tag_id":"13561","product_display_order":0,"value":"YENİ YIL ERKEK BAKIMI"},{"id":"1609","key":"erkek-ci̇lt-bakimi-traş","parent_tag_id":null,"product_display_order":36,"value":"ERKEK CİLT BAKIMI & TRAŞ"},{"id":"13561","key":"yeni̇-yil-buti̇ği̇","parent_tag_id":null,"product_display_order":0,"value":"YENİ YIL BUTİĞİ"},{"id":"1624","key":"tiraş-temi̇zleme","parent_tag_id":"1623","product_display_order":0,"value":"TIRAŞ & TEMİZLEME"},{"id":"1612","key":"arındırma","parent_tag_id":"1610","product_display_order":2,"value":"Arındırma"},{"id":"1613","key":"3-adımlı-cilt-bakım-sistemi","parent_tag_id":"1610","product_display_order":0,"value":"3 Adımlı Cilt Bakım Sistemi"},{"id":"1619","key":"hedi̇yeler-setler","parent_tag_id":"1618","product_display_order":0,"value":"HEDİYELER & SETLER"},{"id":"1625","key":"cilt-bakım","parent_tag_id":"1609","product_display_order":1,"value":"Cilt Bakım"},{"id":"1626","key":"ci̇lt-bakimi","parent_tag_id":"1625","product_display_order":4,"value":"CİLT BAKIMI"},{"id":"9423","key":"seasonal1","parent_tag_id":"9420","product_display_order":1,"value":"seasonal1"},{"id":"12950","key":"çok-satan-erkek-bakim-tiraş-ürünleri̇","parent_tag_id":"1609","product_display_order":0,"value":"ÇOK SATAN ERKEK BAKIM & TIRAŞ ÜRÜNLERİ"},{"id":"27172","key":"day5flashsale","parent_tag_id":"1590","product_display_order":172,"value":"Day5FlashSale"},{"id":"27174","key":"day7flashsale","parent_tag_id":"1590","product_display_order":0,"value":"Day7FlashSale"},{"id":"1610","key":"3-adımlı-cilt-bakım-sistemi","parent_tag_id":"1609","product_display_order":2,"value":"3 Adımlı Cilt Bakım Sistemi "},{"id":"1667","key":"ci̇lt-bakimi","parent_tag_id":null,"product_display_order":123,"value":"CİLT BAKIMI"},{"id":"24180","key":"tamamlayici-ürünler","parent_tag_id":"1667","product_display_order":0,"value":"TAMAMLAYICI ÜRÜNLER"}]},"usage":[{"content":"<UL><LI>Sabah ve akşam olmak üzere günde iki kez kullanın.</LI><LI>Cildinizi temizledikten sonra pamuk ile toniği yüzünüze ve boynunuza uygulayın.</LI><LI>Sadece haricen kullanim içindir. Göz çevresi ve dudaklardan kaçının.</LI><LI>Daha sonra nemlendirici sürün.</LI><LI>Mükemmel bir cilt için, hergün Clinique Erkek Yüz Sabunu ve Nemlendiricisiyle bakımınızı destekleyin.</LI></UL>","label":"PRODUCT USAGE","type":"product_usage"},{"content":null,"label":"HOW DOES IT WORK","type":"how_does_it_work"},{"content":null,"label":"WHO IT IS FOR","type":"who_it_is_for"},{"content":null,"label":"GREAT TO KNOW","type":"great_to_know"},{"content":null,"label":"WHAT_IT_DOES","type":"what_it_does"},{"content":"<P>Yanaklar kuru, t bölgesi yağlı olan ciltler için hassas arındırıcı tonik.Cilt yüzeyini derinlemesine arındırmaya daha pürüzsüz ve temiz bir cilt görünümünün ortaya çıkmasına yardımcı olur. Nemlendiricinin daha derine işlemesini sağlamaya katkıda bulunur. Daha rahat bir tıraş için cildi hazırlar.</P><P>Gliserin ve Sodyum Hiyalüronat ile tüm gün cildin nem seviyesini artırmaya yardımcı olur.&nbsp; Doğal Nemlendirme Faktörü cildin doğal yağ ve nem dengesini korur.<BR>- Ayçiçeği özü, Arpa ve Salatalık Özü ile cildi güçlenmesini destekler. Böylece cilt daha iyi nemlenir<BR>- Hafif yapılı, yağsız formül kalıntı bırakmadan kolayca emilime katkıda bulunur.</P>","label":"WHAT_IT_IS","type":"what_it_is"}],"objectID":"6607"},{"benefit":{"statement":null,"benefits":null},"brand":null,"collection":null,"coverage":null,"cross_sell":null,"default_category":{"id":"1687","key":"yüz-nemlendi̇ri̇ci̇"},"description":"<P><STRONG>What It Is</STRONG> <BR>Step 3 in our customised 3-Step Skin Care System. Dermatologist-developed face moisturiser softens, smooths, improves. Leaves skin glowing. <BR><BR><STRONG>What It Does</STRONG> <BR>Genius yellow moisturiser hydrates all day. <BR>Slips on easily, absorbs quickly. <BR>Helps strengthen skin’s own moisture barrier, so more moisture stays in. <BR>Skin that holds onto moisture has a youthful-looking glow. <BR><BR><STRONG>The secret’s in the system. <BR></STRONG>Our revolutionary 3-Step Skin Care System was created by a celebrated dermatologist. It’s simple, customised and takes just three minutes, twice a day: cleanse with Facial Soap, exfoliate with Clarifying Lotion, moisturize with Dramatically Different Moisturizing Lotion+, oil-free Gel or lightweight Jelly.</P>","display_mode":null,"display_name":"Dramatically Different™ Moisturizing Lotion+","display_status":1,"finish":null,"form":null,"formula_type":null,"fragrance_family":null,"indexable_keywords":null,"is_hazmat":false,"is_product_coming_soon":null,"is_product_displayable":true,"is_product_searchable":true,"is_product_shoppable":true,"is_product_sold_out":null,"is_product_temporarily_out_of_stock":null,"is_search_suppressed":null,"key_ingredient":null,"media":{"large":null,"medium":null,"poster":null,"small":null,"videos":[{"position":null,"poster":{"height":null,"src":null,"width":null},"provider":"YouTube","src":null},{"position":null,"poster":{"height":null,"src":null,"width":null},"provider":"YouTube","src":null},{"position":null,"poster":{"height":null,"src":null,"width":null},"provider":"YouTube","src":null}],"xl":null},"meta":{"description":null,"keywords":null},"parent_category":[{"id":"1687","value":"YÜZ NEMLENDİRİCİ"},{"id":"1667","value":"CİLT BAKIMI"}],"product_badge":null,"product_id":"66819","product_title_tag":null,"product_type":"Sized","product_url":"/product/1687/66819/cilt-bakimi/yuz-nemlendirici/dramatically-differenttm-moisturizing-lotion","reviews":{"average_rating":null,"number_of_questions":null,"number_of_reviews":null},"shade_groups":null,"short_description":"Step 3 in our customised 3-Step Skin Care System. Dermatologist-developed face moisturiser softens, smooths, improves. Leaves skin glowing.","skin":null,"skin_goal":null,"skus":{"total":1,"items":[{"color_family":null,"coverage_options":null,"cross_sell":null,"display_status":1,"finish":null,"finish_options":null,"fragrances":[{"family":null,"key":null,"value":null}],"iln_listing":"Ingredients: Water\\Aqua\\Eau, Mineral Oil\\Paraffinum Liquidum\\Huile Minérale, Glycerin, Petrolatum, Stearic Acid, Glyceryl Stearate, Sesamum Indicum (Sesame) Oil, Urea, Lanolin Alcohol, Triethanolamine, Hordeum Vulgare (Barley) Extract\\Extrait D'Orge, Cucumis Sativus (Cucumber) Fruit Extract, Helianthus Annuus (Sunflower) Seedcake, Propylene Glycol Dicaprate, Sodium Hyaluronate, Butylene Glycol, Pentylene Glycol, Trisodium Edta, Phenoxyethanol, Yellow 6 (Ci 15985), Yellow 5 (Ci 19140), Red 33 (Ci 17200) <ILN39477>","iln_version_number":"ILN39477","inventory_status":"Active","is_active":true,"is_coming_soon":null,"is_default_sku":false,"is_discountable":true,"is_displayable":null,"is_engravable":null,"is_fragrance":null,"is_giftable":null,"is_giftwrap":false,"is_inactive":null,"is_multi_shaded":null,"is_out_of_stock":null,"is_preorder":false,"is_preorderable":null,"is_promotional":null,"is_replenishable":false,"is_search_suppressed":null,"is_searchable":true,"is_shaded":null,"is_sized":null,"is_sold_out":null,"is_under_weight_hazmat":false,"is_vto_enabled":null,"life_of_product":"Basic Reorder","material_code":"KFNK010000","media":{"large":[{"alt":"Dramatically Different™ Moisturizing Lotion+","height":1200,"position":0,"src":"/media/export/cms/products/1200x1500/cl_sku_KFNK01_1200x1500_0.png","type":"image","width":1500}],"medium":[{"alt":"Dramatically Different™ Moisturizing Lotion+","height":600,"position":1,"src":"/media/export/cms/products/600x750/cl_sku_KFNK01_600x750_0.png","type":"image","width":750}],"model":null,"poster":null,"small":[{"alt":"Dramatically Different™ Moisturizing Lotion+","height":1200,"position":2,"src":"/media/export/cms/products/1200x1500/cl_sku_KFNK01_1200x1500_0.png","type":"image","width":1500}],"smoosh":null,"xl":null},"out_of_stock_threshold":null,"perlgem":{"SKU_BASE_ID":104498},"preorder_date":null,"prices":[{"currency":"TRY","exclude_tax":{"original_price":89,"original_price_formatted":"89.00 TL","price":89,"price_formatted":"89.00 TL","price_per_unit":null,"price_per_unit_formatted":""},"include_tax":{"original_price":89,"original_price_formatted":"89.00 TL","price":89,"price_formatted":"89.00 TL","price_per_unit":null,"price_per_unit_formatted":""},"is_discounted":false}],"purchase_limit":null,"replenishment":{"message":null},"reviews":{"average_rating":null,"number_of_questions":null,"number_of_reviews":null},"set_components":null,"shade_groups":null,"shades":null,"sizes":[{"key":1,"value":"30 ml"}],"skin":{"tone":null,"type":null,"type_description":null},"sku_badge":null,"sku_badge_image":null,"sku_display_order":0,"sku_id":"KFNK01","sku_promo_messaging":null,"sku_type":"SE","sku_url":null,"tags":{"total":1,"items":[{"id":"1687","key":"yüz-nemlendi̇ri̇ci̇","value":"YÜZ NEMLENDİRİCİ"}]},"texture":null,"undertone":null,"unit_of_measure":"ml","unit_size":null,"unit_size_formatted":null,"upc":"020714974701","vto":{"is_color_experience":null,"is_foundation_experience":null}}]},"sub_display_name":null,"sub_header":null,"tags":{"total":1,"items":[{"id":"1687","key":"yüz-nemlendi̇ri̇ci̇","parent_tag_id":"1667","product_display_order":13,"value":"YÜZ NEMLENDİRİCİ"}]},"usage":[{"content":null,"label":"PRODUCT USAGE","type":"product_usage"},{"content":null,"label":"HOW DOES IT WORK","type":"how_does_it_work"},{"content":null,"label":"WHO IT IS FOR","type":"who_it_is_for"},{"content":null,"label":"GREAT TO KNOW","type":"great_to_know"},{"content":null,"label":"WHAT_IT_DOES","type":"what_it_does"},{"content":null,"label":"WHAT_IT_IS","type":"what_it_is"}],"objectID":"66819"},{"benefit":{"statement":null,"benefits":null},"brand":null,"collection":null,"coverage":null,"cross_sell":null,"default_category":{"id":"1626","key":"ci̇lt-bakimi"},"description":null,"display_mode":null,"display_name":"Clinique For Men 72 Saat Nem Koruma Teknolojili Nemlendirici","display_status":7,"finish":null,"form":null,"formula_type":null,"fragrance_family":null,"indexable_keywords":null,"is_hazmat":false,"is_product_coming_soon":null,"is_product_displayable":true,"is_product_searchable":true,"is_product_shoppable":false,"is_product_sold_out":null,"is_product_temporarily_out_of_stock":null,"is_search_suppressed":null,"key_ingredient":null,"media":{"large":[{"alt":"Clinique For Men 72 Saat Nem Koruma Teknolojili Nemlendirici","height":1200,"position":0,"src":"/media/export/cms/products/1200x1500/cl_prod_67951_1200x1500_0.png","type":"image","width":1500},{"alt":"Clinique For Men 72 Saat Nem Koruma Teknolojili Nemlendirici","height":1200,"position":1,"src":"/media/export/cms/products/1200x1500/cl_prod_67951_1200x1500_1.png","type":"image","width":1500}],"medium":null,"poster":null,"small":[{"alt":"Clinique For Men 72 Saat Nem Koruma Teknolojili Nemlendirici","height":1200,"position":2,"src":"/media/export/cms/products/1200x1500/cl_prod_67951_1200x1500_0.png","type":"image","width":1500},{"alt":"Clinique For Men 72 Saat Nem Koruma Teknolojili Nemlendirici","height":1200,"position":3,"src":"/media/export/cms/products/1200x1500/cl_prod_67951_1200x1500_1.png","type":"image","width":1500}],"videos":[{"position":null,"poster":{"height":null,"src":null,"width":null},"provider":null,"src":null},{"position":null,"poster":{"height":null,"src":null,"width":null},"provider":null,"src":null},{"position":null,"poster":{"height":null,"src":null,"width":null},"provider":null,"src":null}],"xl":null},"meta":{"description":null,"keywords":null},"parent_category":[{"id":"1626","value":"CİLT BAKIMI"},{"id":"1625","value":"Cilt Bakım"},{"id":"1609","value":"ERKEK CİLT BAKIMI & TRAŞ"}],"product_badge":null,"product_id":"67951","product_title_tag":null,"product_type":"Shaded","product_url":"/product/1626/67951/erkek-cilt-bakimi-tras/cilt-bakm/cilt-bakimi/clinique-for-men-72-saat-nem-koruma-teknolojili-nemlendirici","reviews":{"average_rating":null,"number_of_questions":null,"number_of_reviews":null},"shade_groups":null,"short_description":"Süper etkili nemlendirici ferahlık hissi sağlamaya ve kurumuş cildi nemlendirmeye yardımcı olur.","skin":null,"skin_goal":null,"skus":{"total":1,"items":[{"color_family":null,"coverage_options":null,"cross_sell":null,"display_status":7,"finish":null,"finish_options":null,"fragrances":[{"family":null,"key":null,"value":null}],"iln_listing":null,"iln_version_number":null,"inventory_status":"Sold Out","is_active":null,"is_coming_soon":null,"is_default_sku":true,"is_discountable":true,"is_displayable":null,"is_engravable":null,"is_fragrance":null,"is_giftable":null,"is_giftwrap":false,"is_inactive":null,"is_multi_shaded":null,"is_out_of_stock":null,"is_preorder":false,"is_preorderable":null,"is_promotional":null,"is_replenishable":false,"is_search_suppressed":null,"is_searchable":true,"is_shaded":null,"is_sized":null,"is_sold_out":true,"is_under_weight_hazmat":false,"is_vto_enabled":null,"life_of_product":"Limited life","material_code":"KJ8H010000","media":{"large":[{"alt":"Clinique For Men 72 Saat Nem Koruma Teknolojili Nemlendirici","height":1200,"position":0,"src":"/media/export/cms/products/1200x1500/cl_sku_KJ8H01_1200x1500_0.png","type":"image","width":1500}],"medium":[{"alt":"Clinique For Men 72 Saat Nem Koruma Teknolojili Nemlendirici","height":600,"position":1,"src":"/media/export/cms/products/600x750/cl_sku_KJ8H01_600x750_0.png","type":"image","width":750},{"alt":"Clinique For Men 72 Saat Nem Koruma Teknolojili Nemlendirici","height":600,"position":2,"src":"/media/export/cms/products/600x750/cl_sku_KJ8H01_600x750_1.png","type":"image","width":750}],"model":null,"poster":null,"small":[{"alt":"Clinique For Men 72 Saat Nem Koruma Teknolojili Nemlendirici","height":1200,"position":3,"src":"/media/export/cms/products/1200x1500/cl_sku_KJ8H01_1200x1500_0.png","type":"image","width":1500}],"smoosh":null,"xl":null},"out_of_stock_threshold":null,"perlgem":{"SKU_BASE_ID":106288},"preorder_date":null,"prices":[{"currency":"TRY","exclude_tax":{"original_price":279,"original_price_formatted":"279.00 TL","price":279,"price_formatted":"279.00 TL","price_per_unit":null,"price_per_unit_formatted":""},"include_tax":{"original_price":279,"original_price_formatted":"279.00 TL","price":279,"price_formatted":"279.00 TL","price_per_unit":null,"price_per_unit_formatted":""},"is_discounted":false}],"purchase_limit":null,"replenishment":{"message":null},"reviews":{"average_rating":null,"number_of_questions":null,"number_of_reviews":null},"set_components":null,"shade_groups":null,"shades":null,"sizes":[{"key":1,"value":"1.7 oz. / 50ml"}],"skin":{"tone":null,"type":null,"type_description":null},"sku_badge":null,"sku_badge_image":null,"sku_display_order":0,"sku_id":"KJ8H01","sku_promo_messaging":null,"sku_type":"SE","sku_url":null,"tags":{"total":14,"items":[{"id":"27174","key":"day7flashsale","value":"Day7FlashSale"},{"id":"1609","key":"erkek-ci̇lt-bakimi-traş","value":"ERKEK CİLT BAKIMI & TRAŞ"},{"id":"1687","key":"yüz-nemlendi̇ri̇ci̇","value":"YÜZ NEMLENDİRİCİ"},{"id":"1585","key":"hediye-merkezi","value":"Hediye Merkezi"},{"id":"12950","key":"çok-satan-erkek-bakim-tiraş-ürünleri̇","value":"ÇOK SATAN ERKEK BAKIM & TIRAŞ ÜRÜNLERİ"},{"id":"27172","key":"day5flashsale","value":"Day5FlashSale"},{"id":"13565","key":"yeni̇-yil-erkek-bakimi","value":"YENİ YIL ERKEK BAKIMI"},{"id":"27168","key":"day1flashsale","value":"Day1FlashSale"},{"id":"1614","key":"nemlendirme","value":"Nemlendirme"},{"id":"1626","key":"ci̇lt-bakimi","value":"CİLT BAKIMI"},{"id":"1625","key":"cilt-bakım","value":"Cilt Bakım"},{"id":"1618","key":"hedi̇yeler","value":"HEDİYELER"},{"id":"4323","key":"yeni̇-ürünler","value":"YENİ ÜRÜNLER"},{"id":"1619","key":"hedi̇yeler-setler","value":"HEDİYELER & SETLER"}]},"texture":null,"undertone":null,"unit_of_measure":null,"unit_size":null,"unit_size_formatted":null,"upc":"020714993085","vto":{"is_color_experience":null,"is_foundation_experience":null}}]},"sub_display_name":null,"sub_header":null,"tags":{"total":14,"items":[{"id":"27174","key":"day7flashsale","parent_tag_id":"1590","product_display_order":0,"value":"Day7FlashSale"},{"id":"1609","key":"erkek-ci̇lt-bakimi-traş","parent_tag_id":null,"product_display_order":9,"value":"ERKEK CİLT BAKIMI & TRAŞ"},{"id":"1687","key":"yüz-nemlendi̇ri̇ci̇","parent_tag_id":"1667","product_display_order":143,"value":"YÜZ NEMLENDİRİCİ"},{"id":"1585","key":"hediye-merkezi","parent_tag_id":null,"product_display_order":0,"value":"Hediye Merkezi"},{"id":"12950","key":"çok-satan-erkek-bakim-tiraş-ürünleri̇","parent_tag_id":"1609","product_display_order":0,"value":"ÇOK SATAN ERKEK BAKIM & TIRAŞ ÜRÜNLERİ"},{"id":"27172","key":"day5flashsale","parent_tag_id":"1590","product_display_order":168,"value":"Day5FlashSale"},{"id":"13565","key":"yeni̇-yil-erkek-bakimi","parent_tag_id":"13561","product_display_order":0,"value":"YENİ YIL ERKEK BAKIMI"},{"id":"27168","key":"day1flashsale","parent_tag_id":"1590","product_display_order":0,"value":"Day1FlashSale"},{"id":"1614","key":"nemlendirme","parent_tag_id":"1610","product_display_order":0,"value":"Nemlendirme"},{"id":"1626","key":"ci̇lt-bakimi","parent_tag_id":"1625","product_display_order":0,"value":"CİLT BAKIMI"},{"id":"1625","key":"cilt-bakım","parent_tag_id":"1609","product_display_order":0,"value":"Cilt Bakım"},{"id":"1618","key":"hedi̇yeler","parent_tag_id":"1609","product_display_order":0,"value":"HEDİYELER"},{"id":"4323","key":"yeni̇-ürünler","parent_tag_id":null,"product_display_order":81,"value":"YENİ ÜRÜNLER"},{"id":"1619","key":"hedi̇yeler-setler","parent_tag_id":"1618","product_display_order":14,"value":"HEDİYELER & SETLER"}]},"usage":[{"content":null,"label":"PRODUCT USAGE","type":"product_usage"},{"content":null,"label":"HOW DOES IT WORK","type":"how_does_it_work"},{"content":"Tüm Cilt Tipleri (1,2,3,4)","label":"WHO IT IS FOR","type":"who_it_is_for"},{"content":null,"label":"GREAT TO KNOW","type":"great_to_know"},{"content":"Auto-Replenishment Teknolojisi: 72-saat sürekli nemlendirme için nemi cildin derinliklerinden yüzeye çeker ve dağıtır. Nem Tutucu Süper Matriksler ile nemi cilde hapseder. Zamanla, nem bariyeri ve cildin nemi tutma kapasitesi güçlenir – cilt daha uzun süre nemli kalır İçeriğindeki Hiyalüronik asit, gliserin (+ diğer nemlendiriciler) cilde anında nem sağlar. Aktif aloe suyu & kafein içeren formülü nemi cilde çeker ve dağıtır..<br><br><b>Temel İçerikler</b><br>Auto-Replenishment Teknolojisi ile cildin kendi iç su kaynağını üretmesini destekler. Nem & sıcaklık değişimlerinde, cildin nem seviyesini korumasına & arttırmasına yardımcı olur. İnce çizgiler, donukluk ve gerginlik görünümünü azaltarak; cildi pürüzsüzleştirir, yumuşatır, dolgunlaştırır.<br><br><b>Nasıl Kullanılır?</b><br>Temiz cilde veya cildin nemlendirmeye ihtiyacı olduğunda sabah ve akşam uygulayın.","label":"WHAT_IT_DOES","type":"what_it_does"},{"content":"Yeni canlandırıcı, jel-krem nemlendirici tüm cilt tipleri için çok amaçlı formülüyle geliştirildi. Yeni nem hapsedici içeriği yüzünüzü yıkadıktan sonra bile 72-saat boyunca kesintisiz, güçlü nemlendirme sağlar.","label":"WHAT_IT_IS","type":"what_it_is"}],"objectID":"67951"},{"benefit":{"statement":null,"benefits":null},"brand":null,"collection":null,"coverage":null,"cross_sell":null,"default_category":{"id":"12824","key":"özel-bakim"},"description":null,"display_mode":null,"display_name":"Clinique For Men 96 Saat Nem Koruma Teknolojili Göz Kremi","display_status":7,"finish":null,"form":null,"formula_type":null,"fragrance_family":null,"indexable_keywords":null,"is_hazmat":false,"is_product_coming_soon":null,"is_product_displayable":true,"is_product_searchable":true,"is_product_shoppable":true,"is_product_sold_out":null,"is_product_temporarily_out_of_stock":null,"is_search_suppressed":null,"key_ingredient":null,"media":{"large":[{"alt":"Clinique For Men 96 Saat Nem Koruma Teknolojili Göz Kremi","height":1200,"position":0,"src":"/media/export/cms/products/1200x1500/cl_prod_67952_1200x1500_0.png","type":"image","width":1500}],"medium":null,"poster":null,"small":[{"alt":"Clinique For Men 96 Saat Nem Koruma Teknolojili Göz Kremi","height":1200,"position":1,"src":"/media/export/cms/products/1200x1500/cl_prod_67952_1200x1500_0.png","type":"image","width":1500}],"videos":[{"position":null,"poster":{"height":null,"src":null,"width":null},"provider":null,"src":null},{"position":null,"poster":{"height":null,"src":null,"width":null},"provider":null,"src":null},{"position":null,"poster":{"height":null,"src":null,"width":null},"provider":null,"src":null}],"xl":null},"meta":{"description":null,"keywords":null},"parent_category":[{"id":"12824","value":"ÖZEL BAKIM"},{"id":"1625","value":"Cilt Bakım"},{"id":"1609","value":"ERKEK CİLT BAKIMI & TRAŞ"}],"product_badge":null,"product_id":"67952","product_title_tag":null,"product_type":"Shaded","product_url":"/product/12824/67952/erkek-cilt-bakimi-tras/cilt-bakm/ozel-bakim/clinique-for-men-96-saat-nem-koruma-teknolojili-goz-kremi","reviews":{"average_rating":null,"number_of_questions":null,"number_of_reviews":null},"shade_groups":null,"short_description":"Yeni ultra hafif yapılı su-jel formülündeki nemlendirici. Yeni nem hapsedici içeriği göz çevresinin 96 saat boyunca nemli kalmasına yardımcı olur.","skin":null,"skin_goal":null,"skus":{"total":1,"items":[{"color_family":null,"coverage_options":null,"cross_sell":null,"display_status":7,"finish":null,"finish_options":null,"fragrances":[{"family":null,"key":null,"value":null}],"iln_listing":null,"iln_version_number":null,"inventory_status":"Active","is_active":true,"is_coming_soon":null,"is_default_sku":true,"is_discountable":true,"is_displayable":null,"is_engravable":null,"is_fragrance":null,"is_giftable":null,"is_giftwrap":false,"is_inactive":null,"is_multi_shaded":null,"is_out_of_stock":null,"is_preorder":false,"is_preorderable":null,"is_promotional":null,"is_replenishable":false,"is_search_suppressed":null,"is_searchable":true,"is_shaded":null,"is_sized":null,"is_sold_out":null,"is_under_weight_hazmat":false,"is_vto_enabled":null,"life_of_product":"Basic Reorder","material_code":"KJFA010000","media":{"large":[{"alt":"Clinique For Men 96 Saat Nem Koruma Teknolojili Göz Kremi","height":1200,"position":0,"src":"/media/export/cms/products/1200x1500/cl_sku_KJFA01_1200x1500_0.png","type":"image","width":1500}],"medium":[{"alt":"Clinique For Men 96 Saat Nem Koruma Teknolojili Göz Kremi","height":600,"position":1,"src":"/media/export/cms/products/600x750/cl_sku_KJFA01_600x750_0.png","type":"image","width":750},{"alt":"Clinique For Men 96 Saat Nem Koruma Teknolojili Göz Kremi","height":600,"position":2,"src":"/media/export/cms/products/600x750/cl_sku_KJFA01_600x750_1.png","type":"image","width":750}],"model":null,"poster":null,"small":[{"alt":"Clinique For Men 96 Saat Nem Koruma Teknolojili Göz Kremi","height":1200,"position":3,"src":"/media/export/cms/products/1200x1500/cl_sku_KJFA01_1200x1500_0.png","type":"image","width":1500}],"smoosh":null,"xl":null},"out_of_stock_threshold":null,"perlgem":{"SKU_BASE_ID":106289},"preorder_date":null,"prices":[{"currency":"TRY","exclude_tax":{"original_price":285,"original_price_formatted":"285.00 TL","price":285,"price_formatted":"285.00 TL","price_per_unit":null,"price_per_unit_formatted":""},"include_tax":{"original_price":285,"original_price_formatted":"285.00 TL","price":285,"price_formatted":"285.00 TL","price_per_unit":null,"price_per_unit_formatted":""},"is_discounted":false}],"purchase_limit":null,"replenishment":{"message":null},"reviews":{"average_rating":null,"number_of_questions":null,"number_of_reviews":null},"set_components":null,"shade_groups":null,"shades":null,"sizes":[{"key":1,"value":"15 ml"}],"skin":{"tone":null,"type":null,"type_description":null},"sku_badge":null,"sku_badge_image":null,"sku_display_order":0,"sku_id":"KJFA01","sku_promo_messaging":null,"sku_type":"SE","sku_url":null,"tags":{"total":17,"items":[{"id":"1618","key":"hedi̇yeler","value":"HEDİYELER"},{"id":"1625","key":"cilt-bakım","value":"Cilt Bakım"},{"id":"1626","key":"ci̇lt-bakimi","value":"CİLT BAKIMI"},{"id":"1619","key":"hedi̇yeler-setler","value":"HEDİYELER & SETLER"},{"id":"27172","key":"day5flashsale","value":"Day5FlashSale"},{"id":"13565","key":"yeni̇-yil-erkek-bakimi","value":"YENİ YIL ERKEK BAKIMI"},{"id":"1609","key":"erkek-ci̇lt-bakimi-traş","value":"ERKEK CİLT BAKIMI & TRAŞ"},{"id":"1585","key":"hediye-merkezi","value":"Hediye Merkezi"},{"id":"27174","key":"day7flashsale","value":"Day7FlashSale"},{"id":"12943","key":"anti-aging-kirişiklik-karşiti","value":"ANTI AGING & KIRIŞIKLIK KARŞITI"},{"id":"1687","key":"yüz-nemlendi̇ri̇ci̇","value":"YÜZ NEMLENDİRİCİ"},{"id":"25565","key":"justarrivednew","value":"justarrivednew"},{"id":"12950","key":"çok-satan-erkek-bakim-tiraş-ürünleri̇","value":"ÇOK SATAN ERKEK BAKIM & TIRAŞ ÜRÜNLERİ"},{"id":"12824","key":"özel-bakim","value":"ÖZEL BAKIM"},{"id":"27168","key":"day1flashsale","value":"Day1FlashSale"},{"id":"4323","key":"yeni̇-ürünler","value":"YENİ ÜRÜNLER"},{"id":"19288","key":"sale","value":"sale"}]},"texture":null,"undertone":null,"unit_of_measure":null,"unit_size":null,"unit_size_formatted":null,"upc":"020714994778","vto":{"is_color_experience":null,"is_foundation_experience":null}}]},"sub_display_name":null,"sub_header":null,"tags":{"total":17,"items":[{"id":"1618","key":"hedi̇yeler","parent_tag_id":"1609","product_display_order":0,"value":"HEDİYELER"},{"id":"1625","key":"cilt-bakım","parent_tag_id":"1609","product_display_order":0,"value":"Cilt Bakım"},{"id":"1626","key":"ci̇lt-bakimi","parent_tag_id":"1625","product_display_order":0,"value":"CİLT BAKIMI"},{"id":"1619","key":"hedi̇yeler-setler","parent_tag_id":"1618","product_display_order":15,"value":"HEDİYELER & SETLER"},{"id":"27172","key":"day5flashsale","parent_tag_id":"1590","product_display_order":171,"value":"Day5FlashSale"},{"id":"13565","key":"yeni̇-yil-erkek-bakimi","parent_tag_id":"13561","product_display_order":0,"value":"YENİ YIL ERKEK BAKIMI"},{"id":"1609","key":"erkek-ci̇lt-bakimi-traş","parent_tag_id":null,"product_display_order":26,"value":"ERKEK CİLT BAKIMI & TRAŞ"},{"id":"1585","key":"hediye-merkezi","parent_tag_id":null,"product_display_order":0,"value":"Hediye Merkezi"},{"id":"27174","key":"day7flashsale","parent_tag_id":"1590","product_display_order":0,"value":"Day7FlashSale"},{"id":"12943","key":"anti-aging-kirişiklik-karşiti","parent_tag_id":"1625","product_display_order":0,"value":"ANTI AGING & KIRIŞIKLIK KARŞITI"},{"id":"1687","key":"yüz-nemlendi̇ri̇ci̇","parent_tag_id":"1667","product_display_order":146,"value":"YÜZ NEMLENDİRİCİ"},{"id":"25565","key":"justarrivednew","parent_tag_id":null,"product_display_order":15,"value":"justarrivednew"},{"id":"12950","key":"çok-satan-erkek-bakim-tiraş-ürünleri̇","parent_tag_id":"1609","product_display_order":0,"value":"ÇOK SATAN ERKEK BAKIM & TIRAŞ ÜRÜNLERİ"},{"id":"12824","key":"özel-bakim","parent_tag_id":"1625","product_display_order":0,"value":"ÖZEL BAKIM"},{"id":"27168","key":"day1flashsale","parent_tag_id":"1590","product_display_order":0,"value":"Day1FlashSale"},{"id":"4323","key":"yeni̇-ürünler","parent_tag_id":null,"product_display_order":53,"value":"YENİ ÜRÜNLER"},{"id":"19288","key":"sale","parent_tag_id":"1590","product_display_order":0,"value":"sale"}]},"usage":[{"content":null,"label":"PRODUCT USAGE","type":"product_usage"},{"content":null,"label":"HOW DOES IT WORK","type":"how_does_it_work"},{"content":"Tüm Cilt Tipleri (1,2,3,4)","label":"WHO IT IS FOR","type":"who_it_is_for"},{"content":null,"label":"GREAT TO KNOW","type":"great_to_know"},{"content":"Auto-Replenishing Lipid-Sphere Teknolojisini kullanarak hassas göz bölgesini 96 saat nemlendirir.<br><br><b>Temel İçerikler</b><br>Nemi çeken güçlü nemlendirici içerikler ile iç içe geçmiş görünmez esnek polimerler; nemi ciltte bir mıknatıs gibi tutar ve nemin ciltten buharlaşmasını önler. Cildin her katmanını neme doyurmak için nemi sürekli olarak yenilemeye yardımcı olur.<br><br><b>Nasıl Kullanılır?</b><br><ul><li>Günlük nemlendirme için ürünü uygulamadan önce lipit küreleri parmak uçlarınız ile bastırarak kırın ve içeriği aktive edin.Hiyalüronik Asit, göz çevresindeki şişkinliğin azalmasına yardımcı olur.</li><li>Anında aydınlık ve canlı bir görünüm için masaj yaparak uygulamak; göz altı torbalarının azalmasına yardımcı olur.</li><li>Canlandırı göz maskesi etkisi için parmaklarınız ile göz altı & kaş kemiğine uygulayın, 3 dakika bekleyin, fazlalığı masaj ile yedirin.</li></ul>","label":"WHAT_IT_DOES","type":"what_it_does"},{"content":"Yenileyici Lipit-Küre Teknolojisi’nin nemi çeken gücü ile; ince göz çevresini yeniden doldurur & yeniden yapılandırır. Gözler daha genç, pürüzsüz ve nemli görünüm kazanır. Dolgunlaştırıcı nemlendirme ve cilde anında aydınlık görünüm sağlayan etki ile; göz çevresinin görünümünü anında iyileştirir. Yorgun görünümlü gözleri yatıştırmaya yardımcı olur","label":"WHAT_IT_IS","type":"what_it_is"}],"objectID":"67952"},{"benefit":{"statement":null,"benefits":null},"brand":null,"collection":[{"key":"clinique-smart-collection","value":"clinique_smart_collection"}],"coverage":null,"cross_sell":null,"default_category":{"id":"1687","key":"yüz-nemlendi̇ri̇ci̇"},"description":"<P><STRONG>Smart Clinical MD Yaşlanma Karşıtı ve Sıkılaştırıcı Bakım Kremi &nbsp;ML</STRONG></P><P>Sarkma ve elastikiyet kaybı endişeniz için yeni Smart MD ile tanışın! Sıkılaştırır + yüz hatlarını belirginleştirmeye yardımcı olur. Boyun, çene ve çene çizgisi gibi alanları gözle görülür şekilde yeniden yapılandırmaya ve şekillendirmeye yardımcı olur.</P><P><STRONG>İçindekiler:</STRONG></P><P>Jel krem yapısı; gelişmiş peptidler ile yüz morfolojisini yenilemeye ve cildin genç görünümünü yeniden kazanmasına yardımcı olur.</P><P>Tatlı Badem Çekirdeği Ekstresi gibi polimerlerin karışımı ile; ciltte anında toparlanma hissi sağlar ve zamanla yüz hatlarını gözle görülür şekilde yeniden şekillendirmeye yardımcı olur.</P><P>Morpho Teknolojisi ile çizgi & kırışıklıkların görünümünü en aza indirmek için yaşlanma karşıtı peptidleri kullanır hücre yenilenmesini destekler. Enerji verir & cildin genç görünümünü yeniden kazanmasına yardımcı olur.</P><P>&nbsp;</P>","display_mode":null,"display_name":"Smart Clinical MD Yaşlanma Karşıtı ve Sıkılaştırıcı Bakım Kremi","display_status":7,"finish":null,"form":[{"key":"cream-form","value":"cream_form"}],"formula_type":null,"fragrance_family":null,"indexable_keywords":null,"is_hazmat":false,"is_product_coming_soon":null,"is_product_displayable":true,"is_product_searchable":true,"is_product_shoppable":false,"is_product_sold_out":null,"is_product_temporarily_out_of_stock":null,"is_search_suppressed":null,"key_ingredient":null,"media":{"large":[{"alt":"Smart Clinical MD Yaşlanma Karşıtı ve Sıkılaştırıcı Bakım Kremi","height":1200,"position":0,"src":"/media/export/cms/products/1200x1500/cl_prod_67955_1200x1500_0.png","type":"image","width":1500},{"alt":"Smart Clinical MD Yaşlanma Karşıtı ve Sıkılaştırıcı Bakım Kremi","height":1200,"position":1,"src":"/media/export/cms/products/1200x1500/cl_prod_67955_1200x1500_1.png","type":"image","width":1500}],"medium":null,"poster":null,"small":[{"alt":"Smart Clinical MD Yaşlanma Karşıtı ve Sıkılaştırıcı Bakım Kremi","height":1200,"position":2,"src":"/media/export/cms/products/1200x1500/cl_prod_67955_1200x1500_0.png","type":"image","width":1500},{"alt":"Smart Clinical MD Yaşlanma Karşıtı ve Sıkılaştırıcı Bakım Kremi","height":1200,"position":3,"src":"/media/export/cms/products/1200x1500/cl_prod_67955_1200x1500_1.png","type":"image","width":1500}],"videos":[{"position":null,"poster":{"height":null,"src":null,"width":null},"provider":null,"src":null},{"position":null,"poster":{"height":null,"src":null,"width":null},"provider":null,"src":null},{"position":null,"poster":{"height":null,"src":null,"width":null},"provider":null,"src":null}],"xl":null},"meta":{"description":null,"keywords":null},"parent_category":[{"id":"1687","value":"YÜZ NEMLENDİRİCİ"},{"id":"1667","value":"CİLT BAKIMI"}],"product_badge":null,"product_id":"67955","product_title_tag":null,"product_type":"Sized","product_url":"/product/1687/67955/cilt-bakimi/yuz-nemlendirici/smart-clinical-md-yaslanma-karst-ve-sklastrc-bakm-kremi","reviews":{"average_rating":null,"number_of_questions":null,"number_of_reviews":null},"shade_groups":null,"short_description":"Smart Clinical MD Yaşlanma Karşıtı ve Dolgunlaştırıcı Bakım Kremi 50 ML Kırışıklık ve hacim kaybı için Yeni Smart MD ile tanışın!","skin":{"concern":[{"key":"anti-aging-concern","value":"anti_aging_concern"},{"key":"sagging-concern","value":"sagging_concern"}]},"skin_goal":null,"skus":{"total":1,"items":[{"color_family":null,"coverage_options":null,"cross_sell":null,"display_status":7,"finish":null,"finish_options":null,"fragrances":[{"family":null,"key":null,"value":null}],"iln_listing":null,"iln_version_number":null,"inventory_status":"Sold Out","is_active":null,"is_coming_soon":null,"is_default_sku":true,"is_discountable":true,"is_displayable":null,"is_engravable":null,"is_fragrance":null,"is_giftable":null,"is_giftwrap":false,"is_inactive":null,"is_multi_shaded":null,"is_out_of_stock":null,"is_preorder":false,"is_preorderable":null,"is_promotional":null,"is_replenishable":false,"is_search_suppressed":null,"is_searchable":true,"is_shaded":null,"is_sized":null,"is_sold_out":true,"is_under_weight_hazmat":false,"is_vto_enabled":null,"life_of_product":"Limited life","material_code":"KHF2010000","media":{"large":[{"alt":"Smart Clinical MD Yaşlanma Karşıtı ve Sıkılaştırıcı Bakım Kremi","height":1200,"position":0,"src":"/media/export/cms/products/1200x1500/cl_sku_KHF201_1200x1500_0.png","type":"image","width":1500}],"medium":[{"alt":"Smart Clinical MD Yaşlanma Karşıtı ve Sıkılaştırıcı Bakım Kremi","height":600,"position":1,"src":"/media/export/cms/products/600x750/cl_sku_KHF201_600x750_0.png","type":"image","width":750},{"alt":"Smart Clinical MD Yaşlanma Karşıtı ve Sıkılaştırıcı Bakım Kremi","height":600,"position":2,"src":"/media/export/cms/products/600x750/cl_sku_KHF201_600x750_1.png","type":"image","width":750}],"model":null,"poster":null,"small":[{"alt":"Smart Clinical MD Yaşlanma Karşıtı ve Sıkılaştırıcı Bakım Kremi","height":1200,"position":3,"src":"/media/export/cms/products/1200x1500/cl_sku_KHF201_1200x1500_0.png","type":"image","width":1500}],"smoosh":null,"xl":null},"out_of_stock_threshold":null,"perlgem":{"SKU_BASE_ID":106290},"preorder_date":null,"prices":[{"currency":"TRY","exclude_tax":{"original_price":719,"original_price_formatted":"719.00 TL","price":719,"price_formatted":"719.00 TL","price_per_unit":null,"price_per_unit_formatted":""},"include_tax":{"original_price":719,"original_price_formatted":"719.00 TL","price":719,"price_formatted":"719.00 TL","price_per_unit":null,"price_per_unit_formatted":""},"is_discounted":false}],"purchase_limit":null,"replenishment":{"message":null},"reviews":{"average_rating":null,"number_of_questions":null,"number_of_reviews":null},"set_components":null,"shade_groups":null,"shades":null,"sizes":[{"key":1,"value":"50 ml"}],"skin":{"tone":null,"type":[{"key":"very-dry-skintype","value":"very_dry_skintype"},{"key":"dry-skintype","value":"dry_skintype"},{"key":"combination-skintype","value":"combination_skintype"},{"key":"oily-skintype","value":"oily_skintype"}],"type_description":null},"sku_badge":null,"sku_badge_image":null,"sku_display_order":0,"sku_id":"KHF201","sku_promo_messaging":null,"sku_type":"SE","sku_url":null,"tags":{"total":14,"items":[{"id":"1676","key":"724-onarım","value":"7/24 Onarım"},{"id":"25565","key":"justarrivednew","value":"justarrivednew"},{"id":"27168","key":"day1flashsale","value":"Day1FlashSale"},{"id":"1585","key":"hediye-merkezi","value":"Hediye Merkezi"},{"id":"1628","key":"-evde-bakim","value":"# EVDE BAKIM"},{"id":"1687","key":"yüz-nemlendi̇ri̇ci̇","value":"YÜZ NEMLENDİRİCİ"},{"id":"27172","key":"day5flashsale","value":"Day5FlashSale"},{"id":"1667","key":"ci̇lt-bakimi","value":"CİLT BAKIMI"},{"id":"8388","key":"nem","value":"nem"},{"id":"16320","key":"clinique-smart","value":"Clinique Smart"},{"id":"13051","key":"skin-care-best-sellers","value":"Skin Care Best Sellers"},{"id":"4323","key":"yeni̇-ürünler","value":"YENİ ÜRÜNLER"},{"id":"27174","key":"day7flashsale","value":"Day7FlashSale"},{"id":"1674","key":"yaşlanma-karşıtı-bakım","value":"Yaşlanma Karşıtı Bakım"}]},"texture":null,"undertone":null,"unit_of_measure":null,"unit_size":null,"unit_size_formatted":null,"upc":"020714985417","vto":{"is_color_experience":null,"is_foundation_experience":null}}]},"sub_display_name":null,"sub_header":null,"tags":{"total":14,"items":[{"id":"1676","key":"724-onarım","parent_tag_id":"1674","product_display_order":0,"value":"7/24 Onarım"},{"id":"25565","key":"justarrivednew","parent_tag_id":null,"product_display_order":3,"value":"justarrivednew"},{"id":"27168","key":"day1flashsale","parent_tag_id":"1590","product_display_order":0,"value":"Day1FlashSale"},{"id":"1585","key":"hediye-merkezi","parent_tag_id":null,"product_display_order":0,"value":"Hediye Merkezi"},{"id":"1628","key":"-evde-bakim","parent_tag_id":null,"product_display_order":598,"value":"# EVDE BAKIM"},{"id":"1687","key":"yüz-nemlendi̇ri̇ci̇","parent_tag_id":"1667","product_display_order":76,"value":"YÜZ NEMLENDİRİCİ"},{"id":"27172","key":"day5flashsale","parent_tag_id":"1590","product_display_order":7,"value":"Day5FlashSale"},{"id":"1667","key":"ci̇lt-bakimi","parent_tag_id":null,"product_display_order":0,"value":"CİLT BAKIMI"},{"id":"8388","key":"nem","parent_tag_id":"1667","product_display_order":0,"value":"nem"},{"id":"16320","key":"clinique-smart","parent_tag_id":"1667","product_display_order":0,"value":"Clinique Smart"},{"id":"13051","key":"skin-care-best-sellers","parent_tag_id":"1667","product_display_order":7,"value":"Skin Care Best Sellers"},{"id":"4323","key":"yeni̇-ürünler","parent_tag_id":null,"product_display_order":4,"value":"YENİ ÜRÜNLER"},{"id":"27174","key":"day7flashsale","parent_tag_id":"1590","product_display_order":0,"value":"Day7FlashSale"},{"id":"1674","key":"yaşlanma-karşıtı-bakım","parent_tag_id":"1667","product_display_order":0,"value":"Yaşlanma Karşıtı Bakım"}]},"usage":[{"content":null,"label":"PRODUCT USAGE","type":"product_usage"},{"content":null,"label":"HOW DOES IT WORK","type":"how_does_it_work"},{"content":"Tüm Cilt Tipleri (1,2,3,4)","label":"WHO IT IS FOR","type":"who_it_is_for"},{"content":null,"label":"GREAT TO KNOW","type":"great_to_know"},{"content":"Gözle görülür şekilde sıkılaştırılmış, kaldırılmış ve konturlanmış bir cilt yaratmaya yardımcı olur.Morpho Teknolojisi ve Custom Repair tedavi özelliği ile, tatlı badem çekirdeği özü ve soya fasülyesi çekirdeği özü içerikleri yaşlanma karşıtı formülü gözle görülür şekilde çizgi ve kırışıklıkları ve eşit olmayan cilt tonunu azaltmaya yardımcı olur.<br><br><b>Temel İçerikler</b><br><li>Lizofosfatitik Asit (LPA) bakımından zengin olan Soya Fasülyesi Çekirdeği Özü, cildin gerginleşmesine ve sıkılaşmasına yardımcı olur.</li><li>Tatlı Badem Çekirdeği Özü:cildin yüzeyinde çizgilerin ve kırışıklıkların anında bulanıklaşması ve azalmasına yardımcı olur.</li><li>Whey Proteini: Amino asitler yönünden zengindir, cildin doğal kolajen seviyesini arttırır, daha canlı ve dayanıklı bir cilt görünümü sağlar.</li><br><b>Nasıl Kullanılır</b><br><ul><li>Farklı endişeler için, sıkılaştırıcı formülü kontür yapmak istediğiniz ve gerginleştirmek istediğiniz bölgelere uygulayınız, dolgunlaştırıcı formülü ise dolgunlaştırmak istediğiniz bölgelere uygulayabilirsiniz.</li> <li>Smart MD Duo yu kullanarak ikisi bir arada etkiyi deneyebilirsiniz.</li></ul>","label":"WHAT_IT_DOES","type":"what_it_does"},{"content":"Cildi dolgunlaştırır + derin çizgi ve kırışıklık görünümünü azaltmaya yardımcı olur.İçindekiler:Yoğun krem yapısı ile; cilt yapısını iyileştirmeye ve cilde kaybettiği hacmi geri kazandırmaya yardımcı olur.","label":"WHAT_IT_IS","type":"what_it_is"}],"objectID":"67955"},{"benefit":{"statement":null,"benefits":null},"brand":null,"collection":[{"key":"clinique-smart-collection","value":"clinique_smart_collection"}],"coverage":null,"cross_sell":null,"default_category":{"id":"1687","key":"yüz-nemlendi̇ri̇ci̇"},"description":"<P><STRONG>Smart Clinical&nbsp; MD Yaşlanma Karşıtı ve Dolgunlaştırıcı Bakım Kremi 50 ML</STRONG>&nbsp;&nbsp; </P><P>Kırışıklık ve hacim kaybı için Yeni Smart MD ile tanışın! Cildi dolgunlaştırır + derin çizgi ve kırışıklık görünümünü azaltmaya yardımcı olur.</P><P><STRONG>İçindekiler:</STRONG></P><P>Yoğun krem yapısı ile; cilt yapısını iyileştirmeye ve cilde kaybettiği hacmi geri kazandırmaya yardımcı olur. Cilde daha dolgun bir görünüm kazandırmak ve anında uzun süreli hacim kazandırmak için 3 farklı moleküler ağırlıktaki Hyalüronik Asit içerir. Hyalüronik Asit'in farklı moleküler ağırlıkları; cildin farklı katmanlarına nüfuz etmesini sağlar--cildin her katmanına dolgunluk sağlamaya yardımcı olur. </P><P>Morpho Teknolojisi ile çizgi & kırışıklıkların görünümünü en aza indirmek için yaşlanma karşıtı peptidleri kullanır ve hücre yenilenmesini destekler. Enerji verir & cildin genç görünümünü yeniden kazanmasına yardımcı olur.</P>","display_mode":null,"display_name":"Smart Clinical MD Sıkılaştırıcı ve Dolgunlaştırıcı Nemlendirici","display_status":7,"finish":null,"form":[{"key":"cream-form","value":"cream_form"}],"formula_type":null,"fragrance_family":null,"indexable_keywords":null,"is_hazmat":false,"is_product_coming_soon":null,"is_product_displayable":true,"is_product_searchable":true,"is_product_shoppable":false,"is_product_sold_out":null,"is_product_temporarily_out_of_stock":null,"is_search_suppressed":null,"key_ingredient":null,"media":{"large":[{"alt":"Smart Clinical MD Sıkılaştırıcı ve Dolgunlaştırıcı Nemlendirici","height":1200,"position":0,"src":"/media/export/cms/products/1200x1500/cl_prod_67982_1200x1500_0.png","type":"image","width":1500},{"alt":"Smart Clinical MD Sıkılaştırıcı ve Dolgunlaştırıcı Nemlendirici","height":1200,"position":1,"src":"/media/export/cms/products/1200x1500/cl_prod_67982_1200x1500_1.png","type":"image","width":1500}],"medium":null,"poster":null,"small":[{"alt":"Smart Clinical MD Sıkılaştırıcı ve Dolgunlaştırıcı Nemlendirici","height":1200,"position":2,"src":"/media/export/cms/products/1200x1500/cl_prod_67982_1200x1500_0.png","type":"image","width":1500},{"alt":"Smart Clinical MD Sıkılaştırıcı ve Dolgunlaştırıcı Nemlendirici","height":1200,"position":3,"src":"/media/export/cms/products/1200x1500/cl_prod_67982_1200x1500_1.png","type":"image","width":1500}],"videos":[{"position":null,"poster":{"height":null,"src":null,"width":null},"provider":null,"src":null},{"position":null,"poster":{"height":null,"src":null,"width":null},"provider":null,"src":null},{"position":null,"poster":{"height":null,"src":null,"width":null},"provider":null,"src":null}],"xl":null},"meta":{"description":null,"keywords":null},"parent_category":[{"id":"1687","value":"YÜZ NEMLENDİRİCİ"},{"id":"1667","value":"CİLT BAKIMI"}],"product_badge":null,"product_id":"67982","product_title_tag":null,"product_type":"Sized","product_url":"/product/1687/67982/cilt-bakimi/yuz-nemlendirici/smart-clinical-md-sklastrc-ve-dolgunlastrc-nemlendirici","reviews":{"average_rating":null,"number_of_questions":null,"number_of_reviews":null},"shade_groups":null,"short_description":"Smart Clinical MD Yaşlanma Karşıtı ve Sıkılaştırıcı Bakım Kremi 50 MLSarkma ve elastikiyet kaybı endişeniz için yeni Smart MD ile tanışın! Sıkılaştırır + yüz hatlarını belirginleştirmeye yardımcı olur","skin":{"concern":[{"key":"anti-aging-concern","value":"anti_aging_concern"},{"key":"sagging-concern","value":"sagging_concern"}]},"skin_goal":null,"skus":{"total":1,"items":[{"color_family":null,"coverage_options":null,"cross_sell":null,"display_status":7,"finish":null,"finish_options":null,"fragrances":[{"family":null,"key":null,"value":null}],"iln_listing":null,"iln_version_number":null,"inventory_status":"Sold Out","is_active":null,"is_coming_soon":null,"is_default_sku":true,"is_discountable":true,"is_displayable":null,"is_engravable":null,"is_fragrance":null,"is_giftable":null,"is_giftwrap":false,"is_inactive":null,"is_multi_shaded":null,"is_out_of_stock":null,"is_preorder":false,"is_preorderable":null,"is_promotional":null,"is_replenishable":false,"is_search_suppressed":null,"is_searchable":true,"is_shaded":null,"is_sized":null,"is_sold_out":true,"is_under_weight_hazmat":false,"is_vto_enabled":null,"life_of_product":"Limited life","material_code":"KHEY010000","media":{"large":[{"alt":"Smart Clinical MD Sıkılaştırıcı ve Dolgunlaştırıcı Nemlendirici","height":1200,"position":0,"src":"/media/export/cms/products/1200x1500/cl_sku_KHEY01_1200x1500_0.png","type":"image","width":1500}],"medium":[{"alt":"Smart Clinical MD Sıkılaştırıcı ve Dolgunlaştırıcı Nemlendirici","height":600,"position":1,"src":"/media/export/cms/products/600x750/cl_sku_KHEY01_600x750_0.png","type":"image","width":750},{"alt":"Smart Clinical MD Sıkılaştırıcı ve Dolgunlaştırıcı Nemlendirici","height":600,"position":2,"src":"/media/export/cms/products/600x750/cl_sku_KHEY01_600x750_1.png","type":"image","width":750}],"model":null,"poster":null,"small":[{"alt":"Smart Clinical MD Sıkılaştırıcı ve Dolgunlaştırıcı Nemlendirici","height":1200,"position":3,"src":"/media/export/cms/products/1200x1500/cl_sku_KHEY01_1200x1500_0.png","type":"image","width":1500}],"smoosh":null,"xl":null},"out_of_stock_threshold":null,"perlgem":{"SKU_BASE_ID":106317},"preorder_date":null,"prices":[{"currency":"TRY","exclude_tax":{"original_price":719,"original_price_formatted":"719.00 TL","price":719,"price_formatted":"719.00 TL","price_per_unit":null,"price_per_unit_formatted":""},"include_tax":{"original_price":719,"original_price_formatted":"719.00 TL","price":719,"price_formatted":"719.00 TL","price_per_unit":null,"price_per_unit_formatted":""},"is_discounted":false}],"purchase_limit":null,"replenishment":{"message":null},"reviews":{"average_rating":null,"number_of_questions":null,"number_of_reviews":null},"set_components":null,"shade_groups":null,"shades":null,"sizes":[{"key":1,"value":"50 ml"}],"skin":{"tone":null,"type":[{"key":"very-dry-skintype","value":"very_dry_skintype"},{"key":"dry-skintype","value":"dry_skintype"},{"key":"combination-skintype","value":"combination_skintype"},{"key":"oily-skintype","value":"oily_skintype"}],"type_description":null},"sku_badge":null,"sku_badge_image":null,"sku_display_order":0,"sku_id":"KHEY01","sku_promo_messaging":null,"sku_type":"SE","sku_url":null,"tags":{"total":15,"items":[{"id":"1676","key":"724-onarım","value":"7/24 Onarım"},{"id":"1667","key":"ci̇lt-bakimi","value":"CİLT BAKIMI"},{"id":"1628","key":"-evde-bakim","value":"# EVDE BAKIM"},{"id":"13770","key":"recommended-clinique-favourites","value":"Recommended Clinique Favourites"},{"id":"1674","key":"yaşlanma-karşıtı-bakım","value":"Yaşlanma Karşıtı Bakım"},{"id":"16320","key":"clinique-smart","value":"Clinique Smart"},{"id":"25565","key":"justarrivednew","value":"justarrivednew"},{"id":"27168","key":"day1flashsale","value":"Day1FlashSale"},{"id":"8388","key":"nem","value":"nem"},{"id":"4323","key":"yeni̇-ürünler","value":"YENİ ÜRÜNLER"},{"id":"27174","key":"day7flashsale","value":"Day7FlashSale"},{"id":"27172","key":"day5flashsale","value":"Day5FlashSale"},{"id":"13051","key":"skin-care-best-sellers","value":"Skin Care Best Sellers"},{"id":"1687","key":"yüz-nemlendi̇ri̇ci̇","value":"YÜZ NEMLENDİRİCİ"},{"id":"1585","key":"hediye-merkezi","value":"Hediye Merkezi"}]},"texture":null,"undertone":null,"unit_of_measure":null,"unit_size":null,"unit_size_formatted":null,"upc":"020714985387","vto":{"is_color_experience":null,"is_foundation_experience":null}}]},"sub_display_name":null,"sub_header":null,"tags":{"total":15,"items":[{"id":"1676","key":"724-onarım","parent_tag_id":"1674","product_display_order":0,"value":"7/24 Onarım"},{"id":"1667","key":"ci̇lt-bakimi","parent_tag_id":null,"product_display_order":0,"value":"CİLT BAKIMI"},{"id":"1628","key":"-evde-bakim","parent_tag_id":null,"product_display_order":154,"value":"# EVDE BAKIM"},{"id":"13770","key":"recommended-clinique-favourites","parent_tag_id":null,"product_display_order":0,"value":"Recommended Clinique Favourites"},{"id":"1674","key":"yaşlanma-karşıtı-bakım","parent_tag_id":"1667","product_display_order":0,"value":"Yaşlanma Karşıtı Bakım"},{"id":"16320","key":"clinique-smart","parent_tag_id":"1667","product_display_order":0,"value":"Clinique Smart"},{"id":"25565","key":"justarrivednew","parent_tag_id":null,"product_display_order":2,"value":"justarrivednew"},{"id":"27168","key":"day1flashsale","parent_tag_id":"1590","product_display_order":0,"value":"Day1FlashSale"},{"id":"8388","key":"nem","parent_tag_id":"1667","product_display_order":0,"value":"nem"},{"id":"4323","key":"yeni̇-ürünler","parent_tag_id":null,"product_display_order":3,"value":"YENİ ÜRÜNLER"},{"id":"27174","key":"day7flashsale","parent_tag_id":"1590","product_display_order":0,"value":"Day7FlashSale"},{"id":"27172","key":"day5flashsale","parent_tag_id":"1590","product_display_order":6,"value":"Day5FlashSale"},{"id":"13051","key":"skin-care-best-sellers","parent_tag_id":"1667","product_display_order":8,"value":"Skin Care Best Sellers"},{"id":"1687","key":"yüz-nemlendi̇ri̇ci̇","parent_tag_id":"1667","product_display_order":63,"value":"YÜZ NEMLENDİRİCİ"},{"id":"1585","key":"hediye-merkezi","parent_tag_id":null,"product_display_order":0,"value":"Hediye Merkezi"}]},"usage":[{"content":null,"label":"PRODUCT USAGE","type":"product_usage"},{"content":null,"label":"HOW DOES IT WORK","type":"how_does_it_work"},{"content":"Tüm Cilt Tipleri (1,2,3,4)","label":"WHO IT IS FOR","type":"who_it_is_for"},{"content":null,"label":"GREAT TO KNOW","type":"great_to_know"},{"content":"3 farklı molekül ağırlığı içeren Hyalüronik Asit daha dolgun bir cilt görünümü kazanmak için yardımcı olur. Morpho Teknolojisi ve Custom Repair tedavi özelliği ile, yaşlanma karşıtı formülü gözle görülür şekilde çizgi ve kırışıklıkları ve eşit olmayan cilt tonunu azaltmaya yardımcı olur<br><br><b>Temel İçerikler</b><br><li>Hyalüronik Asit: sağlıklı ve genç bir cilt için nemlendirme en önemli etkendir.Efektif formülü cildi neme doyurur ve daha genç bir görünüm kazanmasına yardımcı olur, hyalüronik asit formülü kendinden 1.000 kat ağırlığındaki nemi hapseder.</li><li>Soya Fasülyesi Proteini: Bitki kaynaklı bu birleşen cildin sıkılaşmasına ve gerginleşmesine yardımcı olur ve çizgileri doldurur.</li><li>Maya Ekstresi: cildin nemi tutmasına ve çizgileri en aza indirip pürüzsüz bir görünüm elde etmesine yardımcı olur.</li><br><b>Nasıl Kullanılır</b><br><ul><li>Sıkılaşmış ve dolgunlaşmış bir cilt için tüm yüz, boyun ve dekolte bölgesine uygulayabilirsiniz.</li> <li>Aynı zamanda kontür ve gergin bir cilt etkisi için Clinique Smart MD Duo'yu kullanabilirsiniz.</li></ul>","label":"WHAT_IT_DOES","type":"what_it_does"},{"content":"Sarkma ve elastikiyet kaybı endişeniz için yeni Smart MD ile tanışın! Sıkılaştırır + yüz hatlarını belirginleştirmeye yardımcı olur. Boyun, çene ve çene çizgisi gibi alanları gözle görülür şekilde yeniden yapılandırmaya ve şekillendirmeye yardımcı olur.İçindekiler:Jel krem yapısı; gelişmiş peptidler ile yüz morfolojisini yenilemeye ve cildin genç görünümünü yeniden kazanmasına yardımcı olur.","label":"WHAT_IT_IS","type":"what_it_is"}],"objectID":"67982"},{"benefit":{"statement":null,"benefits":[{"key":"brightening-benefit","value":"brightening_benefit"}]},"brand":null,"collection":[{"key":"even-better-collection","value":"even_better_collection"}],"coverage":null,"cross_sell":null,"default_category":{"id":"4034","key":"yüz-serumlari"},"description":"Clinique'in ilk radikal koyu leke serumu. Ciltteki lekeleri önler ve varolan lekelerin renginin açılmasına yardımcı olur. Koyu lekeleri ve akne lekelerini azaltır. Cildin netliğini arttırır.Nazik ve güçlü aydınlatıcı molekülümüzün iki katına sahip; yeni ve geliştirilmiş ürün formülü ile lekelere karşı savaşır.","display_mode":null,"display_name":"Even Better Clinical™ Radical Koyu Leke Serumu","display_status":7,"finish":null,"form":[{"key":"serum-form","value":"serum_form"}],"formula_type":null,"fragrance_family":null,"indexable_keywords":null,"is_hazmat":false,"is_product_coming_soon":null,"is_product_displayable":true,"is_product_searchable":true,"is_product_shoppable":true,"is_product_sold_out":null,"is_product_temporarily_out_of_stock":null,"is_search_suppressed":null,"key_ingredient":null,"media":{"large":[{"alt":"Even Better Clinical™ Radical Koyu Leke Serumu","height":1200,"position":0,"src":"/media/export/cms/products/1200x1500/cl_prod_68008_1200x1500_0.png","type":"image","width":1500},{"alt":"Even Better Clinical™ Radical Koyu Leke Serumu","height":1200,"position":1,"src":"/media/export/cms/products/1200x1500/cl_prod_68008_1200x1500_1.png","type":"image","width":1500},{"alt":"Even Better Clinical™ Radical Koyu Leke Serumu","height":1200,"position":2,"src":"/media/export/cms/products/1200x1500/cl_prod_68008_1200x1500_2.png","type":"image","width":1500}],"medium":null,"poster":null,"small":[{"alt":"Even Better Clinical™ Radical Koyu Leke Serumu","height":1200,"position":3,"src":"/media/export/cms/products/1200x1500/cl_prod_68008_1200x1500_0.png","type":"image","width":1500},{"alt":"Even Better Clinical™ Radical Koyu Leke Serumu","height":1200,"position":4,"src":"/media/export/cms/products/1200x1500/cl_prod_68008_1200x1500_1.png","type":"image","width":1500},{"alt":"Even Better Clinical™ Radical Koyu Leke Serumu","height":1200,"position":5,"src":"/media/export/cms/products/1200x1500/cl_prod_68008_1200x1500_2.png","type":"image","width":1500}],"videos":[{"position":null,"poster":{"height":null,"src":null,"width":null},"provider":null,"src":null},{"position":null,"poster":{"height":null,"src":null,"width":null},"provider":null,"src":null},{"position":null,"poster":{"height":null,"src":null,"width":null},"provider":null,"src":null}],"xl":null},"meta":{"description":null,"keywords":null},"parent_category":[{"id":"4034","value":"YÜZ SERUMLARI"},{"id":"1667","value":"CİLT BAKIMI"}],"product_badge":null,"product_id":"68008","product_title_tag":null,"product_type":"Sized","product_url":"/product/4034/68008/cilt-bakimi/yuz-serumlari/even-better-clinicaltm-radical-koyu-leke-serumu","reviews":{"average_rating":null,"number_of_questions":null,"number_of_reviews":null},"shade_groups":null,"short_description":null,"skin":{"concern":[{"key":"acne-concern","value":"acne_concern"},{"key":"dark-spots-concern","value":"dark_spots_concern"},{"key":"dullness-concern","value":"dullness_concern"},{"key":"unevenskintone-concern","value":"unevenskintone_concern"}]},"skin_goal":null,"skus":{"total":3,"items":[{"color_family":null,"coverage_options":null,"cross_sell":null,"display_status":7,"finish":null,"finish_options":null,"fragrances":[{"family":null,"key":null,"value":null}],"iln_listing":null,"iln_version_number":null,"inventory_status":"Active","is_active":true,"is_coming_soon":null,"is_default_sku":false,"is_discountable":true,"is_displayable":null,"is_engravable":null,"is_fragrance":null,"is_giftable":null,"is_giftwrap":true,"is_inactive":null,"is_multi_shaded":null,"is_out_of_stock":null,"is_preorder":false,"is_preorderable":null,"is_promotional":null,"is_replenishable":true,"is_search_suppressed":null,"is_searchable":true,"is_shaded":null,"is_sized":null,"is_sold_out":null,"is_under_weight_hazmat":false,"is_vto_enabled":null,"life_of_product":"Basic Reorder","material_code":"KN0Y010000","media":{"large":[{"alt":"Even Better Clinical™ Radical Koyu Leke Serumu","height":1200,"position":0,"src":"/media/export/cms/products/1200x1500/cl_sku_KN0Y01_1200x1500_0.png","type":"image","width":1500}],"medium":[{"alt":"Even Better Clinical™ Radical Koyu Leke Serumu","height":600,"position":1,"src":"/media/export/cms/products/600x750/cl_sku_KN0Y01_600x750_0.png","type":"image","width":750}],"model":null,"poster":null,"small":[{"alt":"Even Better Clinical™ Radical Koyu Leke Serumu","height":1200,"position":2,"src":"/media/export/cms/products/1200x1500/cl_sku_KN0Y01_1200x1500_0.png","type":"image","width":1500}],"smoosh":null,"xl":null},"out_of_stock_threshold":null,"perlgem":{"SKU_BASE_ID":111540},"preorder_date":null,"prices":[{"currency":"TRY","exclude_tax":{"original_price":839,"original_price_formatted":"839.00 TL","price":839,"price_formatted":"839.00 TL","price_per_unit":null,"price_per_unit_formatted":""},"include_tax":{"original_price":839,"original_price_formatted":"839.00 TL","price":839,"price_formatted":"839.00 TL","price_per_unit":null,"price_per_unit_formatted":""},"is_discounted":false}],"purchase_limit":null,"replenishment":{"message":null},"reviews":{"average_rating":null,"number_of_questions":null,"number_of_reviews":null},"set_components":null,"shade_groups":null,"shades":null,"sizes":[{"key":1,"value":"50 ml"}],"skin":{"tone":null,"type":null,"type_description":null},"sku_badge":null,"sku_badge_image":null,"sku_display_order":0,"sku_id":"KN0Y01","sku_promo_messaging":null,"sku_type":"SE","sku_url":null,"tags":{"total":10,"items":[{"id":"4323","key":"yeni̇-ürünler","value":"YENİ ÜRÜNLER"},{"id":"1693","key":"lekeler","value":"Lekeler"},{"id":"1667","key":"ci̇lt-bakimi","value":"CİLT BAKIMI"},{"id":"4034","key":"yüz-serumlari","value":"YÜZ SERUMLARI"},{"id":"1585","key":"hediye-merkezi","value":"Hediye Merkezi"},{"id":"13051","key":"skin-care-best-sellers","value":"Skin Care Best Sellers"},{"id":"17859","key":"çok-satanlar","value":"ÇOK SATANLAR"},{"id":"1628","key":"-evde-bakim","value":"# EVDE BAKIM"},{"id":"1575","key":"en-çok-satanlar","value":"En Çok Satanlar"},{"id":"1685","key":"hedi̇yeler-setler","value":"HEDİYELER & SETLER"}]},"texture":null,"undertone":null,"unit_of_measure":null,"unit_size":null,"unit_size_formatted":null,"upc":"192333027226","vto":{"is_color_experience":null,"is_foundation_experience":null}},{"color_family":null,"coverage_options":null,"cross_sell":null,"display_status":7,"finish":null,"finish_options":null,"fragrances":[{"family":null,"key":null,"value":null}],"iln_listing":null,"iln_version_number":null,"inventory_status":"Active","is_active":true,"is_coming_soon":null,"is_default_sku":false,"is_discountable":true,"is_displayable":null,"is_engravable":null,"is_fragrance":null,"is_giftable":null,"is_giftwrap":true,"is_inactive":null,"is_multi_shaded":null,"is_out_of_stock":null,"is_preorder":false,"is_preorderable":null,"is_promotional":null,"is_replenishable":true,"is_search_suppressed":null,"is_searchable":true,"is_shaded":null,"is_sized":null,"is_sold_out":null,"is_under_weight_hazmat":false,"is_vto_enabled":null,"life_of_product":"Basic Reorder","material_code":"KN0X010000","media":{"large":[{"alt":"Even Better Clinical™ Radical Koyu Leke Serumu","height":1200,"position":0,"src":"/media/export/cms/products/1200x1500/cl_sku_KN0X01_1200x1500_0.png","type":"image","width":1500}],"medium":[{"alt":"Even Better Clinical™ Radical Koyu Leke Serumu","height":600,"position":1,"src":"/media/export/cms/products/600x750/cl_sku_KN0X01_600x750_0.png","type":"image","width":750}],"model":null,"poster":null,"small":[{"alt":"Even Better Clinical™ Radical Koyu Leke Serumu","height":1200,"position":2,"src":"/media/export/cms/products/1200x1500/cl_sku_KN0X01_1200x1500_0.png","type":"image","width":1500}],"smoosh":null,"xl":null},"out_of_stock_threshold":null,"perlgem":{"SKU_BASE_ID":111541},"preorder_date":null,"prices":[{"currency":"TRY","exclude_tax":{"original_price":549,"original_price_formatted":"549.00 TL","price":549,"price_formatted":"549.00 TL","price_per_unit":null,"price_per_unit_formatted":""},"include_tax":{"original_price":549,"original_price_formatted":"549.00 TL","price":549,"price_formatted":"549.00 TL","price_per_unit":null,"price_per_unit_formatted":""},"is_discounted":false}],"purchase_limit":null,"replenishment":{"message":null},"reviews":{"average_rating":null,"number_of_questions":null,"number_of_reviews":null},"set_components":null,"shade_groups":null,"shades":null,"sizes":[{"key":1,"value":"30 ml"}],"skin":{"tone":null,"type":null,"type_description":null},"sku_badge":null,"sku_badge_image":null,"sku_display_order":0,"sku_id":"KN0X01","sku_promo_messaging":null,"sku_type":"SE","sku_url":null,"tags":{"total":11,"items":[{"id":"4323","key":"yeni̇-ürünler","value":"YENİ ÜRÜNLER"},{"id":"1693","key":"lekeler","value":"Lekeler"},{"id":"1667","key":"ci̇lt-bakimi","value":"CİLT BAKIMI"},{"id":"4034","key":"yüz-serumlari","value":"YÜZ SERUMLARI"},{"id":"1585","key":"hediye-merkezi","value":"Hediye Merkezi"},{"id":"25565","key":"justarrivednew","value":"justarrivednew"},{"id":"13051","key":"skin-care-best-sellers","value":"Skin Care Best Sellers"},{"id":"17859","key":"çok-satanlar","value":"ÇOK SATANLAR"},{"id":"1628","key":"-evde-bakim","value":"# EVDE BAKIM"},{"id":"1575","key":"en-çok-satanlar","value":"En Çok Satanlar"},{"id":"1685","key":"hedi̇yeler-setler","value":"HEDİYELER & SETLER"}]},"texture":null,"undertone":null,"unit_of_measure":null,"unit_size":null,"unit_size_formatted":null,"upc":"192333027219","vto":{"is_color_experience":null,"is_foundation_experience":null}},{"color_family":null,"coverage_options":null,"cross_sell":null,"display_status":7,"finish":null,"finish_options":null,"fragrances":[{"family":null,"key":null,"value":null}],"iln_listing":null,"iln_version_number":null,"inventory_status":"Active","is_active":true,"is_coming_soon":null,"is_default_sku":false,"is_discountable":true,"is_displayable":null,"is_engravable":null,"is_fragrance":null,"is_giftable":null,"is_giftwrap":false,"is_inactive":null,"is_multi_shaded":null,"is_out_of_stock":null,"is_preorder":false,"is_preorderable":null,"is_promotional":null,"is_replenishable":false,"is_search_suppressed":null,"is_searchable":true,"is_shaded":null,"is_sized":null,"is_sold_out":null,"is_under_weight_hazmat":false,"is_vto_enabled":null,"life_of_product":"Limited life","material_code":"KN11010000","media":{"large":[{"alt":"Even Better Clinical™ Radical Koyu Leke Serumu","height":1200,"position":0,"src":"/media/export/cms/products/1200x1500/cl_sku_KN1101_1200x1500_0.png","type":"image","width":1500}],"medium":[{"alt":"Even Better Clinical™ Radical Koyu Leke Serumu","height":600,"position":1,"src":"/media/export/cms/products/600x750/cl_sku_KN1101_600x750_0.png","type":"image","width":750}],"model":null,"poster":null,"small":[{"alt":"Even Better Clinical™ Radical Koyu Leke Serumu","height":1200,"position":2,"src":"/media/export/cms/products/1200x1500/cl_sku_KN1101_1200x1500_0.png","type":"image","width":1500}],"smoosh":null,"xl":null},"out_of_stock_threshold":null,"perlgem":{"SKU_BASE_ID":106350},"preorder_date":null,"prices":[{"currency":"TRY","exclude_tax":{"original_price":1100,"original_price_formatted":"1100.00 TL","price":1100,"price_formatted":"1100.00 TL","price_per_unit":null,"price_per_unit_formatted":""},"include_tax":{"original_price":1100,"original_price_formatted":"1100.00 TL","price":1100,"price_formatted":"1100.00 TL","price_per_unit":null,"price_per_unit_formatted":""},"is_discounted":false}],"purchase_limit":null,"replenishment":{"message":null},"reviews":{"average_rating":null,"number_of_questions":null,"number_of_reviews":null},"set_components":null,"shade_groups":null,"shades":null,"sizes":[{"key":1,"value":"3.4 fl. oz. / 100 ml"}],"skin":{"tone":null,"type":null,"type_description":null},"sku_badge":null,"sku_badge_image":null,"sku_display_order":0,"sku_id":"KN1101","sku_promo_messaging":null,"sku_type":"SE","sku_url":null,"tags":{"total":3,"items":[{"id":"4323","key":"yeni̇-ürünler","value":"YENİ ÜRÜNLER"},{"id":"4034","key":"yüz-serumlari","value":"YÜZ SERUMLARI"},{"id":"1575","key":"en-çok-satanlar","value":"En Çok Satanlar"}]},"texture":null,"undertone":null,"unit_of_measure":null,"unit_size":null,"unit_size_formatted":null,"upc":"192333027240","vto":{"is_color_experience":null,"is_foundation_experience":null}}]},"sub_display_name":null,"sub_header":null,"tags":{"total":11,"items":[{"id":"4323","key":"yeni̇-ürünler","parent_tag_id":null,"product_display_order":0,"value":"YENİ ÜRÜNLER"},{"id":"1693","key":"lekeler","parent_tag_id":"1667","product_display_order":0,"value":"Lekeler"},{"id":"1667","key":"ci̇lt-bakimi","parent_tag_id":null,"product_display_order":0,"value":"CİLT BAKIMI"},{"id":"4034","key":"yüz-serumlari","parent_tag_id":"1667","product_display_order":0,"value":"YÜZ SERUMLARI"},{"id":"1585","key":"hediye-merkezi","parent_tag_id":null,"product_display_order":0,"value":"Hediye Merkezi"},{"id":"25565","key":"justarrivednew","parent_tag_id":null,"product_display_order":0,"value":"justarrivednew"},{"id":"13051","key":"skin-care-best-sellers","parent_tag_id":"1667","product_display_order":0,"value":"Skin Care Best Sellers"},{"id":"17859","key":"çok-satanlar","parent_tag_id":null,"product_display_order":19,"value":"ÇOK SATANLAR"},{"id":"1628","key":"-evde-bakim","parent_tag_id":null,"product_display_order":406,"value":"# EVDE BAKIM"},{"id":"1575","key":"en-çok-satanlar","parent_tag_id":null,"product_display_order":3,"value":"En Çok Satanlar"},{"id":"1685","key":"hedi̇yeler-setler","parent_tag_id":"1684","product_display_order":0,"value":"HEDİYELER & SETLER"}]},"usage":[{"content":"Günde 2 kez, sabah ve akşam uygulayın. Parmakuçlarınıza 1-2 pompa ürün alın. Tüm yüz ve boyuna uygulayın. Uygun, kişiye özel bir nemlendirici ile bakımınıza devam edin. En iyi sonuç için, her zaman güneş koruması kullanın.","label":"PRODUCT USAGE","type":"product_usage"},{"content":null,"label":"HOW DOES IT WORK","type":"how_does_it_work"},{"content":null,"label":"WHO IT IS FOR","type":"who_it_is_for"},{"content":null,"label":"GREAT TO KNOW","type":"great_to_know"},{"content":null,"label":"WHAT_IT_DOES","type":"what_it_does"},{"content":"Clinique'in ilk radikal koyu leke serumu. Ciltteki lekeleri önler ve varolan lekelerin renginin açılmasına yardımcı olur. Koyu lekeleri ve akne lekelerini azaltır. Cildin netliğini arttırır.Nazik ve güçlü aydınlatıcı molekülümüzün iki katına sahip; yeni ve geliştirilmiş ürün formülü ile lekelere karşı savaşır.","label":"WHAT_IT_IS","type":"what_it_is"}],"objectID":"68008"},{"benefit":{"statement":null,"benefits":null},"brand":null,"collection":null,"coverage":null,"cross_sell":null,"default_category":{"id":"1605","key":"ruj"},"description":"<FONT size=3 face=Calibri><P>Cilt tonunuz ve cilt alt tonunuzu harika gösterecek ilk dudak fondöteni. Clinique Shade- Match Bilimi ile fondöten ve dudak renginin muhteşem uyumunu yakalamak için geliştirilen dudak fondöteni. E vitamini içeren formülü ve dudağınızı besleyici içerikleri ile dudağınızı nemlendirirken 8 saate kadar kalıcılık sağlar. Dudaklarınıza uygulayınız. Dudak kalemi ile beraber kullanılabilir.</P><P></FONT>&nbsp;</P>","display_mode":null,"display_name":"Even Better Pop Ruj","display_status":7,"finish":null,"form":null,"formula_type":null,"fragrance_family":null,"indexable_keywords":null,"is_hazmat":false,"is_product_coming_soon":null,"is_product_displayable":true,"is_product_searchable":true,"is_product_shoppable":true,"is_product_sold_out":null,"is_product_temporarily_out_of_stock":null,"is_search_suppressed":null,"key_ingredient":null,"media":{"large":[{"alt":"Even Better Pop Ruj","height":1200,"position":0,"src":"/media/export/cms/products/1200x1500/cl_prod_68809_1200x1500_0.png","type":"image","width":1500},{"alt":"Even Better Pop Ruj","height":1200,"position":1,"src":"/media/export/cms/products/1200x1500/cl_prod_68809_1200x1500_1.png","type":"image","width":1500},{"alt":"Even Better Pop Ruj","height":1200,"position":2,"src":"/media/export/cms/products/1200x1500/cl_prod_68809_1200x1500_2.png","type":"image","width":1500}],"medium":null,"poster":null,"small":[{"alt":"Even Better Pop Ruj","height":1200,"position":3,"src":"/media/export/cms/products/1200x1500/cl_prod_68809_1200x1500_0.png","type":"image","width":1500},{"alt":"Even Better Pop Ruj","height":1200,"position":4,"src":"/media/export/cms/products/1200x1500/cl_prod_68809_1200x1500_1.png","type":"image","width":1500},{"alt":"Even Better Pop Ruj","height":1200,"position":5,"src":"/media/export/cms/products/1200x1500/cl_prod_68809_1200x1500_2.png","type":"image","width":1500}],"videos":[{"position":null,"poster":{"height":null,"src":null,"width":null},"provider":null,"src":null},{"position":null,"poster":{"height":null,"src":null,"width":null},"provider":null,"src":null},{"position":null,"poster":{"height":null,"src":null,"width":null},"provider":null,"src":null}],"xl":null},"meta":{"description":null,"keywords":null},"parent_category":[{"id":"1605","value":"RUJ"},{"id":"1592","value":"MAKYAJ"}],"product_badge":null,"product_id":"68809","product_title_tag":null,"product_type":"Shaded","product_url":"/product/1605/68809/makyaj/ruj/even-better-pop-ruj","reviews":{"average_rating":null,"number_of_questions":null,"number_of_reviews":null},"shade_groups":null,"short_description":"Cilt tonunuz ve cilt alt tonunuzu harika gösterecek ilk dudak fondöteni.","skin":null,"skin_goal":null,"skus":{"total":25,"items":[{"color_family":null,"coverage_options":null,"cross_sell":null,"display_status":7,"finish":null,"finish_options":null,"fragrances":[{"family":null,"key":null,"value":null}],"iln_listing":null,"iln_version_number":null,"inventory_status":"Active","is_active":true,"is_coming_soon":null,"is_default_sku":false,"is_discountable":true,"is_displayable":null,"is_engravable":null,"is_fragrance":null,"is_giftable":null,"is_giftwrap":false,"is_inactive":null,"is_multi_shaded":null,"is_out_of_stock":null,"is_preorder":false,"is_preorderable":null,"is_promotional":null,"is_replenishable":false,"is_search_suppressed":null,"is_searchable":true,"is_shaded":null,"is_sized":null,"is_sold_out":null,"is_under_weight_hazmat":false,"is_vto_enabled":null,"life_of_product":"Basic Reorder","material_code":"KL3P260000","media":{"large":[{"alt":"Even Better Pop Ruj","height":1200,"position":1,"src":"/media/export/cms/products/1200x1500/cl_sku_KL3P26_1200x1500_0.png","type":"image","width":1500}],"medium":[{"alt":"Even Better Pop Ruj","height":600,"position":2,"src":"/media/export/cms/products/600x750/cl_sku_KL3P26_600x750_0.png","type":"image","width":750}],"model":null,"poster":null,"small":[{"alt":"Even Better Pop Ruj","height":1200,"position":3,"src":"/media/export/cms/products/1200x1500/cl_sku_KL3P26_1200x1500_0.png","type":"image","width":1500}],"smoosh":[{"alt":"Even Better Pop Ruj","height":1200,"position":0,"src":"/media/export/cms/products/1200x1500/swatches_v3/13_ns_ng.png","type":"image","width":1500}],"xl":null},"out_of_stock_threshold":null,"perlgem":{"SKU_BASE_ID":107861},"preorder_date":null,"prices":[{"currency":"TRY","exclude_tax":{"original_price":165,"original_price_formatted":"165.00 TL","price":165,"price_formatted":"165.00 TL","price_per_unit":null,"price_per_unit_formatted":""},"include_tax":{"original_price":165,"original_price_formatted":"165.00 TL","price":165,"price_formatted":"165.00 TL","price_per_unit":null,"price_per_unit_formatted":""},"is_discounted":false}],"purchase_limit":null,"replenishment":{"message":null},"reviews":{"average_rating":null,"number_of_questions":null,"number_of_reviews":null},"set_components":null,"shade_groups":null,"shades":[{"description":"","hex_val":"#803e41","image":{"height":null,"src":"","width":null},"name":"Flushed","smoosh_design":{"group_id":null,"name":"13::none::none"}}],"sizes":[{"key":1,"value":"3.9 g"}],"skin":{"tone":null,"type":null,"type_description":null},"sku_badge":null,"sku_badge_image":null,"sku_display_order":0,"sku_id":"KL3P26","sku_promo_messaging":null,"sku_type":"SE","sku_url":null,"tags":{"total":10,"items":[{"id":"4323","key":"yeni̇-ürünler","value":"YENİ ÜRÜNLER"},{"id":"1590","key":"i̇ndi̇ri̇mli̇-ürünler","value":"İNDİRİMLİ ÜRÜNLER"},{"id":"1605","key":"ruj","value":"RUJ"},{"id":"1575","key":"en-çok-satanlar","value":"En Çok Satanlar"},{"id":"13562","key":"yeni̇-yil-makyaj","value":"YENİ YIL MAKYAJ"},{"id":"9427","key":"whatsnew","value":"what'snew"},{"id":"25565","key":"justarrivednew","value":"justarrivednew"},{"id":"27172","key":"day5flashsale","value":"Day5FlashSale"},{"id":"27171","key":"day4flashsale","value":"Day4FlashSale"},{"id":"27174","key":"day7flashsale","value":"Day7FlashSale"}]},"texture":null,"undertone":null,"unit_of_measure":null,"unit_size":null,"unit_size_formatted":null,"upc":"192333012536","vto":{"is_color_experience":null,"is_foundation_experience":null}},{"color_family":null,"coverage_options":null,"cross_sell":null,"display_status":7,"finish":null,"finish_options":null,"fragrances":[{"family":null,"key":null,"value":null}],"iln_listing":null,"iln_version_number":null,"inventory_status":"Active","is_active":true,"is_coming_soon":null,"is_default_sku":false,"is_discountable":true,"is_displayable":null,"is_engravable":null,"is_fragrance":null,"is_giftable":null,"is_giftwrap":false,"is_inactive":null,"is_multi_shaded":null,"is_out_of_stock":null,"is_preorder":false,"is_preorderable":null,"is_promotional":null,"is_replenishable":false,"is_search_suppressed":null,"is_searchable":true,"is_shaded":null,"is_sized":null,"is_sold_out":null,"is_under_weight_hazmat":false,"is_vto_enabled":null,"life_of_product":"Basic Reorder","material_code":"KL3P190000","media":{"large":[{"alt":"Even Better Pop Ruj","height":1200,"position":1,"src":"/media/export/cms/products/1200x1500/cl_sku_KL3P19_1200x1500_0.png","type":"image","width":1500}],"medium":[{"alt":"Even Better Pop Ruj","height":600,"position":2,"src":"/media/export/cms/products/600x750/cl_sku_KL3P19_600x750_0.png","type":"image","width":750}],"model":null,"poster":null,"small":[{"alt":"Even Better Pop Ruj","height":1200,"position":3,"src":"/media/export/cms/products/1200x1500/cl_sku_KL3P19_1200x1500_0.png","type":"image","width":1500}],"smoosh":[{"alt":"Even Better Pop Ruj","height":1200,"position":0,"src":"/media/export/cms/products/1200x1500/swatches_v3/13_ns_ng.png","type":"image","width":1500}],"xl":null},"out_of_stock_threshold":null,"perlgem":{"SKU_BASE_ID":107527},"preorder_date":null,"prices":[{"currency":"TRY","exclude_tax":{"original_price":165,"original_price_formatted":"165.00 TL","price":165,"price_formatted":"165.00 TL","price_per_unit":null,"price_per_unit_formatted":""},"include_tax":{"original_price":165,"original_price_formatted":"165.00 TL","price":165,"price_formatted":"165.00 TL","price_per_unit":null,"price_per_unit_formatted":""},"is_discounted":false}],"purchase_limit":null,"replenishment":{"message":null},"reviews":{"average_rating":null,"number_of_questions":null,"number_of_reviews":null},"set_components":null,"shade_groups":null,"shades":[{"description":"","hex_val":"#a2584b","image":{"height":null,"src":"","width":null},"name":"Suede","smoosh_design":{"group_id":null,"name":"13::none::none"}}],"sizes":[{"key":1,"value":"3.9 g"}],"skin":{"tone":null,"type":null,"type_description":null},"sku_badge":null,"sku_badge_image":null,"sku_display_order":0,"sku_id":"KL3P19","sku_promo_messaging":null,"sku_type":"SE","sku_url":null,"tags":{"total":8,"items":[{"id":"4323","key":"yeni̇-ürünler","value":"YENİ ÜRÜNLER"},{"id":"1590","key":"i̇ndi̇ri̇mli̇-ürünler","value":"İNDİRİMLİ ÜRÜNLER"},{"id":"1605","key":"ruj","value":"RUJ"},{"id":"9427","key":"whatsnew","value":"what'snew"},{"id":"25565","key":"justarrivednew","value":"justarrivednew"},{"id":"27172","key":"day5flashsale","value":"Day5FlashSale"},{"id":"27171","key":"day4flashsale","value":"Day4FlashSale"},{"id":"27174","key":"day7flashsale","value":"Day7FlashSale"}]},"texture":null,"undertone":null,"unit_of_measure":null,"unit_size":null,"unit_size_formatted":null,"upc":"192333012468","vto":{"is_color_experience":null,"is_foundation_experience":null}},{"color_family":null,"coverage_options":null,"cross_sell":null,"display_status":7,"finish":null,"finish_options":null,"fragrances":[{"family":null,"key":null,"value":null}],"iln_listing":null,"iln_version_number":null,"inventory_status":"Active","is_active":true,"is_coming_soon":null,"is_default_sku":false,"is_discountable":true,"is_displayable":null,"is_engravable":null,"is_fragrance":null,"is_giftable":null,"is_giftwrap":false,"is_inactive":null,"is_multi_shaded":null,"is_out_of_stock":null,"is_preorder":false,"is_preorderable":null,"is_promotional":null,"is_replenishable":false,"is_search_suppressed":null,"is_searchable":true,"is_shaded":null,"is_sized":null,"is_sold_out":null,"is_under_weight_hazmat":false,"is_vto_enabled":null,"life_of_product":"Basic Reorder","material_code":"KL3P150000","media":{"large":[{"alt":"Even Better Pop Ruj","height":1200,"position":1,"src":"/media/export/cms/products/1200x1500/cl_sku_KL3P15_1200x1500_0.png","type":"image","width":1500}],"medium":[{"alt":"Even Better Pop Ruj","height":600,"position":2,"src":"/media/export/cms/products/600x750/cl_sku_KL3P15_600x750_0.png","type":"image","width":750}],"model":null,"poster":null,"small":[{"alt":"Even Better Pop Ruj","height":1200,"position":3,"src":"/media/export/cms/products/1200x1500/cl_sku_KL3P15_1200x1500_0.png","type":"image","width":1500}],"smoosh":[{"alt":"Even Better Pop Ruj","height":1200,"position":0,"src":"/media/export/cms/products/1200x1500/swatches_v3/13_ns_ng.png","type":"image","width":1500}],"xl":null},"out_of_stock_threshold":null,"perlgem":{"SKU_BASE_ID":107498},"preorder_date":null,"prices":[{"currency":"TRY","exclude_tax":{"original_price":165,"original_price_formatted":"165.00 TL","price":165,"price_formatted":"165.00 TL","price_per_unit":null,"price_per_unit_formatted":""},"include_tax":{"original_price":165,"original_price_formatted":"165.00 TL","price":165,"price_formatted":"165.00 TL","price_per_unit":null,"price_per_unit_formatted":""},"is_discounted":false}],"purchase_limit":null,"replenishment":{"message":null},"reviews":{"average_rating":null,"number_of_questions":null,"number_of_reviews":null},"set_components":null,"shade_groups":null,"shades":[{"description":"","hex_val":"#a85841","image":{"height":null,"src":"","width":null},"name":"Tender","smoosh_design":{"group_id":null,"name":"13::none::none"}}],"sizes":[{"key":1,"value":"3.9 g"}],"skin":{"tone":null,"type":null,"type_description":null},"sku_badge":null,"sku_badge_image":null,"sku_display_order":0,"sku_id":"KL3P15","sku_promo_messaging":null,"sku_type":"SE","sku_url":null,"tags":{"total":9,"items":[{"id":"4323","key":"yeni̇-ürünler","value":"YENİ ÜRÜNLER"},{"id":"1590","key":"i̇ndi̇ri̇mli̇-ürünler","value":"İNDİRİMLİ ÜRÜNLER"},{"id":"1605","key":"ruj","value":"RUJ"},{"id":"1575","key":"en-çok-satanlar","value":"En Çok Satanlar"},{"id":"9427","key":"whatsnew","value":"what'snew"},{"id":"25565","key":"justarrivednew","value":"justarrivednew"},{"id":"27172","key":"day5flashsale","value":"Day5FlashSale"},{"id":"27171","key":"day4flashsale","value":"Day4FlashSale"},{"id":"27174","key":"day7flashsale","value":"Day7FlashSale"}]},"texture":null,"undertone":null,"unit_of_measure":null,"unit_size":null,"unit_size_formatted":null,"upc":"192333012420","vto":{"is_color_experience":null,"is_foundation_experience":null}},{"color_family":null,"coverage_options":null,"cross_sell":null,"display_status":7,"finish":null,"finish_options":null,"fragrances":[{"family":null,"key":null,"value":null}],"iln_listing":null,"iln_version_number":null,"inventory_status":"Active","is_active":true,"is_coming_soon":null,"is_default_sku":false,"is_discountable":true,"is_displayable":null,"is_engravable":null,"is_fragrance":null,"is_giftable":null,"is_giftwrap":false,"is_inactive":null,"is_multi_shaded":null,"is_out_of_stock":null,"is_preorder":false,"is_preorderable":null,"is_promotional":null,"is_replenishable":false,"is_search_suppressed":null,"is_searchable":true,"is_shaded":null,"is_sized":null,"is_sold_out":null,"is_under_weight_hazmat":false,"is_vto_enabled":null,"life_of_product":"Basic Reorder","material_code":"KL3P170000","media":{"large":[{"alt":"Even Better Pop Ruj","height":1200,"position":1,"src":"/media/export/cms/products/1200x1500/cl_sku_KL3P17_1200x1500_0.png","type":"image","width":1500}],"medium":[{"alt":"Even Better Pop Ruj","height":600,"position":2,"src":"/media/export/cms/products/600x750/cl_sku_KL3P17_600x750_0.png","type":"image","width":750}],"model":null,"poster":null,"small":[{"alt":"Even Better Pop Ruj","height":1200,"position":3,"src":"/media/export/cms/products/1200x1500/cl_sku_KL3P17_1200x1500_0.png","type":"image","width":1500}],"smoosh":[{"alt":"Even Better Pop Ruj","height":1200,"position":0,"src":"/media/export/cms/products/1200x1500/swatches_v3/13_ns_ng.png","type":"image","width":1500}],"xl":null},"out_of_stock_threshold":null,"perlgem":{"SKU_BASE_ID":107500},"preorder_date":null,"prices":[{"currency":"TRY","exclude_tax":{"original_price":165,"original_price_formatted":"165.00 TL","price":165,"price_formatted":"165.00 TL","price_per_unit":null,"price_per_unit_formatted":""},"include_tax":{"original_price":165,"original_price_formatted":"165.00 TL","price":165,"price_formatted":"165.00 TL","price_per_unit":null,"price_per_unit_formatted":""},"is_discounted":false}],"purchase_limit":null,"replenishment":{"message":null},"reviews":{"average_rating":null,"number_of_questions":null,"number_of_reviews":null},"set_components":null,"shade_groups":null,"shades":[{"description":"","hex_val":"#b04d4c","image":{"height":null,"src":"","width":null},"name":"Woo Me","smoosh_design":{"group_id":null,"name":"13::none::none"}}],"sizes":[{"key":1,"value":"3.9 g"}],"skin":{"tone":null,"type":null,"type_description":null},"sku_badge":null,"sku_badge_image":null,"sku_display_order":0,"sku_id":"KL3P17","sku_promo_messaging":null,"sku_type":"SE","sku_url":null,"tags":{"total":9,"items":[{"id":"4323","key":"yeni̇-ürünler","value":"YENİ ÜRÜNLER"},{"id":"1605","key":"ruj","value":"RUJ"},{"id":"1575","key":"en-çok-satanlar","value":"En Çok Satanlar"},{"id":"13562","key":"yeni̇-yil-makyaj","value":"YENİ YIL MAKYAJ"},{"id":"9427","key":"whatsnew","value":"what'snew"},{"id":"25565","key":"justarrivednew","value":"justarrivednew"},{"id":"27172","key":"day5flashsale","value":"Day5FlashSale"},{"id":"27171","key":"day4flashsale","value":"Day4FlashSale"},{"id":"27174","key":"day7flashsale","value":"Day7FlashSale"}]},"texture":null,"undertone":null,"unit_of_measure":null,"unit_size":null,"unit_size_formatted":null,"upc":"192333012444","vto":{"is_color_experience":null,"is_foundation_experience":null}},{"color_family":null,"coverage_options":null,"cross_sell":null,"display_status":7,"finish":null,"finish_options":null,"fragrances":[{"family":null,"key":null,"value":null}],"iln_listing":null,"iln_version_number":null,"inventory_status":"Active","is_active":true,"is_coming_soon":null,"is_default_sku":false,"is_discountable":true,"is_displayable":null,"is_engravable":null,"is_fragrance":null,"is_giftable":null,"is_giftwrap":false,"is_inactive":null,"is_multi_shaded":null,"is_out_of_stock":null,"is_preorder":false,"is_preorderable":null,"is_promotional":null,"is_replenishable":false,"is_search_suppressed":null,"is_searchable":true,"is_shaded":null,"is_sized":null,"is_sold_out":null,"is_under_weight_hazmat":false,"is_vto_enabled":null,"life_of_product":"Basic Reorder","material_code":"KL3P060000","media":{"large":[{"alt":"Even Better Pop Ruj","height":1200,"position":1,"src":"/media/export/cms/products/1200x1500/cl_sku_KL3P06_1200x1500_0.png","type":"image","width":1500}],"medium":[{"alt":"Even Better Pop Ruj","height":600,"position":2,"src":"/media/export/cms/products/600x750/cl_sku_KL3P06_600x750_0.png","type":"image","width":750}],"model":null,"poster":null,"small":[{"alt":"Even Better Pop Ruj","height":1200,"position":3,"src":"/media/export/cms/products/1200x1500/cl_sku_KL3P06_1200x1500_0.png","type":"image","width":1500}],"smoosh":[{"alt":"Even Better Pop Ruj","height":1200,"position":0,"src":"/media/export/cms/products/1200x1500/swatches_v3/13_ns_ng.png","type":"image","width":1500}],"xl":null},"out_of_stock_threshold":null,"perlgem":{"SKU_BASE_ID":107462},"preorder_date":null,"prices":[{"currency":"TRY","exclude_tax":{"original_price":165,"original_price_formatted":"165.00 TL","price":165,"price_formatted":"165.00 TL","price_per_unit":null,"price_per_unit_formatted":""},"include_tax":{"original_price":165,"original_price_formatted":"165.00 TL","price":165,"price_formatted":"165.00 TL","price_per_unit":null,"price_per_unit_formatted":""},"is_discounted":false}],"purchase_limit":null,"replenishment":{"message":null},"reviews":{"average_rating":null,"number_of_questions":null,"number_of_reviews":null},"set_components":null,"shade_groups":null,"shades":[{"description":"","hex_val":"#d17971","image":{"height":null,"src":"","width":null},"name":"Softly","smoosh_design":{"group_id":null,"name":"13::none::none"}}],"sizes":[{"key":1,"value":"3.9 g"}],"skin":{"tone":null,"type":null,"type_description":null},"sku_badge":null,"sku_badge_image":null,"sku_display_order":0,"sku_id":"KL3P06","sku_promo_messaging":null,"sku_type":"SE","sku_url":null,"tags":{"total":7,"items":[{"id":"4323","key":"yeni̇-ürünler","value":"YENİ ÜRÜNLER"},{"id":"1605","key":"ruj","value":"RUJ"},{"id":"1575","key":"en-çok-satanlar","value":"En Çok Satanlar"},{"id":"9427","key":"whatsnew","value":"what'snew"},{"id":"25565","key":"justarrivednew","value":"justarrivednew"},{"id":"27172","key":"day5flashsale","value":"Day5FlashSale"},{"id":"27171","key":"day4flashsale","value":"Day4FlashSale"}]},"texture":null,"undertone":null,"unit_of_measure":null,"unit_size":null,"unit_size_formatted":null,"upc":"192333012338","vto":{"is_color_experience":null,"is_foundation_experience":null}},{"color_family":null,"coverage_options":null,"cross_sell":null,"display_status":7,"finish":null,"finish_options":null,"fragrances":[{"family":null,"key":null,"value":null}],"iln_listing":null,"iln_version_number":null,"inventory_status":"Active","is_active":true,"is_coming_soon":null,"is_default_sku":false,"is_discountable":true,"is_displayable":null,"is_engravable":null,"is_fragrance":null,"is_giftable":null,"is_giftwrap":false,"is_inactive":null,"is_multi_shaded":null,"is_out_of_stock":null,"is_preorder":false,"is_preorderable":null,"is_promotional":null,"is_replenishable":false,"is_search_suppressed":null,"is_searchable":true,"is_shaded":null,"is_sized":null,"is_sold_out":null,"is_under_weight_hazmat":false,"is_vto_enabled":null,"life_of_product":"Basic Reorder","material_code":"KL3P090000","media":{"large":[{"alt":"Even Better Pop Ruj","height":1200,"position":1,"src":"/media/export/cms/products/1200x1500/cl_sku_KL3P09_1200x1500_0.png","type":"image","width":1500}],"medium":[{"alt":"Even Better Pop Ruj","height":600,"position":2,"src":"/media/export/cms/products/600x750/cl_sku_KL3P09_600x750_0.png","type":"image","width":750}],"model":null,"poster":null,"small":[{"alt":"Even Better Pop Ruj","height":1200,"position":3,"src":"/media/export/cms/products/1200x1500/cl_sku_KL3P09_1200x1500_0.png","type":"image","width":1500}],"smoosh":[{"alt":"Even Better Pop Ruj","height":1200,"position":0,"src":"/media/export/cms/products/1200x1500/swatches_v3/13_ns_ng.png","type":"image","width":1500}],"xl":null},"out_of_stock_threshold":null,"perlgem":{"SKU_BASE_ID":107465},"preorder_date":null,"prices":[{"currency":"TRY","exclude_tax":{"original_price":165,"original_price_formatted":"165.00 TL","price":165,"price_formatted":"165.00 TL","price_per_unit":null,"price_per_unit_formatted":""},"include_tax":{"original_price":165,"original_price_formatted":"165.00 TL","price":165,"price_formatted":"165.00 TL","price_per_unit":null,"price_per_unit_formatted":""},"is_discounted":false}],"purchase_limit":null,"replenishment":{"message":null},"reviews":{"average_rating":null,"number_of_questions":null,"number_of_reviews":null},"set_components":null,"shade_groups":null,"shades":[{"description":"","hex_val":"#ab5a51","image":{"height":null,"src":"","width":null},"name":"Tulle","smoosh_design":{"group_id":null,"name":"13::none::none"}}],"sizes":[{"key":1,"value":"3.9 g"}],"skin":{"tone":null,"type":null,"type_description":null},"sku_badge":null,"sku_badge_image":null,"sku_display_order":0,"sku_id":"KL3P09","sku_promo_messaging":null,"sku_type":"SE","sku_url":null,"tags":{"total":9,"items":[{"id":"4323","key":"yeni̇-ürünler","value":"YENİ ÜRÜNLER"},{"id":"1590","key":"i̇ndi̇ri̇mli̇-ürünler","value":"İNDİRİMLİ ÜRÜNLER"},{"id":"1605","key":"ruj","value":"RUJ"},{"id":"1575","key":"en-çok-satanlar","value":"En Çok Satanlar"},{"id":"9427","key":"whatsnew","value":"what'snew"},{"id":"25565","key":"justarrivednew","value":"justarrivednew"},{"id":"27172","key":"day5flashsale","value":"Day5FlashSale"},{"id":"27171","key":"day4flashsale","value":"Day4FlashSale"},{"id":"27174","key":"day7flashsale","value":"Day7FlashSale"}]},"texture":null,"undertone":null,"unit_of_measure":null,"unit_size":null,"unit_size_formatted":null,"upc":"192333012369","vto":{"is_color_experience":null,"is_foundation_experience":null}},{"color_family":null,"coverage_options":null,"cross_sell":null,"display_status":7,"finish":null,"finish_options":null,"fragrances":[{"family":null,"key":null,"value":null}],"iln_listing":null,"iln_version_number":null,"inventory_status":"Active","is_active":true,"is_coming_soon":null,"is_default_sku":false,"is_discountable":true,"is_displayable":null,"is_engravable":null,"is_fragrance":null,"is_giftable":null,"is_giftwrap":false,"is_inactive":null,"is_multi_shaded":null,"is_out_of_stock":null,"is_preorder":false,"is_preorderable":null,"is_promotional":null,"is_replenishable":false,"is_search_suppressed":null,"is_searchable":true,"is_shaded":null,"is_sized":null,"is_sold_out":null,"is_under_weight_hazmat":false,"is_vto_enabled":null,"life_of_product":"Basic Reorder","material_code":"KL3P210000","media":{"large":[{"alt":"Even Better Pop Ruj","height":1200,"position":1,"src":"/media/export/cms/products/1200x1500/cl_sku_KL3P21_1200x1500_0.png","type":"image","width":1500}],"medium":[{"alt":"Even Better Pop Ruj","height":600,"position":2,"src":"/media/export/cms/products/600x750/cl_sku_KL3P21_600x750_0.png","type":"image","width":750}],"model":null,"poster":null,"small":[{"alt":"Even Better Pop Ruj","height":1200,"position":3,"src":"/media/export/cms/products/1200x1500/cl_sku_KL3P21_1200x1500_0.png","type":"image","width":1500}],"smoosh":[{"alt":"Even Better Pop Ruj","height":1200,"position":0,"src":"/media/export/cms/products/1200x1500/swatches_v3/13_ns_ng.png","type":"image","width":1500}],"xl":null},"out_of_stock_threshold":null,"perlgem":{"SKU_BASE_ID":107856},"preorder_date":null,"prices":[{"currency":"TRY","exclude_tax":{"original_price":165,"original_price_formatted":"165.00 TL","price":165,"price_formatted":"165.00 TL","price_per_unit":null,"price_per_unit_formatted":""},"include_tax":{"original_price":165,"original_price_formatted":"165.00 TL","price":165,"price_formatted":"165.00 TL","price_per_unit":null,"price_per_unit_formatted":""},"is_discounted":false}],"purchase_limit":null,"replenishment":{"message":null},"reviews":{"average_rating":null,"number_of_questions":null,"number_of_reviews":null},"set_components":null,"shade_groups":null,"shades":[{"description":"","hex_val":"#944d3f","image":{"height":null,"src":"","width":null},"name":"Cuddle","smoosh_design":{"group_id":null,"name":"13::none::none"}}],"sizes":[{"key":1,"value":"3.9 g"}],"skin":{"tone":null,"type":null,"type_description":null},"sku_badge":null,"sku_badge_image":null,"sku_display_order":0,"sku_id":"KL3P21","sku_promo_messaging":null,"sku_type":"SE","sku_url":null,"tags":{"total":9,"items":[{"id":"4323","key":"yeni̇-ürünler","value":"YENİ ÜRÜNLER"},{"id":"1605","key":"ruj","value":"RUJ"},{"id":"1575","key":"en-çok-satanlar","value":"En Çok Satanlar"},{"id":"13562","key":"yeni̇-yil-makyaj","value":"YENİ YIL MAKYAJ"},{"id":"9427","key":"whatsnew","value":"what'snew"},{"id":"25565","key":"justarrivednew","value":"justarrivednew"},{"id":"27172","key":"day5flashsale","value":"Day5FlashSale"},{"id":"27171","key":"day4flashsale","value":"Day4FlashSale"},{"id":"27174","key":"day7flashsale","value":"Day7FlashSale"}]},"texture":null,"undertone":null,"unit_of_measure":null,"unit_size":null,"unit_size_formatted":null,"upc":"192333012482","vto":{"is_color_experience":null,"is_foundation_experience":null}},{"color_family":null,"coverage_options":null,"cross_sell":null,"display_status":7,"finish":null,"finish_options":null,"fragrances":[{"family":null,"key":null,"value":null}],"iln_listing":null,"iln_version_number":null,"inventory_status":"Active","is_active":true,"is_coming_soon":null,"is_default_sku":false,"is_discountable":true,"is_displayable":null,"is_engravable":null,"is_fragrance":null,"is_giftable":null,"is_giftwrap":false,"is_inactive":null,"is_multi_shaded":null,"is_out_of_stock":null,"is_preorder":false,"is_preorderable":null,"is_promotional":null,"is_replenishable":false,"is_search_suppressed":null,"is_searchable":true,"is_shaded":null,"is_sized":null,"is_sold_out":null,"is_under_weight_hazmat":false,"is_vto_enabled":null,"life_of_product":"Basic Reorder","material_code":"KL3P050000","media":{"large":[{"alt":"Even Better Pop Ruj","height":1200,"position":1,"src":"/media/export/cms/products/1200x1500/cl_sku_KL3P05_1200x1500_0.png","type":"image","width":1500}],"medium":[{"alt":"Even Better Pop Ruj","height":600,"position":2,"src":"/media/export/cms/products/600x750/cl_sku_KL3P05_600x750_0.png","type":"image","width":750}],"model":null,"poster":null,"small":[{"alt":"Even Better Pop Ruj","height":1200,"position":3,"src":"/media/export/cms/products/1200x1500/cl_sku_KL3P05_1200x1500_0.png","type":"image","width":1500}],"smoosh":[{"alt":"Even Better Pop Ruj","height":1200,"position":0,"src":"/media/export/cms/products/1200x1500/swatches_v3/13_ns_ng.png","type":"image","width":1500}],"xl":null},"out_of_stock_threshold":null,"perlgem":{"SKU_BASE_ID":107461},"preorder_date":null,"prices":[{"currency":"TRY","exclude_tax":{"original_price":165,"original_price_formatted":"165.00 TL","price":165,"price_formatted":"165.00 TL","price_per_unit":null,"price_per_unit_formatted":""},"include_tax":{"original_price":165,"original_price_formatted":"165.00 TL","price":165,"price_formatted":"165.00 TL","price_per_unit":null,"price_per_unit_formatted":""},"is_discounted":false}],"purchase_limit":null,"replenishment":{"message":null},"reviews":{"average_rating":null,"number_of_questions":null,"number_of_reviews":null},"set_components":null,"shade_groups":null,"shades":[{"description":"","hex_val":"#e96a68","image":{"height":null,"src":"","width":null},"name":"Camellia","smoosh_design":{"group_id":null,"name":"13::none::none"}}],"sizes":[{"key":1,"value":"3.9 g"}],"skin":{"tone":null,"type":null,"type_description":null},"sku_badge":null,"sku_badge_image":null,"sku_display_order":0,"sku_id":"KL3P05","sku_promo_messaging":null,"sku_type":"SE","sku_url":null,"tags":{"total":9,"items":[{"id":"4323","key":"yeni̇-ürünler","value":"YENİ ÜRÜNLER"},{"id":"1605","key":"ruj","value":"RUJ"},{"id":"1575","key":"en-çok-satanlar","value":"En Çok Satanlar"},{"id":"13562","key":"yeni̇-yil-makyaj","value":"YENİ YIL MAKYAJ"},{"id":"9427","key":"whatsnew","value":"what'snew"},{"id":"25565","key":"justarrivednew","value":"justarrivednew"},{"id":"27172","key":"day5flashsale","value":"Day5FlashSale"},{"id":"27171","key":"day4flashsale","value":"Day4FlashSale"},{"id":"27174","key":"day7flashsale","value":"Day7FlashSale"}]},"texture":null,"undertone":null,"unit_of_measure":null,"unit_size":null,"unit_size_formatted":null,"upc":"192333012321","vto":{"is_color_experience":null,"is_foundation_experience":null}},{"color_family":null,"coverage_options":null,"cross_sell":null,"display_status":7,"finish":null,"finish_options":null,"fragrances":[{"family":null,"key":null,"value":null}],"iln_listing":null,"iln_version_number":null,"inventory_status":"Active","is_active":true,"is_coming_soon":null,"is_default_sku":false,"is_discountable":true,"is_displayable":null,"is_engravable":null,"is_fragrance":null,"is_giftable":null,"is_giftwrap":false,"is_inactive":null,"is_multi_shaded":null,"is_out_of_stock":null,"is_preorder":false,"is_preorderable":null,"is_promotional":null,"is_replenishable":false,"is_search_suppressed":null,"is_searchable":true,"is_shaded":null,"is_sized":null,"is_sold_out":null,"is_under_weight_hazmat":false,"is_vto_enabled":null,"life_of_product":"Basic Reorder","material_code":"KL3P160000","media":{"large":[{"alt":"Even Better Pop Ruj","height":1200,"position":1,"src":"/media/export/cms/products/1200x1500/cl_sku_KL3P16_1200x1500_0.png","type":"image","width":1500}],"medium":[{"alt":"Even Better Pop Ruj","height":600,"position":2,"src":"/media/export/cms/products/600x750/cl_sku_KL3P16_600x750_0.png","type":"image","width":750}],"model":null,"poster":null,"small":[{"alt":"Even Better Pop Ruj","height":1200,"position":3,"src":"/media/export/cms/products/1200x1500/cl_sku_KL3P16_1200x1500_0.png","type":"image","width":1500}],"smoosh":[{"alt":"Even Better Pop Ruj","height":1200,"position":0,"src":"/media/export/cms/products/1200x1500/swatches_v3/13_ns_ng.png","type":"image","width":1500}],"xl":null},"out_of_stock_threshold":null,"perlgem":{"SKU_BASE_ID":107499},"preorder_date":null,"prices":[{"currency":"TRY","exclude_tax":{"original_price":165,"original_price_formatted":"165.00 TL","price":165,"price_formatted":"165.00 TL","price_per_unit":null,"price_per_unit_formatted":""},"include_tax":{"original_price":165,"original_price_formatted":"165.00 TL","price":165,"price_formatted":"165.00 TL","price_per_unit":null,"price_per_unit_formatted":""},"is_discounted":false}],"purchase_limit":null,"replenishment":{"message":null},"reviews":{"average_rating":null,"number_of_questions":null,"number_of_reviews":null},"set_components":null,"shade_groups":null,"shades":[{"description":"","hex_val":"#9c5b54","image":{"height":null,"src":"","width":null},"name":"Satin","smoosh_design":{"group_id":null,"name":"13::none::none"}}],"sizes":[{"key":1,"value":"3.9 g"}],"skin":{"tone":null,"type":null,"type_description":null},"sku_badge":null,"sku_badge_image":null,"sku_display_order":0,"sku_id":"KL3P16","sku_promo_messaging":null,"sku_type":"SE","sku_url":null,"tags":{"total":9,"items":[{"id":"4323","key":"yeni̇-ürünler","value":"YENİ ÜRÜNLER"},{"id":"1605","key":"ruj","value":"RUJ"},{"id":"1575","key":"en-çok-satanlar","value":"En Çok Satanlar"},{"id":"13562","key":"yeni̇-yil-makyaj","value":"YENİ YIL MAKYAJ"},{"id":"9427","key":"whatsnew","value":"what'snew"},{"id":"25565","key":"justarrivednew","value":"justarrivednew"},{"id":"27172","key":"day5flashsale","value":"Day5FlashSale"},{"id":"27171","key":"day4flashsale","value":"Day4FlashSale"},{"id":"27174","key":"day7flashsale","value":"Day7FlashSale"}]},"texture":null,"undertone":null,"unit_of_measure":null,"unit_size":null,"unit_size_formatted":null,"upc":"192333012437","vto":{"is_color_experience":null,"is_foundation_experience":null}},{"color_family":null,"coverage_options":null,"cross_sell":null,"display_status":7,"finish":null,"finish_options":null,"fragrances":[{"family":null,"key":null,"value":null}],"iln_listing":null,"iln_version_number":null,"inventory_status":"Active","is_active":true,"is_coming_soon":null,"is_default_sku":false,"is_discountable":true,"is_displayable":null,"is_engravable":null,"is_fragrance":null,"is_giftable":null,"is_giftwrap":false,"is_inactive":null,"is_multi_shaded":null,"is_out_of_stock":null,"is_preorder":false,"is_preorderable":null,"is_promotional":null,"is_replenishable":false,"is_search_suppressed":null,"is_searchable":true,"is_shaded":null,"is_sized":null,"is_sold_out":null,"is_under_weight_hazmat":false,"is_vto_enabled":null,"life_of_product":"Basic Reorder","material_code":"KL3P120000","media":{"large":[{"alt":"Even Better Pop Ruj","height":1200,"position":1,"src":"/media/export/cms/products/1200x1500/cl_sku_KL3P12_1200x1500_0.png","type":"image","width":1500}],"medium":[{"alt":"Even Better Pop Ruj","height":600,"position":2,"src":"/media/export/cms/products/600x750/cl_sku_KL3P12_600x750_0.png","type":"image","width":750}],"model":null,"poster":null,"small":[{"alt":"Even Better Pop Ruj","height":1200,"position":3,"src":"/media/export/cms/products/1200x1500/cl_sku_KL3P12_1200x1500_0.png","type":"image","width":1500}],"smoosh":[{"alt":"Even Better Pop Ruj","height":1200,"position":0,"src":"/media/export/cms/products/1200x1500/swatches_v3/13_ns_ng.png","type":"image","width":1500}],"xl":null},"out_of_stock_threshold":null,"perlgem":{"SKU_BASE_ID":107467},"preorder_date":null,"prices":[{"currency":"TRY","exclude_tax":{"original_price":165,"original_price_formatted":"165.00 TL","price":165,"price_formatted":"165.00 TL","price_per_unit":null,"price_per_unit_formatted":""},"include_tax":{"original_price":165,"original_price_formatted":"165.00 TL","price":165,"price_formatted":"165.00 TL","price_per_unit":null,"price_per_unit_formatted":""},"is_discounted":false}],"purchase_limit":null,"replenishment":{"message":null},"reviews":{"average_rating":null,"number_of_questions":null,"number_of_reviews":null},"set_components":null,"shade_groups":null,"shades":[{"description":"","hex_val":"#ac5856","image":{"height":null,"src":"","width":null},"name":"Enamored","smoosh_design":{"group_id":null,"name":"13::none::none"}}],"sizes":[{"key":1,"value":"3.9 g"}],"skin":{"tone":null,"type":null,"type_description":null},"sku_badge":null,"sku_badge_image":null,"sku_display_order":0,"sku_id":"KL3P12","sku_promo_messaging":null,"sku_type":"SE","sku_url":null,"tags":{"total":9,"items":[{"id":"4323","key":"yeni̇-ürünler","value":"YENİ ÜRÜNLER"},{"id":"1605","key":"ruj","value":"RUJ"},{"id":"1575","key":"en-çok-satanlar","value":"En Çok Satanlar"},{"id":"13562","key":"yeni̇-yil-makyaj","value":"YENİ YIL MAKYAJ"},{"id":"9427","key":"whatsnew","value":"what'snew"},{"id":"25565","key":"justarrivednew","value":"justarrivednew"},{"id":"27172","key":"day5flashsale","value":"Day5FlashSale"},{"id":"27171","key":"day4flashsale","value":"Day4FlashSale"},{"id":"27174","key":"day7flashsale","value":"Day7FlashSale"}]},"texture":null,"undertone":null,"unit_of_measure":null,"unit_size":null,"unit_size_formatted":null,"upc":"192333012390","vto":{"is_color_experience":null,"is_foundation_experience":null}},{"color_family":null,"coverage_options":null,"cross_sell":null,"display_status":7,"finish":null,"finish_options":null,"fragrances":[{"family":null,"key":null,"value":null}],"iln_listing":null,"iln_version_number":null,"inventory_status":"Active","is_active":true,"is_coming_soon":null,"is_default_sku":false,"is_discountable":true,"is_displayable":null,"is_engravable":null,"is_fragrance":null,"is_giftable":null,"is_giftwrap":false,"is_inactive":null,"is_multi_shaded":null,"is_out_of_stock":null,"is_preorder":false,"is_preorderable":null,"is_promotional":null,"is_replenishable":false,"is_search_suppressed":null,"is_searchable":true,"is_shaded":null,"is_sized":null,"is_sold_out":null,"is_under_weight_hazmat":false,"is_vto_enabled":null,"life_of_product":"Basic Reorder","material_code":"KL3P300000","media":{"large":[{"alt":"Even Better Pop Ruj","height":1200,"position":1,"src":"/media/export/cms/products/1200x1500/cl_sku_KL3P30_1200x1500_0.png","type":"image","width":1500}],"medium":[{"alt":"Even Better Pop Ruj","height":600,"position":2,"src":"/media/export/cms/products/600x750/cl_sku_KL3P30_600x750_0.png","type":"image","width":750}],"model":null,"poster":null,"small":[{"alt":"Even Better Pop Ruj","height":1200,"position":3,"src":"/media/export/cms/products/1200x1500/cl_sku_KL3P30_1200x1500_0.png","type":"image","width":1500}],"smoosh":[{"alt":"Even Better Pop Ruj","height":1200,"position":0,"src":"/media/export/cms/products/1200x1500/swatches_v3/13_ns_ng.png","type":"image","width":1500}],"xl":null},"out_of_stock_threshold":null,"perlgem":{"SKU_BASE_ID":107865},"preorder_date":null,"prices":[{"currency":"TRY","exclude_tax":{"original_price":165,"original_price_formatted":"165.00 TL","price":165,"price_formatted":"165.00 TL","price_per_unit":null,"price_per_unit_formatted":""},"include_tax":{"original_price":165,"original_price_formatted":"165.00 TL","price":165,"price_formatted":"165.00 TL","price_per_unit":null,"price_per_unit_formatted":""},"is_discounted":false}],"purchase_limit":null,"replenishment":{"message":null},"reviews":{"average_rating":null,"number_of_questions":null,"number_of_reviews":null},"set_components":null,"shade_groups":null,"shades":[{"description":"","hex_val":"#4f1915","image":{"height":null,"src":"","width":null},"name":"Velour","smoosh_design":{"group_id":null,"name":"13::none::none"}}],"sizes":[{"key":1,"value":"3.9 g"}],"skin":{"tone":null,"type":null,"type_description":null},"sku_badge":null,"sku_badge_image":null,"sku_display_order":0,"sku_id":"KL3P30","sku_promo_messaging":null,"sku_type":"SE","sku_url":null,"tags":{"total":10,"items":[{"id":"4323","key":"yeni̇-ürünler","value":"YENİ ÜRÜNLER"},{"id":"1590","key":"i̇ndi̇ri̇mli̇-ürünler","value":"İNDİRİMLİ ÜRÜNLER"},{"id":"1605","key":"ruj","value":"RUJ"},{"id":"1575","key":"en-çok-satanlar","value":"En Çok Satanlar"},{"id":"13562","key":"yeni̇-yil-makyaj","value":"YENİ YIL MAKYAJ"},{"id":"9427","key":"whatsnew","value":"what'snew"},{"id":"25565","key":"justarrivednew","value":"justarrivednew"},{"id":"27172","key":"day5flashsale","value":"Day5FlashSale"},{"id":"27171","key":"day4flashsale","value":"Day4FlashSale"},{"id":"27174","key":"day7flashsale","value":"Day7FlashSale"}]},"texture":null,"undertone":null,"unit_of_measure":null,"unit_size":null,"unit_size_formatted":null,"upc":"192333012574","vto":{"is_color_experience":null,"is_foundation_experience":null}},{"color_family":null,"coverage_options":null,"cross_sell":null,"display_status":7,"finish":null,"finish_options":null,"fragrances":[{"family":null,"key":null,"value":null}],"iln_listing":null,"iln_version_number":null,"inventory_status":"Active","is_active":true,"is_coming_soon":null,"is_default_sku":false,"is_discountable":true,"is_displayable":null,"is_engravable":null,"is_fragrance":null,"is_giftable":null,"is_giftwrap":false,"is_inactive":null,"is_multi_shaded":null,"is_out_of_stock":null,"is_preorder":false,"is_preorderable":null,"is_promotional":null,"is_replenishable":false,"is_search_suppressed":null,"is_searchable":true,"is_shaded":null,"is_sized":null,"is_sold_out":null,"is_under_weight_hazmat":false,"is_vto_enabled":null,"life_of_product":"Basic Reorder","material_code":"KL3P290000","media":{"large":[{"alt":"Even Better Pop Ruj","height":1200,"position":1,"src":"/media/export/cms/products/1200x1500/cl_sku_KL3P29_1200x1500_0.png","type":"image","width":1500}],"medium":[{"alt":"Even Better Pop Ruj","height":600,"position":2,"src":"/media/export/cms/products/600x750/cl_sku_KL3P29_600x750_0.png","type":"image","width":750}],"model":null,"poster":null,"small":[{"alt":"Even Better Pop Ruj","height":1200,"position":3,"src":"/media/export/cms/products/1200x1500/cl_sku_KL3P29_1200x1500_0.png","type":"image","width":1500}],"smoosh":[{"alt":"Even Better Pop Ruj","height":1200,"position":0,"src":"/media/export/cms/products/1200x1500/swatches_v3/13_ns_ng.png","type":"image","width":1500}],"xl":null},"out_of_stock_threshold":null,"perlgem":{"SKU_BASE_ID":107864},"preorder_date":null,"prices":[{"currency":"TRY","exclude_tax":{"original_price":165,"original_price_formatted":"165.00 TL","price":165,"price_formatted":"165.00 TL","price_per_unit":null,"price_per_unit_formatted":""},"include_tax":{"original_price":165,"original_price_formatted":"165.00 TL","price":165,"price_formatted":"165.00 TL","price_per_unit":null,"price_per_unit_formatted":""},"is_discounted":false}],"purchase_limit":null,"replenishment":{"message":null},"reviews":{"average_rating":null,"number_of_questions":null,"number_of_reviews":null},"set_components":null,"shade_groups":null,"shades":[{"description":"","hex_val":"#59251d","image":{"height":null,"src":"","width":null},"name":"Velvet Kisses","smoosh_design":{"group_id":null,"name":"13::none::none"}}],"sizes":[{"key":1,"value":"3.9 g"}],"skin":{"tone":null,"type":null,"type_description":null},"sku_badge":null,"sku_badge_image":null,"sku_display_order":0,"sku_id":"KL3P29","sku_promo_messaging":null,"sku_type":"SE","sku_url":null,"tags":{"total":10,"items":[{"id":"4323","key":"yeni̇-ürünler","value":"YENİ ÜRÜNLER"},{"id":"1590","key":"i̇ndi̇ri̇mli̇-ürünler","value":"İNDİRİMLİ ÜRÜNLER"},{"id":"1605","key":"ruj","value":"RUJ"},{"id":"1575","key":"en-çok-satanlar","value":"En Çok Satanlar"},{"id":"13562","key":"yeni̇-yil-makyaj","value":"YENİ YIL MAKYAJ"},{"id":"9427","key":"whatsnew","value":"what'snew"},{"id":"25565","key":"justarrivednew","value":"justarrivednew"},{"id":"27172","key":"day5flashsale","value":"Day5FlashSale"},{"id":"27171","key":"day4flashsale","value":"Day4FlashSale"},{"id":"27174","key":"day7flashsale","value":"Day7FlashSale"}]},"texture":null,"undertone":null,"unit_of_measure":null,"unit_size":null,"unit_size_formatted":null,"upc":"192333012567","vto":{"is_color_experience":null,"is_foundation_experience":null}},{"color_family":null,"coverage_options":null,"cross_sell":null,"display_status":7,"finish":null,"finish_options":null,"fragrances":[{"family":null,"key":null,"value":null}],"iln_listing":null,"iln_version_number":null,"inventory_status":"Active","is_active":true,"is_coming_soon":null,"is_default_sku":false,"is_discountable":true,"is_displayable":null,"is_engravable":null,"is_fragrance":null,"is_giftable":null,"is_giftwrap":false,"is_inactive":null,"is_multi_shaded":null,"is_out_of_stock":null,"is_preorder":false,"is_preorderable":null,"is_promotional":null,"is_replenishable":false,"is_search_suppressed":null,"is_searchable":true,"is_shaded":null,"is_sized":null,"is_sold_out":null,"is_under_weight_hazmat":false,"is_vto_enabled":null,"life_of_product":"Basic Reorder","material_code":"KL3P250000","media":{"large":[{"alt":"Even Better Pop Ruj","height":1200,"position":1,"src":"/media/export/cms/products/1200x1500/cl_sku_KL3P25_1200x1500_0.png","type":"image","width":1500}],"medium":[{"alt":"Even Better Pop Ruj","height":600,"position":2,"src":"/media/export/cms/products/600x750/cl_sku_KL3P25_600x750_0.png","type":"image","width":750}],"model":null,"poster":null,"small":[{"alt":"Even Better Pop Ruj","height":1200,"position":3,"src":"/media/export/cms/products/1200x1500/cl_sku_KL3P25_1200x1500_0.png","type":"image","width":1500}],"smoosh":[{"alt":"Even Better Pop Ruj","height":1200,"position":0,"src":"/media/export/cms/products/1200x1500/swatches_v3/13_ns_ng.png","type":"image","width":1500}],"xl":null},"out_of_stock_threshold":null,"perlgem":{"SKU_BASE_ID":107860},"preorder_date":null,"prices":[{"currency":"TRY","exclude_tax":{"original_price":165,"original_price_formatted":"165.00 TL","price":165,"price_formatted":"165.00 TL","price_per_unit":null,"price_per_unit_formatted":""},"include_tax":{"original_price":165,"original_price_formatted":"165.00 TL","price":165,"price_formatted":"165.00 TL","price_per_unit":null,"price_per_unit_formatted":""},"is_discounted":false}],"purchase_limit":null,"replenishment":{"message":null},"reviews":{"average_rating":null,"number_of_questions":null,"number_of_reviews":null},"set_components":null,"shade_groups":null,"shades":[{"description":"","hex_val":"#904a47","image":{"height":null,"src":"","width":null},"name":"Luscious","smoosh_design":{"group_id":null,"name":"13::none::none"}}],"sizes":[{"key":1,"value":"3.9 g"}],"skin":{"tone":null,"type":null,"type_description":null},"sku_badge":null,"sku_badge_image":null,"sku_display_order":0,"sku_id":"KL3P25","sku_promo_messaging":null,"sku_type":"SE","sku_url":null,"tags":{"total":9,"items":[{"id":"4323","key":"yeni̇-ürünler","value":"YENİ ÜRÜNLER"},{"id":"1605","key":"ruj","value":"RUJ"},{"id":"1575","key":"en-çok-satanlar","value":"En Çok Satanlar"},{"id":"13562","key":"yeni̇-yil-makyaj","value":"YENİ YIL MAKYAJ"},{"id":"9427","key":"whatsnew","value":"what'snew"},{"id":"25565","key":"justarrivednew","value":"justarrivednew"},{"id":"27172","key":"day5flashsale","value":"Day5FlashSale"},{"id":"27171","key":"day4flashsale","value":"Day4FlashSale"},{"id":"27174","key":"day7flashsale","value":"Day7FlashSale"}]},"texture":null,"undertone":null,"unit_of_measure":null,"unit_size":null,"unit_size_formatted":null,"upc":"192333012529","vto":{"is_color_experience":null,"is_foundation_experience":null}},{"color_family":null,"coverage_options":null,"cross_sell":null,"display_status":7,"finish":null,"finish_options":null,"fragrances":[{"family":null,"key":null,"value":null}],"iln_listing":null,"iln_version_number":null,"inventory_status":"Active","is_active":true,"is_coming_soon":null,"is_default_sku":false,"is_discountable":true,"is_displayable":null,"is_engravable":null,"is_fragrance":null,"is_giftable":null,"is_giftwrap":false,"is_inactive":null,"is_multi_shaded":null,"is_out_of_stock":null,"is_preorder":false,"is_preorderable":null,"is_promotional":null,"is_replenishable":false,"is_search_suppressed":null,"is_searchable":true,"is_shaded":null,"is_sized":null,"is_sold_out":null,"is_under_weight_hazmat":false,"is_vto_enabled":null,"life_of_product":"Basic Reorder","material_code":"KL3P240000","media":{"large":[{"alt":"Even Better Pop Ruj","height":1200,"position":1,"src":"/media/export/cms/products/1200x1500/cl_sku_KL3P24_1200x1500_0.png","type":"image","width":1500}],"medium":[{"alt":"Even Better Pop Ruj","height":600,"position":2,"src":"/media/export/cms/products/600x750/cl_sku_KL3P24_600x750_0.png","type":"image","width":750}],"model":null,"poster":null,"small":[{"alt":"Even Better Pop Ruj","height":1200,"position":3,"src":"/media/export/cms/products/1200x1500/cl_sku_KL3P24_1200x1500_0.png","type":"image","width":1500}],"smoosh":[{"alt":"Even Better Pop Ruj","height":1200,"position":0,"src":"/media/export/cms/products/1200x1500/swatches_v3/13_ns_ng.png","type":"image","width":1500}],"xl":null},"out_of_stock_threshold":null,"perlgem":{"SKU_BASE_ID":107859},"preorder_date":null,"prices":[{"currency":"TRY","exclude_tax":{"original_price":165,"original_price_formatted":"165.00 TL","price":165,"price_formatted":"165.00 TL","price_per_unit":null,"price_per_unit_formatted":""},"include_tax":{"original_price":165,"original_price_formatted":"165.00 TL","price":165,"price_formatted":"165.00 TL","price_per_unit":null,"price_per_unit_formatted":""},"is_discounted":false}],"purchase_limit":null,"replenishment":{"message":null},"reviews":{"average_rating":null,"number_of_questions":null,"number_of_reviews":null},"set_components":null,"shade_groups":null,"shades":[{"description":"","hex_val":"#803f43","image":{"height":null,"src":"","width":null},"name":"Embrace Me","smoosh_design":{"group_id":null,"name":"13::none::none"}}],"sizes":[{"key":1,"value":"3.9 g"}],"skin":{"tone":null,"type":null,"type_description":null},"sku_badge":null,"sku_badge_image":null,"sku_display_order":0,"sku_id":"KL3P24","sku_promo_messaging":null,"sku_type":"SE","sku_url":null,"tags":{"total":10,"items":[{"id":"4323","key":"yeni̇-ürünler","value":"YENİ ÜRÜNLER"},{"id":"1590","key":"i̇ndi̇ri̇mli̇-ürünler","value":"İNDİRİMLİ ÜRÜNLER"},{"id":"1605","key":"ruj","value":"RUJ"},{"id":"1575","key":"en-çok-satanlar","value":"En Çok Satanlar"},{"id":"13562","key":"yeni̇-yil-makyaj","value":"YENİ YIL MAKYAJ"},{"id":"9427","key":"whatsnew","value":"what'snew"},{"id":"25565","key":"justarrivednew","value":"justarrivednew"},{"id":"27172","key":"day5flashsale","value":"Day5FlashSale"},{"id":"27171","key":"day4flashsale","value":"Day4FlashSale"},{"id":"27174","key":"day7flashsale","value":"Day7FlashSale"}]},"texture":null,"undertone":null,"unit_of_measure":null,"unit_size":null,"unit_size_formatted":null,"upc":"192333012512","vto":{"is_color_experience":null,"is_foundation_experience":null}},{"color_family":null,"coverage_options":null,"cross_sell":null,"display_status":7,"finish":null,"finish_options":null,"fragrances":[{"family":null,"key":null,"value":null}],"iln_listing":null,"iln_version_number":null,"inventory_status":"Active","is_active":true,"is_coming_soon":null,"is_default_sku":true,"is_discountable":true,"is_displayable":null,"is_engravable":null,"is_fragrance":null,"is_giftable":null,"is_giftwrap":false,"is_inactive":null,"is_multi_shaded":null,"is_out_of_stock":null,"is_preorder":false,"is_preorderable":null,"is_promotional":null,"is_replenishable":false,"is_search_suppressed":null,"is_searchable":true,"is_shaded":null,"is_sized":null,"is_sold_out":null,"is_under_weight_hazmat":false,"is_vto_enabled":null,"life_of_product":"Basic Reorder","material_code":"KL3P030000","media":{"large":[{"alt":"Even Better Pop Ruj","height":1200,"position":1,"src":"/media/export/cms/products/1200x1500/cl_sku_KL3P03_1200x1500_0.png","type":"image","width":1500}],"medium":[{"alt":"Even Better Pop Ruj","height":600,"position":2,"src":"/media/export/cms/products/600x750/cl_sku_KL3P03_600x750_0.png","type":"image","width":750},{"alt":"Even Better Pop Ruj","height":600,"position":3,"src":"/media/export/cms/products/600x750/cl_sku_KL3P03_600x750_1.png","type":"image","width":750}],"model":null,"poster":null,"small":[{"alt":"Even Better Pop Ruj","height":1200,"position":4,"src":"/media/export/cms/products/1200x1500/cl_sku_KL3P03_1200x1500_0.png","type":"image","width":1500}],"smoosh":[{"alt":"Even Better Pop Ruj","height":1200,"position":0,"src":"/media/export/cms/products/1200x1500/swatches_v3/13_ns_ng.png","type":"image","width":1500}],"xl":null},"out_of_stock_threshold":null,"perlgem":{"SKU_BASE_ID":107459},"preorder_date":null,"prices":[{"currency":"TRY","exclude_tax":{"original_price":165,"original_price_formatted":"165.00 TL","price":165,"price_formatted":"165.00 TL","price_per_unit":null,"price_per_unit_formatted":""},"include_tax":{"original_price":165,"original_price_formatted":"165.00 TL","price":165,"price_formatted":"165.00 TL","price_per_unit":null,"price_per_unit_formatted":""},"is_discounted":false}],"purchase_limit":null,"replenishment":{"message":null},"reviews":{"average_rating":null,"number_of_questions":null,"number_of_reviews":null},"set_components":null,"shade_groups":null,"shades":[{"description":"","hex_val":"#d36d68","image":{"height":null,"src":"","width":null},"name":"Romanced","smoosh_design":{"group_id":null,"name":"13::none::none"}}],"sizes":[{"key":1,"value":"3.9 g"}],"skin":{"tone":null,"type":null,"type_description":null},"sku_badge":null,"sku_badge_image":null,"sku_display_order":0,"sku_id":"KL3P03","sku_promo_messaging":null,"sku_type":"SE","sku_url":null,"tags":{"total":8,"items":[{"id":"4323","key":"yeni̇-ürünler","value":"YENİ ÜRÜNLER"},{"id":"1605","key":"ruj","value":"RUJ"},{"id":"1575","key":"en-çok-satanlar","value":"En Çok Satanlar"},{"id":"13562","key":"yeni̇-yil-makyaj","value":"YENİ YIL MAKYAJ"},{"id":"9427","key":"whatsnew","value":"what'snew"},{"id":"25565","key":"justarrivednew","value":"justarrivednew"},{"id":"27172","key":"day5flashsale","value":"Day5FlashSale"},{"id":"27171","key":"day4flashsale","value":"Day4FlashSale"}]},"texture":null,"undertone":null,"unit_of_measure":null,"unit_size":null,"unit_size_formatted":null,"upc":"192333012307","vto":{"is_color_experience":null,"is_foundation_experience":null}},{"color_family":null,"coverage_options":null,"cross_sell":null,"display_status":7,"finish":null,"finish_options":null,"fragrances":[{"family":null,"key":null,"value":null}],"iln_listing":null,"iln_version_number":null,"inventory_status":"Active","is_active":true,"is_coming_soon":null,"is_default_sku":false,"is_discountable":true,"is_displayable":null,"is_engravable":null,"is_fragrance":null,"is_giftable":null,"is_giftwrap":false,"is_inactive":null,"is_multi_shaded":null,"is_out_of_stock":null,"is_preorder":false,"is_preorderable":null,"is_promotional":null,"is_replenishable":false,"is_search_suppressed":null,"is_searchable":true,"is_shaded":null,"is_sized":null,"is_sold_out":null,"is_under_weight_hazmat":false,"is_vto_enabled":null,"life_of_product":"Basic Reorder","material_code":"KL3P280000","media":{"large":[{"alt":"Even Better Pop Ruj","height":1200,"position":1,"src":"/media/export/cms/products/1200x1500/cl_sku_KL3P28_1200x1500_0.png","type":"image","width":1500}],"medium":[{"alt":"Even Better Pop Ruj","height":600,"position":2,"src":"/media/export/cms/products/600x750/cl_sku_KL3P28_600x750_0.png","type":"image","width":750}],"model":null,"poster":null,"small":[{"alt":"Even Better Pop Ruj","height":1200,"position":3,"src":"/media/export/cms/products/1200x1500/cl_sku_KL3P28_1200x1500_0.png","type":"image","width":1500}],"smoosh":[{"alt":"Even Better Pop Ruj","height":1200,"position":0,"src":"/media/export/cms/products/1200x1500/swatches_v3/13_ns_ng.png","type":"image","width":1500}],"xl":null},"out_of_stock_threshold":null,"perlgem":{"SKU_BASE_ID":107863},"preorder_date":null,"prices":[{"currency":"TRY","exclude_tax":{"original_price":165,"original_price_formatted":"165.00 TL","price":165,"price_formatted":"165.00 TL","price_per_unit":null,"price_per_unit_formatted":""},"include_tax":{"original_price":165,"original_price_formatted":"165.00 TL","price":165,"price_formatted":"165.00 TL","price_per_unit":null,"price_per_unit_formatted":""},"is_discounted":false}],"purchase_limit":null,"replenishment":{"message":null},"reviews":{"average_rating":null,"number_of_questions":null,"number_of_reviews":null},"set_components":null,"shade_groups":null,"shades":[{"description":"","hex_val":"#78473a","image":{"height":null,"src":"","width":null},"name":"Mink","smoosh_design":{"group_id":null,"name":"13::none::none"}}],"sizes":[{"key":1,"value":"3.9 g"}],"skin":{"tone":null,"type":null,"type_description":null},"sku_badge":null,"sku_badge_image":null,"sku_display_order":0,"sku_id":"KL3P28","sku_promo_messaging":null,"sku_type":"SE","sku_url":null,"tags":{"total":9,"items":[{"id":"4323","key":"yeni̇-ürünler","value":"YENİ ÜRÜNLER"},{"id":"1605","key":"ruj","value":"RUJ"},{"id":"1575","key":"en-çok-satanlar","value":"En Çok Satanlar"},{"id":"13562","key":"yeni̇-yil-makyaj","value":"YENİ YIL MAKYAJ"},{"id":"9427","key":"whatsnew","value":"what'snew"},{"id":"25565","key":"justarrivednew","value":"justarrivednew"},{"id":"27172","key":"day5flashsale","value":"Day5FlashSale"},{"id":"27171","key":"day4flashsale","value":"Day4FlashSale"},{"id":"27174","key":"day7flashsale","value":"Day7FlashSale"}]},"texture":null,"undertone":null,"unit_of_measure":null,"unit_size":null,"unit_size_formatted":null,"upc":"192333012550","vto":{"is_color_experience":null,"is_foundation_experience":null}},{"color_family":null,"coverage_options":null,"cross_sell":null,"display_status":7,"finish":null,"finish_options":null,"fragrances":[{"family":null,"key":null,"value":null}],"iln_listing":null,"iln_version_number":null,"inventory_status":"Active","is_active":true,"is_coming_soon":null,"is_default_sku":false,"is_discountable":true,"is_displayable":null,"is_engravable":null,"is_fragrance":null,"is_giftable":null,"is_giftwrap":false,"is_inactive":null,"is_multi_shaded":null,"is_out_of_stock":null,"is_preorder":false,"is_preorderable":null,"is_promotional":null,"is_replenishable":false,"is_search_suppressed":null,"is_searchable":true,"is_shaded":null,"is_sized":null,"is_sold_out":null,"is_under_weight_hazmat":false,"is_vto_enabled":null,"life_of_product":"Basic Reorder","material_code":"KL3P140000","media":{"large":[{"alt":"Even Better Pop Ruj","height":1200,"position":1,"src":"/media/export/cms/products/1200x1500/cl_sku_KL3P14_1200x1500_0.png","type":"image","width":1500}],"medium":[{"alt":"Even Better Pop Ruj","height":600,"position":2,"src":"/media/export/cms/products/600x750/cl_sku_KL3P14_600x750_0.png","type":"image","width":750}],"model":null,"poster":null,"small":[{"alt":"Even Better Pop Ruj","height":1200,"position":3,"src":"/media/export/cms/products/1200x1500/cl_sku_KL3P14_1200x1500_0.png","type":"image","width":1500}],"smoosh":[{"alt":"Even Better Pop Ruj","height":1200,"position":0,"src":"/media/export/cms/products/1200x1500/swatches_v3/13_ns_ng.png","type":"image","width":1500}],"xl":null},"out_of_stock_threshold":null,"perlgem":{"SKU_BASE_ID":107470},"preorder_date":null,"prices":[{"currency":"TRY","exclude_tax":{"original_price":165,"original_price_formatted":"165.00 TL","price":165,"price_formatted":"165.00 TL","price_per_unit":null,"price_per_unit_formatted":""},"include_tax":{"original_price":165,"original_price_formatted":"165.00 TL","price":165,"price_formatted":"165.00 TL","price_per_unit":null,"price_per_unit_formatted":""},"is_discounted":false}],"purchase_limit":null,"replenishment":{"message":null},"reviews":{"average_rating":null,"number_of_questions":null,"number_of_reviews":null},"set_components":null,"shade_groups":null,"shades":[{"description":"","hex_val":"#a5524b","image":{"height":null,"src":"","width":null},"name":"Nestled","smoosh_design":{"group_id":null,"name":"13::none::none"}}],"sizes":[{"key":1,"value":"3.9 g"}],"skin":{"tone":null,"type":null,"type_description":null},"sku_badge":null,"sku_badge_image":null,"sku_display_order":0,"sku_id":"KL3P14","sku_promo_messaging":null,"sku_type":"SE","sku_url":null,"tags":{"total":9,"items":[{"id":"4323","key":"yeni̇-ürünler","value":"YENİ ÜRÜNLER"},{"id":"1590","key":"i̇ndi̇ri̇mli̇-ürünler","value":"İNDİRİMLİ ÜRÜNLER"},{"id":"1605","key":"ruj","value":"RUJ"},{"id":"1575","key":"en-çok-satanlar","value":"En Çok Satanlar"},{"id":"9427","key":"whatsnew","value":"what'snew"},{"id":"25565","key":"justarrivednew","value":"justarrivednew"},{"id":"27172","key":"day5flashsale","value":"Day5FlashSale"},{"id":"27171","key":"day4flashsale","value":"Day4FlashSale"},{"id":"27174","key":"day7flashsale","value":"Day7FlashSale"}]},"texture":null,"undertone":null,"unit_of_measure":null,"unit_size":null,"unit_size_formatted":null,"upc":"192333012413","vto":{"is_color_experience":null,"is_foundation_experience":null}},{"color_family":null,"coverage_options":null,"cross_sell":null,"display_status":7,"finish":null,"finish_options":null,"fragrances":[{"family":null,"key":null,"value":null}],"iln_listing":null,"iln_version_number":null,"inventory_status":"Active","is_active":true,"is_coming_soon":null,"is_default_sku":false,"is_discountable":true,"is_displayable":null,"is_engravable":null,"is_fragrance":null,"is_giftable":null,"is_giftwrap":false,"is_inactive":null,"is_multi_shaded":null,"is_out_of_stock":null,"is_preorder":false,"is_preorderable":null,"is_promotional":null,"is_replenishable":false,"is_search_suppressed":null,"is_searchable":true,"is_shaded":null,"is_sized":null,"is_sold_out":null,"is_under_weight_hazmat":false,"is_vto_enabled":null,"life_of_product":"Basic Reorder","material_code":"KL3P180000","media":{"large":[{"alt":"Even Better Pop Ruj","height":1200,"position":1,"src":"/media/export/cms/products/1200x1500/cl_sku_KL3P18_1200x1500_0.png","type":"image","width":1500}],"medium":[{"alt":"Even Better Pop Ruj","height":600,"position":2,"src":"/media/export/cms/products/600x750/cl_sku_KL3P18_600x750_0.png","type":"image","width":750}],"model":null,"poster":null,"small":[{"alt":"Even Better Pop Ruj","height":1200,"position":3,"src":"/media/export/cms/products/1200x1500/cl_sku_KL3P18_1200x1500_0.png","type":"image","width":1500}],"smoosh":[{"alt":"Even Better Pop Ruj","height":1200,"position":0,"src":"/media/export/cms/products/1200x1500/swatches_v3/13_ns_ng.png","type":"image","width":1500}],"xl":null},"out_of_stock_threshold":null,"perlgem":{"SKU_BASE_ID":107514},"preorder_date":null,"prices":[{"currency":"TRY","exclude_tax":{"original_price":165,"original_price_formatted":"165.00 TL","price":165,"price_formatted":"165.00 TL","price_per_unit":null,"price_per_unit_formatted":""},"include_tax":{"original_price":165,"original_price_formatted":"165.00 TL","price":165,"price_formatted":"165.00 TL","price_per_unit":null,"price_per_unit_formatted":""},"is_discounted":false}],"purchase_limit":null,"replenishment":{"message":null},"reviews":{"average_rating":null,"number_of_questions":null,"number_of_reviews":null},"set_components":null,"shade_groups":null,"shades":[{"description":"","hex_val":"#9f4a40","image":{"height":null,"src":"","width":null},"name":"Tickled","smoosh_design":{"group_id":null,"name":"13::none::none"}}],"sizes":[{"key":1,"value":"3.9 g"}],"skin":{"tone":null,"type":null,"type_description":null},"sku_badge":null,"sku_badge_image":null,"sku_display_order":0,"sku_id":"KL3P18","sku_promo_messaging":null,"sku_type":"SE","sku_url":null,"tags":{"total":9,"items":[{"id":"4323","key":"yeni̇-ürünler","value":"YENİ ÜRÜNLER"},{"id":"1590","key":"i̇ndi̇ri̇mli̇-ürünler","value":"İNDİRİMLİ ÜRÜNLER"},{"id":"1605","key":"ruj","value":"RUJ"},{"id":"1575","key":"en-çok-satanlar","value":"En Çok Satanlar"},{"id":"9427","key":"whatsnew","value":"what'snew"},{"id":"25565","key":"justarrivednew","value":"justarrivednew"},{"id":"27172","key":"day5flashsale","value":"Day5FlashSale"},{"id":"27171","key":"day4flashsale","value":"Day4FlashSale"},{"id":"27174","key":"day7flashsale","value":"Day7FlashSale"}]},"texture":null,"undertone":null,"unit_of_measure":null,"unit_size":null,"unit_size_formatted":null,"upc":"192333012451","vto":{"is_color_experience":null,"is_foundation_experience":null}},{"color_family":null,"coverage_options":null,"cross_sell":null,"display_status":7,"finish":null,"finish_options":null,"fragrances":[{"family":null,"key":null,"value":null}],"iln_listing":null,"iln_version_number":null,"inventory_status":"Active","is_active":true,"is_coming_soon":null,"is_default_sku":false,"is_discountable":true,"is_displayable":null,"is_engravable":null,"is_fragrance":null,"is_giftable":null,"is_giftwrap":false,"is_inactive":null,"is_multi_shaded":null,"is_out_of_stock":null,"is_preorder":false,"is_preorderable":null,"is_promotional":null,"is_replenishable":false,"is_search_suppressed":null,"is_searchable":true,"is_shaded":null,"is_sized":null,"is_sold_out":null,"is_under_weight_hazmat":false,"is_vto_enabled":null,"life_of_product":"Basic Reorder","material_code":"KL3P230000","media":{"large":[{"alt":"Even Better Pop Ruj","height":1200,"position":1,"src":"/media/export/cms/products/1200x1500/cl_sku_KL3P23_1200x1500_0.png","type":"image","width":1500}],"medium":[{"alt":"Even Better Pop Ruj","height":600,"position":2,"src":"/media/export/cms/products/600x750/cl_sku_KL3P23_600x750_0.png","type":"image","width":750}],"model":null,"poster":null,"small":[{"alt":"Even Better Pop Ruj","height":1200,"position":3,"src":"/media/export/cms/products/1200x1500/cl_sku_KL3P23_1200x1500_0.png","type":"image","width":1500}],"smoosh":[{"alt":"Even Better Pop Ruj","height":1200,"position":0,"src":"/media/export/cms/products/1200x1500/swatches_v3/13_ns_ng.png","type":"image","width":1500}],"xl":null},"out_of_stock_threshold":null,"perlgem":{"SKU_BASE_ID":107858},"preorder_date":null,"prices":[{"currency":"TRY","exclude_tax":{"original_price":165,"original_price_formatted":"165.00 TL","price":165,"price_formatted":"165.00 TL","price_per_unit":null,"price_per_unit_formatted":""},"include_tax":{"original_price":165,"original_price_formatted":"165.00 TL","price":165,"price_formatted":"165.00 TL","price_per_unit":null,"price_per_unit_formatted":""},"is_discounted":false}],"purchase_limit":null,"replenishment":{"message":null},"reviews":{"average_rating":null,"number_of_questions":null,"number_of_reviews":null},"set_components":null,"shade_groups":null,"shades":[{"description":"","hex_val":"#934845","image":{"height":null,"src":"","width":null},"name":"Entwined","smoosh_design":{"group_id":null,"name":"13::none::none"}}],"sizes":[{"key":1,"value":"3.9 g"}],"skin":{"tone":null,"type":null,"type_description":null},"sku_badge":null,"sku_badge_image":null,"sku_display_order":0,"sku_id":"KL3P23","sku_promo_messaging":null,"sku_type":"SE","sku_url":null,"tags":{"total":10,"items":[{"id":"4323","key":"yeni̇-ürünler","value":"YENİ ÜRÜNLER"},{"id":"1590","key":"i̇ndi̇ri̇mli̇-ürünler","value":"İNDİRİMLİ ÜRÜNLER"},{"id":"1605","key":"ruj","value":"RUJ"},{"id":"1575","key":"en-çok-satanlar","value":"En Çok Satanlar"},{"id":"13562","key":"yeni̇-yil-makyaj","value":"YENİ YIL MAKYAJ"},{"id":"9427","key":"whatsnew","value":"what'snew"},{"id":"25565","key":"justarrivednew","value":"justarrivednew"},{"id":"27172","key":"day5flashsale","value":"Day5FlashSale"},{"id":"27171","key":"day4flashsale","value":"Day4FlashSale"},{"id":"27174","key":"day7flashsale","value":"Day7FlashSale"}]},"texture":null,"undertone":null,"unit_of_measure":null,"unit_size":null,"unit_size_formatted":null,"upc":"192333012505","vto":{"is_color_experience":null,"is_foundation_experience":null}},{"color_family":null,"coverage_options":null,"cross_sell":null,"display_status":7,"finish":null,"finish_options":null,"fragrances":[{"family":null,"key":null,"value":null}],"iln_listing":null,"iln_version_number":null,"inventory_status":"Active","is_active":true,"is_coming_soon":null,"is_default_sku":false,"is_discountable":true,"is_displayable":null,"is_engravable":null,"is_fragrance":null,"is_giftable":null,"is_giftwrap":false,"is_inactive":null,"is_multi_shaded":null,"is_out_of_stock":null,"is_preorder":false,"is_preorderable":null,"is_promotional":null,"is_replenishable":false,"is_search_suppressed":null,"is_searchable":true,"is_shaded":null,"is_sized":null,"is_sold_out":null,"is_under_weight_hazmat":false,"is_vto_enabled":null,"life_of_product":"Basic Reorder","material_code":"KL3P100000","media":{"large":[{"alt":"Even Better Pop Ruj","height":1200,"position":1,"src":"/media/export/cms/products/1200x1500/cl_sku_KL3P10_1200x1500_0.png","type":"image","width":1500}],"medium":[{"alt":"Even Better Pop Ruj","height":600,"position":2,"src":"/media/export/cms/products/600x750/cl_sku_KL3P10_600x750_0.png","type":"image","width":750}],"model":null,"poster":null,"small":[{"alt":"Even Better Pop Ruj","height":1200,"position":3,"src":"/media/export/cms/products/1200x1500/cl_sku_KL3P10_1200x1500_0.png","type":"image","width":1500}],"smoosh":[{"alt":"Even Better Pop Ruj","height":1200,"position":0,"src":"/media/export/cms/products/1200x1500/swatches_v3/13_ns_ng.png","type":"image","width":1500}],"xl":null},"out_of_stock_threshold":null,"perlgem":{"SKU_BASE_ID":107466},"preorder_date":null,"prices":[{"currency":"TRY","exclude_tax":{"original_price":165,"original_price_formatted":"165.00 TL","price":165,"price_formatted":"165.00 TL","price_per_unit":null,"price_per_unit_formatted":""},"include_tax":{"original_price":165,"original_price_formatted":"165.00 TL","price":165,"price_formatted":"165.00 TL","price_per_unit":null,"price_per_unit_formatted":""},"is_discounted":false}],"purchase_limit":null,"replenishment":{"message":null},"reviews":{"average_rating":null,"number_of_questions":null,"number_of_reviews":null},"set_components":null,"shade_groups":null,"shades":[{"description":"","hex_val":"#ae5e50","image":{"height":null,"src":"","width":null},"name":"Delicate","smoosh_design":{"group_id":null,"name":"13::none::none"}}],"sizes":[{"key":1,"value":"3.9 g"}],"skin":{"tone":null,"type":null,"type_description":null},"sku_badge":null,"sku_badge_image":null,"sku_display_order":0,"sku_id":"KL3P10","sku_promo_messaging":null,"sku_type":"SE","sku_url":null,"tags":{"total":5,"items":[{"id":"1590","key":"i̇ndi̇ri̇mli̇-ürünler","value":"İNDİRİMLİ ÜRÜNLER"},{"id":"1605","key":"ruj","value":"RUJ"},{"id":"27172","key":"day5flashsale","value":"Day5FlashSale"},{"id":"27171","key":"day4flashsale","value":"Day4FlashSale"},{"id":"27174","key":"day7flashsale","value":"Day7FlashSale"}]},"texture":null,"undertone":null,"unit_of_measure":null,"unit_size":null,"unit_size_formatted":null,"upc":"192333012376","vto":{"is_color_experience":null,"is_foundation_experience":null}},{"color_family":null,"coverage_options":null,"cross_sell":null,"display_status":7,"finish":null,"finish_options":null,"fragrances":[{"family":null,"key":null,"value":null}],"iln_listing":null,"iln_version_number":null,"inventory_status":"Active","is_active":true,"is_coming_soon":null,"is_default_sku":false,"is_discountable":true,"is_displayable":null,"is_engravable":null,"is_fragrance":null,"is_giftable":null,"is_giftwrap":false,"is_inactive":null,"is_multi_shaded":null,"is_out_of_stock":null,"is_preorder":false,"is_preorderable":null,"is_promotional":null,"is_replenishable":false,"is_search_suppressed":null,"is_searchable":true,"is_shaded":null,"is_sized":null,"is_sold_out":null,"is_under_weight_hazmat":false,"is_vto_enabled":null,"life_of_product":"Basic Reorder","material_code":"KL3P220000","media":{"large":[{"alt":"Even Better Pop Ruj","height":1200,"position":1,"src":"/media/export/cms/products/1200x1500/cl_sku_KL3P22_1200x1500_0.png","type":"image","width":1500}],"medium":[{"alt":"Even Better Pop Ruj","height":600,"position":2,"src":"/media/export/cms/products/600x750/cl_sku_KL3P22_600x750_0.png","type":"image","width":750}],"model":null,"poster":null,"small":[{"alt":"Even Better Pop Ruj","height":1200,"position":3,"src":"/media/export/cms/products/1200x1500/cl_sku_KL3P22_1200x1500_0.png","type":"image","width":1500}],"smoosh":[{"alt":"Even Better Pop Ruj","height":1200,"position":0,"src":"/media/export/cms/products/1200x1500/swatches_v3/13_ns_ng.png","type":"image","width":1500}],"xl":null},"out_of_stock_threshold":null,"perlgem":{"SKU_BASE_ID":107857},"preorder_date":null,"prices":[{"currency":"TRY","exclude_tax":{"original_price":165,"original_price_formatted":"165.00 TL","price":165,"price_formatted":"165.00 TL","price_per_unit":null,"price_per_unit_formatted":""},"include_tax":{"original_price":165,"original_price_formatted":"165.00 TL","price":165,"price_formatted":"165.00 TL","price_per_unit":null,"price_per_unit_formatted":""},"is_discounted":false}],"purchase_limit":null,"replenishment":{"message":null},"reviews":{"average_rating":null,"number_of_questions":null,"number_of_reviews":null},"set_components":null,"shade_groups":null,"shades":[{"description":"","hex_val":"#7e4a3b","image":{"height":null,"src":"","width":null},"name":"Nuzzle","smoosh_design":{"group_id":null,"name":"13::none::none"}}],"sizes":[{"key":1,"value":"3.9 g"}],"skin":{"tone":null,"type":null,"type_description":null},"sku_badge":null,"sku_badge_image":null,"sku_display_order":0,"sku_id":"KL3P22","sku_promo_messaging":null,"sku_type":"SE","sku_url":null,"tags":{"total":10,"items":[{"id":"4323","key":"yeni̇-ürünler","value":"YENİ ÜRÜNLER"},{"id":"1590","key":"i̇ndi̇ri̇mli̇-ürünler","value":"İNDİRİMLİ ÜRÜNLER"},{"id":"1605","key":"ruj","value":"RUJ"},{"id":"1575","key":"en-çok-satanlar","value":"En Çok Satanlar"},{"id":"13562","key":"yeni̇-yil-makyaj","value":"YENİ YIL MAKYAJ"},{"id":"9427","key":"whatsnew","value":"what'snew"},{"id":"25565","key":"justarrivednew","value":"justarrivednew"},{"id":"27172","key":"day5flashsale","value":"Day5FlashSale"},{"id":"27171","key":"day4flashsale","value":"Day4FlashSale"},{"id":"27174","key":"day7flashsale","value":"Day7FlashSale"}]},"texture":null,"undertone":null,"unit_of_measure":null,"unit_size":null,"unit_size_formatted":null,"upc":"192333012499","vto":{"is_color_experience":null,"is_foundation_experience":null}},{"color_family":null,"coverage_options":null,"cross_sell":null,"display_status":7,"finish":null,"finish_options":null,"fragrances":[{"family":null,"key":null,"value":null}],"iln_listing":null,"iln_version_number":null,"inventory_status":"Active","is_active":true,"is_coming_soon":null,"is_default_sku":false,"is_discountable":true,"is_displayable":null,"is_engravable":null,"is_fragrance":null,"is_giftable":null,"is_giftwrap":false,"is_inactive":null,"is_multi_shaded":null,"is_out_of_stock":null,"is_preorder":false,"is_preorderable":null,"is_promotional":null,"is_replenishable":false,"is_search_suppressed":null,"is_searchable":true,"is_shaded":null,"is_sized":null,"is_sold_out":null,"is_under_weight_hazmat":false,"is_vto_enabled":null,"life_of_product":"Basic Reorder","material_code":"KL3P040000","media":{"large":[{"alt":"Even Better Pop Ruj","height":1200,"position":1,"src":"/media/export/cms/products/1200x1500/cl_sku_KL3P04_1200x1500_0.png","type":"image","width":1500}],"medium":[{"alt":"Even Better Pop Ruj","height":600,"position":2,"src":"/media/export/cms/products/600x750/cl_sku_KL3P04_600x750_0.png","type":"image","width":750}],"model":null,"poster":null,"small":[{"alt":"Even Better Pop Ruj","height":1200,"position":3,"src":"/media/export/cms/products/1200x1500/cl_sku_KL3P04_1200x1500_0.png","type":"image","width":1500}],"smoosh":[{"alt":"Even Better Pop Ruj","height":1200,"position":0,"src":"/media/export/cms/products/1200x1500/swatches_v3/13_ns_ng.png","type":"image","width":1500}],"xl":null},"out_of_stock_threshold":null,"perlgem":{"SKU_BASE_ID":107460},"preorder_date":null,"prices":[{"currency":"TRY","exclude_tax":{"original_price":165,"original_price_formatted":"165.00 TL","price":165,"price_formatted":"165.00 TL","price_per_unit":null,"price_per_unit_formatted":""},"include_tax":{"original_price":165,"original_price_formatted":"165.00 TL","price":165,"price_formatted":"165.00 TL","price_per_unit":null,"price_per_unit_formatted":""},"is_discounted":false}],"purchase_limit":null,"replenishment":{"message":null},"reviews":{"average_rating":null,"number_of_questions":null,"number_of_reviews":null},"set_components":null,"shade_groups":null,"shades":[{"description":"","hex_val":"#cb776e","image":{"height":null,"src":"","width":null},"name":"Subtle","smoosh_design":{"group_id":null,"name":"13::none::none"}}],"sizes":[{"key":1,"value":"3.9 g"}],"skin":{"tone":null,"type":null,"type_description":null},"sku_badge":null,"sku_badge_image":null,"sku_display_order":0,"sku_id":"KL3P04","sku_promo_messaging":null,"sku_type":"SE","sku_url":null,"tags":{"total":7,"items":[{"id":"4323","key":"yeni̇-ürünler","value":"YENİ ÜRÜNLER"},{"id":"1605","key":"ruj","value":"RUJ"},{"id":"1575","key":"en-çok-satanlar","value":"En Çok Satanlar"},{"id":"9427","key":"whatsnew","value":"what'snew"},{"id":"25565","key":"justarrivednew","value":"justarrivednew"},{"id":"27172","key":"day5flashsale","value":"Day5FlashSale"},{"id":"27171","key":"day4flashsale","value":"Day4FlashSale"}]},"texture":null,"undertone":null,"unit_of_measure":null,"unit_size":null,"unit_size_formatted":null,"upc":"192333012314","vto":{"is_color_experience":null,"is_foundation_experience":null}},{"color_family":null,"coverage_options":null,"cross_sell":null,"display_status":7,"finish":null,"finish_options":null,"fragrances":[{"family":null,"key":null,"value":null}],"iln_listing":null,"iln_version_number":null,"inventory_status":"Active","is_active":true,"is_coming_soon":null,"is_default_sku":false,"is_discountable":true,"is_displayable":null,"is_engravable":null,"is_fragrance":null,"is_giftable":null,"is_giftwrap":false,"is_inactive":null,"is_multi_shaded":null,"is_out_of_stock":null,"is_preorder":false,"is_preorderable":null,"is_promotional":null,"is_replenishable":false,"is_search_suppressed":null,"is_searchable":true,"is_shaded":null,"is_sized":null,"is_sold_out":null,"is_under_weight_hazmat":false,"is_vto_enabled":null,"life_of_product":"Basic Reorder","material_code":"KL3P270000","media":{"large":[{"alt":"Even Better Pop Ruj","height":1200,"position":1,"src":"/media/export/cms/products/1200x1500/cl_sku_KL3P27_1200x1500_0.png","type":"image","width":1500}],"medium":[{"alt":"Even Better Pop Ruj","height":600,"position":2,"src":"/media/export/cms/products/600x750/cl_sku_KL3P27_600x750_0.png","type":"image","width":750}],"model":null,"poster":null,"small":[{"alt":"Even Better Pop Ruj","height":1200,"position":3,"src":"/media/export/cms/products/1200x1500/cl_sku_KL3P27_1200x1500_0.png","type":"image","width":1500}],"smoosh":[{"alt":"Even Better Pop Ruj","height":1200,"position":0,"src":"/media/export/cms/products/1200x1500/swatches_v3/13_ns_ng.png","type":"image","width":1500}],"xl":null},"out_of_stock_threshold":null,"perlgem":{"SKU_BASE_ID":107862},"preorder_date":null,"prices":[{"currency":"TRY","exclude_tax":{"original_price":165,"original_price_formatted":"165.00 TL","price":165,"price_formatted":"165.00 TL","price_per_unit":null,"price_per_unit_formatted":""},"include_tax":{"original_price":165,"original_price_formatted":"165.00 TL","price":165,"price_formatted":"165.00 TL","price_per_unit":null,"price_per_unit_formatted":""},"is_discounted":false}],"purchase_limit":null,"replenishment":{"message":null},"reviews":{"average_rating":null,"number_of_questions":null,"number_of_reviews":null},"set_components":null,"shade_groups":null,"shades":[{"description":"","hex_val":"#6f383d","image":{"height":null,"src":"","width":null},"name":"Sable","smoosh_design":{"group_id":null,"name":"13::none::none"}}],"sizes":[{"key":1,"value":"3.9 g"}],"skin":{"tone":null,"type":null,"type_description":null},"sku_badge":null,"sku_badge_image":null,"sku_display_order":0,"sku_id":"KL3P27","sku_promo_messaging":null,"sku_type":"SE","sku_url":null,"tags":{"total":10,"items":[{"id":"4323","key":"yeni̇-ürünler","value":"YENİ ÜRÜNLER"},{"id":"1590","key":"i̇ndi̇ri̇mli̇-ürünler","value":"İNDİRİMLİ ÜRÜNLER"},{"id":"1605","key":"ruj","value":"RUJ"},{"id":"1575","key":"en-çok-satanlar","value":"En Çok Satanlar"},{"id":"13562","key":"yeni̇-yil-makyaj","value":"YENİ YIL MAKYAJ"},{"id":"9427","key":"whatsnew","value":"what'snew"},{"id":"25565","key":"justarrivednew","value":"justarrivednew"},{"id":"27172","key":"day5flashsale","value":"Day5FlashSale"},{"id":"27171","key":"day4flashsale","value":"Day4FlashSale"},{"id":"27174","key":"day7flashsale","value":"Day7FlashSale"}]},"texture":null,"undertone":null,"unit_of_measure":null,"unit_size":null,"unit_size_formatted":null,"upc":"192333012543","vto":{"is_color_experience":null,"is_foundation_experience":null}},{"color_family":null,"coverage_options":null,"cross_sell":null,"display_status":7,"finish":null,"finish_options":null,"fragrances":[{"family":null,"key":null,"value":null}],"iln_listing":null,"iln_version_number":null,"inventory_status":"Active","is_active":true,"is_coming_soon":null,"is_default_sku":false,"is_discountable":true,"is_displayable":null,"is_engravable":null,"is_fragrance":null,"is_giftable":null,"is_giftwrap":false,"is_inactive":null,"is_multi_shaded":null,"is_out_of_stock":null,"is_preorder":false,"is_preorderable":null,"is_promotional":null,"is_replenishable":false,"is_search_suppressed":null,"is_searchable":true,"is_shaded":null,"is_sized":null,"is_sold_out":null,"is_under_weight_hazmat":false,"is_vto_enabled":null,"life_of_product":"Basic Reorder","material_code":"KL3P130000","media":{"large":[{"alt":"Even Better Pop Ruj","height":1200,"position":1,"src":"/media/export/cms/products/1200x1500/cl_sku_KL3P13_1200x1500_0.png","type":"image","width":1500}],"medium":[{"alt":"Even Better Pop Ruj","height":600,"position":2,"src":"/media/export/cms/products/600x750/cl_sku_KL3P13_600x750_0.png","type":"image","width":750}],"model":null,"poster":null,"small":[{"alt":"Even Better Pop Ruj","height":1200,"position":3,"src":"/media/export/cms/products/1200x1500/cl_sku_KL3P13_1200x1500_0.png","type":"image","width":1500}],"smoosh":[{"alt":"Even Better Pop Ruj","height":1200,"position":0,"src":"/media/export/cms/products/1200x1500/swatches_v3/13_ns_ng.png","type":"image","width":1500}],"xl":null},"out_of_stock_threshold":null,"perlgem":{"SKU_BASE_ID":107468},"preorder_date":null,"prices":[{"currency":"TRY","exclude_tax":{"original_price":165,"original_price_formatted":"165.00 TL","price":165,"price_formatted":"165.00 TL","price_per_unit":null,"price_per_unit_formatted":""},"include_tax":{"original_price":165,"original_price_formatted":"165.00 TL","price":165,"price_formatted":"165.00 TL","price_per_unit":null,"price_per_unit_formatted":""},"is_discounted":false}],"purchase_limit":null,"replenishment":{"message":null},"reviews":{"average_rating":null,"number_of_questions":null,"number_of_reviews":null},"set_components":null,"shade_groups":null,"shades":[{"description":"","hex_val":"#a25247","image":{"height":null,"src":"","width":null},"name":"Closer","smoosh_design":{"group_id":null,"name":"13::none::none"}}],"sizes":[{"key":1,"value":"3.9 g"}],"skin":{"tone":null,"type":null,"type_description":null},"sku_badge":null,"sku_badge_image":null,"sku_display_order":0,"sku_id":"KL3P13","sku_promo_messaging":null,"sku_type":"SE","sku_url":null,"tags":{"total":9,"items":[{"id":"4323","key":"yeni̇-ürünler","value":"YENİ ÜRÜNLER"},{"id":"1605","key":"ruj","value":"RUJ"},{"id":"1575","key":"en-çok-satanlar","value":"En Çok Satanlar"},{"id":"13562","key":"yeni̇-yil-makyaj","value":"YENİ YIL MAKYAJ"},{"id":"9427","key":"whatsnew","value":"what'snew"},{"id":"25565","key":"justarrivednew","value":"justarrivednew"},{"id":"27172","key":"day5flashsale","value":"Day5FlashSale"},{"id":"27171","key":"day4flashsale","value":"Day4FlashSale"},{"id":"27174","key":"day7flashsale","value":"Day7FlashSale"}]},"texture":null,"undertone":null,"unit_of_measure":null,"unit_size":null,"unit_size_formatted":null,"upc":"192333012406","vto":{"is_color_experience":null,"is_foundation_experience":null}},{"color_family":null,"coverage_options":null,"cross_sell":null,"display_status":7,"finish":null,"finish_options":null,"fragrances":[{"family":null,"key":null,"value":null}],"iln_listing":null,"iln_version_number":null,"inventory_status":"Active","is_active":true,"is_coming_soon":null,"is_default_sku":false,"is_discountable":true,"is_displayable":null,"is_engravable":null,"is_fragrance":null,"is_giftable":null,"is_giftwrap":false,"is_inactive":null,"is_multi_shaded":null,"is_out_of_stock":null,"is_preorder":false,"is_preorderable":null,"is_promotional":null,"is_replenishable":false,"is_search_suppressed":null,"is_searchable":true,"is_shaded":null,"is_sized":null,"is_sold_out":null,"is_under_weight_hazmat":false,"is_vto_enabled":null,"life_of_product":"Basic Reorder","material_code":"KL3P080000","media":{"large":[{"alt":"Even Better Pop Ruj","height":1200,"position":1,"src":"/media/export/cms/products/1200x1500/cl_sku_KL3P08_1200x1500_0.png","type":"image","width":1500}],"medium":[{"alt":"Even Better Pop Ruj","height":600,"position":2,"src":"/media/export/cms/products/600x750/cl_sku_KL3P08_600x750_0.png","type":"image","width":750}],"model":null,"poster":null,"small":[{"alt":"Even Better Pop Ruj","height":1200,"position":3,"src":"/media/export/cms/products/1200x1500/cl_sku_KL3P08_1200x1500_0.png","type":"image","width":1500}],"smoosh":[{"alt":"Even Better Pop Ruj","height":1200,"position":0,"src":"/media/export/cms/products/1200x1500/swatches_v3/13_ns_ng.png","type":"image","width":1500}],"xl":null},"out_of_stock_threshold":null,"perlgem":{"SKU_BASE_ID":107464},"preorder_date":null,"prices":[{"currency":"TRY","exclude_tax":{"original_price":165,"original_price_formatted":"165.00 TL","price":165,"price_formatted":"165.00 TL","price_per_unit":null,"price_per_unit_formatted":""},"include_tax":{"original_price":165,"original_price_formatted":"165.00 TL","price":165,"price_formatted":"165.00 TL","price_per_unit":null,"price_per_unit_formatted":""},"is_discounted":false}],"purchase_limit":null,"replenishment":{"message":null},"reviews":{"average_rating":null,"number_of_questions":null,"number_of_reviews":null},"set_components":null,"shade_groups":null,"shades":[{"description":"","hex_val":"#cb6b68","image":{"height":null,"src":"","width":null},"name":"Heavenly","smoosh_design":{"group_id":null,"name":"13::none::none"}}],"sizes":[{"key":1,"value":"3.9 g"}],"skin":{"tone":null,"type":null,"type_description":null},"sku_badge":null,"sku_badge_image":null,"sku_display_order":0,"sku_id":"KL3P08","sku_promo_messaging":null,"sku_type":"SE","sku_url":null,"tags":{"total":8,"items":[{"id":"4323","key":"yeni̇-ürünler","value":"YENİ ÜRÜNLER"},{"id":"1605","key":"ruj","value":"RUJ"},{"id":"1575","key":"en-çok-satanlar","value":"En Çok Satanlar"},{"id":"13562","key":"yeni̇-yil-makyaj","value":"YENİ YIL MAKYAJ"},{"id":"9427","key":"whatsnew","value":"what'snew"},{"id":"25565","key":"justarrivednew","value":"justarrivednew"},{"id":"27172","key":"day5flashsale","value":"Day5FlashSale"},{"id":"27171","key":"day4flashsale","value":"Day4FlashSale"}]},"texture":null,"undertone":null,"unit_of_measure":null,"unit_size":null,"unit_size_formatted":null,"upc":"192333012352","vto":{"is_color_experience":null,"is_foundation_experience":null}}]},"sub_display_name":null,"sub_header":null,"tags":{"total":11,"items":[{"id":"4323","key":"yeni̇-ürünler","parent_tag_id":null,"product_display_order":51,"value":"YENİ ÜRÜNLER"},{"id":"1590","key":"i̇ndi̇ri̇mli̇-ürünler","parent_tag_id":null,"product_display_order":0,"value":"İNDİRİMLİ ÜRÜNLER"},{"id":"17859","key":"çok-satanlar","parent_tag_id":null,"product_display_order":57,"value":"ÇOK SATANLAR"},{"id":"1605","key":"ruj","parent_tag_id":"1592","product_display_order":0,"value":"RUJ"},{"id":"1575","key":"en-çok-satanlar","parent_tag_id":null,"product_display_order":2,"value":"En Çok Satanlar"},{"id":"13562","key":"yeni̇-yil-makyaj","parent_tag_id":"13561","product_display_order":0,"value":"YENİ YIL MAKYAJ"},{"id":"9427","key":"whatsnew","parent_tag_id":"9420","product_display_order":0,"value":"what'snew"},{"id":"25565","key":"justarrivednew","parent_tag_id":null,"product_display_order":7,"value":"justarrivednew"},{"id":"27172","key":"day5flashsale","parent_tag_id":"1590","product_display_order":0,"value":"Day5FlashSale"},{"id":"27171","key":"day4flashsale","parent_tag_id":"1590","product_display_order":43,"value":"Day4FlashSale"},{"id":"27174","key":"day7flashsale","parent_tag_id":"1590","product_display_order":0,"value":"Day7FlashSale"}]},"usage":[{"content":null,"label":"PRODUCT USAGE","type":"product_usage"},{"content":null,"label":"HOW DOES IT WORK","type":"how_does_it_work"},{"content":"Tüm Cilt Tipleri (1,2,3,4)","label":"WHO IT IS FOR","type":"who_it_is_for"},{"content":"Glutensiz, alkolsüz kurutma, lauret sülfat içermez.","label":"GREAT TO KNOW","type":"great_to_know"},{"content":"Clinique Shade-Match Bilimini™* kullanarak size en uygun tonu keşfedin. Eşsiz bir algoritma ile, cilt tonu ve cilt alttonunuzu tamamlayan en uygun rengi bulmanızı sağlar. Clinique Shade-Match Bilimini™* göstergesini kullanarak Doğal, Günlülk ve Gece olarak 3 farklı görünüm için 3 farklı renginizi keşfedin.<br><br><b>Temel İçerikler</b><br>E vitamini içeren besleyici formülü ile 8 saate kadar dudağınızı renklendirip nemlendirirken bakım yapar.<br><br><b>*Clinique Shade-Match Bilimi Nasıl Kullanılır?</b><br>1.Use the Clinique Shade-Match Bilimi™ rehberini kullanarak size en uygun Even Better Fondöten™ renginizi bulun.<br>2.Herbir renk için,size uygun 3 farklı dudak fondöteni renginizi bulabilirsiniz..<br>3.Modunuza en uygun dudak renginizi seçin-Doğal, Günlük ve Gece-veya 3 ünü birden deneyin.<br><br><b>Dudak rengi kodu</b><br>Doğal – Yumuşak nötr tonu ile belli belirsiz bir görünüm verir ve rahat bir hafta sonu için uygundur.<br>Günlük – Nötr tonu ile iş, günlük, yemek ve eventler için kullanabilirsiniz.<br>Gece– Derin ve belirgin rengiyle dans veya özel bir event için kullanabilirsiniz.Dudak kalemi ile birlikte kullanılabilir.","label":"WHAT_IT_DOES","type":"what_it_does"},{"content":"Cilt tonunuz ve cilt alt tonunuzu harika gösterecek ilk dudak fondöteni.","label":"WHAT_IT_IS","type":"what_it_is"}],"objectID":"68809"},{"benefit":{"statement":null,"benefits":null},"brand":null,"collection":[{"key":"even-better-collection","value":"even_better_collection"}],"coverage":null,"cross_sell":[{"sku_id":"71MC01","sort_key":1},{"sku_id":"6MNY01","sort_key":2},{"sku_id":"6F3701","sort_key":3},{"sku_id":"76WY01","sort_key":4},{"sku_id":"71PN01","sort_key":5},{"sku_id":"68LE01","sort_key":6}],"default_category":{"id":"1687","key":"yüz-nemlendi̇ri̇ci̇"},"description":"Yatıştırıcı özellikteki yağsız bu krem, cilt yüzeyindeki katmanlara nüfuz ederek lekelerin görünümünü azaltmaya yardımcı olan özel içerik maddeleri içerir. Güneş koruma faktörü cildi zararlı etkilere karşı korur. Anında aydınlık bir görünüm sağlar. Cilt tonunun eşitlenmesine yardımcı olmak için günlük olarak kullanın. Karma-yağlı veya yağlı bir cilt tipiniz mi var? Even Better™ Cilt Tonu Düzenleyici Losyon Geniş Spektrumlu SPF 20’yi deneyin.","display_mode":null,"display_name":"Even Better Cilt Tonu Düzenleyici Gündüz Kremi SPF 20","display_status":7,"finish":null,"form":[{"key":"cream-form","value":"cream_form"}],"formula_type":null,"fragrance_family":null,"indexable_keywords":[{"value":"koyu leke"},{"value":" hiperpigmantasyon"},{"value":" Nemlendirici"},{"value":" SPF 20 güneş koruması"},{"value":" SPF güneş koruması"},{"value":" lekeli ciltler için nemlendirici"}],"is_hazmat":false,"is_product_coming_soon":null,"is_product_displayable":true,"is_product_searchable":true,"is_product_shoppable":true,"is_product_sold_out":null,"is_product_temporarily_out_of_stock":null,"is_search_suppressed":null,"key_ingredient":null,"media":{"large":null,"medium":null,"poster":null,"small":null,"videos":[{"position":null,"poster":{"height":null,"src":null,"width":null},"provider":null,"src":null},{"position":null,"poster":{"height":null,"src":null,"width":null},"provider":null,"src":null},{"position":null,"poster":{"height":null,"src":null,"width":null},"provider":null,"src":null}],"xl":null},"meta":{"description":null,"keywords":"Pigmentflecken, Hyperpigmentierung, Feuchtigkeitspflege, SPF 20 Schutz, SPF Schutz, Feuchtigkeitspflege gegen Pigmentflecken, manchas"},"parent_category":[{"id":"1687","value":"YÜZ NEMLENDİRİCİ"},{"id":"1667","value":"CİLT BAKIMI"}],"product_badge":null,"product_id":"6885","product_title_tag":null,"product_type":"Other","product_url":"/product/1687/6885/cilt-bakimi/yuz-nemlendirici/even-better-cilt-tonu-duzenleyici-gunduz-kremi-spf-20","reviews":{"average_rating":4.5,"number_of_questions":null,"number_of_reviews":2},"shade_groups":null,"short_description":"Yağsız yapıdaki yatıştırıcı krem cilt yüzeyindeki koyu leke görünümünün giderilmesi için zengin onarıcı ve nemlendirici formüle sahiptir.Cildi korumaya yardımcı olur.","skin":{"concern":[{"key":"dark-spots-concern","value":"dark_spots_concern"},{"key":"spf-concern","value":"spf_concern"}]},"skin_goal":null,"skus":{"total":1,"items":[{"color_family":null,"coverage_options":null,"cross_sell":null,"display_status":7,"finish":null,"finish_options":null,"fragrances":[{"family":null,"key":null,"value":null}],"iln_listing":null,"iln_version_number":null,"inventory_status":"Active","is_active":true,"is_coming_soon":null,"is_default_sku":false,"is_discountable":true,"is_displayable":null,"is_engravable":null,"is_fragrance":null,"is_giftable":null,"is_giftwrap":false,"is_inactive":null,"is_multi_shaded":null,"is_out_of_stock":null,"is_preorder":false,"is_preorderable":null,"is_promotional":null,"is_replenishable":false,"is_search_suppressed":null,"is_searchable":true,"is_shaded":null,"is_sized":null,"is_sold_out":null,"is_under_weight_hazmat":false,"is_vto_enabled":null,"life_of_product":"Basic Reorder","material_code":"6WRE010001","media":{"large":[{"alt":"Even Better Cilt Tonu Düzenleyici Gündüz Kremi SPF 20","height":1200,"position":0,"src":"/media/export/cms/products/1200x1500/cl_sku_6WRE01_1200x1500_0.png","type":"image","width":1500}],"medium":[{"alt":"Even Better Cilt Tonu Düzenleyici Gündüz Kremi SPF 20","height":600,"position":1,"src":"/media/export/cms/products/600x750/cl_sku_6WRE01_600x750_0.png","type":"image","width":750}],"model":null,"poster":null,"small":[{"alt":"Even Better Cilt Tonu Düzenleyici Gündüz Kremi SPF 20","height":1200,"position":2,"src":"/media/export/cms/products/1200x1500/cl_sku_6WRE01_1200x1500_0.png","type":"image","width":1500}],"smoosh":null,"xl":null},"out_of_stock_threshold":null,"perlgem":{"SKU_BASE_ID":15969},"preorder_date":null,"prices":[{"currency":"TRY","exclude_tax":{"original_price":445,"original_price_formatted":"445.00 TL","price":445,"price_formatted":"445.00 TL","price_per_unit":null,"price_per_unit_formatted":""},"include_tax":{"original_price":445,"original_price_formatted":"445.00 TL","price":445,"price_formatted":"445.00 TL","price_per_unit":null,"price_per_unit_formatted":""},"is_discounted":false}],"purchase_limit":null,"replenishment":{"message":"Recommended Auto-Ship cycle: 6 weeks  Learn more >"},"reviews":{"average_rating":null,"number_of_questions":null,"number_of_reviews":null},"set_components":null,"shade_groups":null,"shades":null,"sizes":[{"key":1,"value":"50 ml"}],"skin":{"tone":null,"type":[{"key":"very-dry-skintype","value":"very_dry_skintype"},{"key":"combination-skintype","value":"combination_skintype"},{"key":"dry-skintype","value":"dry_skintype"}],"type_description":null},"sku_badge":null,"sku_badge_image":null,"sku_display_order":0,"sku_id":"6WRE01","sku_promo_messaging":null,"sku_type":"SE","sku_url":null,"tags":{"total":10,"items":[{"id":"12517","key":"yağsiz-ci̇lt-bakim-ürünleri̇","value":"YAĞSIZ CİLT BAKIM ÜRÜNLERİ"},{"id":"1667","key":"ci̇lt-bakimi","value":"CİLT BAKIMI"},{"id":"13563","key":"yeni̇-yil-ci̇lt-bakimi","value":"YENİ YIL CİLT BAKIMI"},{"id":"9423","key":"seasonal1","value":"seasonal1"},{"id":"13051","key":"skin-care-best-sellers","value":"Skin Care Best Sellers"},{"id":"10589","key":"offers-lp","value":"Offers LP"},{"id":"1687","key":"yüz-nemlendi̇ri̇ci̇","value":"YÜZ NEMLENDİRİCİ"},{"id":"1693","key":"lekeler","value":"Lekeler"},{"id":"25565","key":"justarrivednew","value":"justarrivednew"},{"id":"4034","key":"yüz-serumlari","value":"YÜZ SERUMLARI"}]},"texture":null,"undertone":null,"unit_of_measure":null,"unit_size":0,"unit_size_formatted":null,"upc":"020714395230","vto":{"is_color_experience":null,"is_foundation_experience":null}}]},"sub_display_name":null,"sub_header":null,"tags":{"total":10,"items":[{"id":"12517","key":"yağsiz-ci̇lt-bakim-ürünleri̇","parent_tag_id":"1667","product_display_order":6,"value":"YAĞSIZ CİLT BAKIM ÜRÜNLERİ"},{"id":"1667","key":"ci̇lt-bakimi","parent_tag_id":null,"product_display_order":17,"value":"CİLT BAKIMI"},{"id":"13563","key":"yeni̇-yil-ci̇lt-bakimi","parent_tag_id":"13561","product_display_order":0,"value":"YENİ YIL CİLT BAKIMI"},{"id":"9423","key":"seasonal1","parent_tag_id":"9420","product_display_order":1,"value":"seasonal1"},{"id":"13051","key":"skin-care-best-sellers","parent_tag_id":"1667","product_display_order":0,"value":"Skin Care Best Sellers"},{"id":"10589","key":"offers-lp","parent_tag_id":null,"product_display_order":1,"value":"Offers LP"},{"id":"1687","key":"yüz-nemlendi̇ri̇ci̇","parent_tag_id":"1667","product_display_order":152,"value":"YÜZ NEMLENDİRİCİ"},{"id":"1693","key":"lekeler","parent_tag_id":"1667","product_display_order":6,"value":"Lekeler"},{"id":"25565","key":"justarrivednew","parent_tag_id":null,"product_display_order":1,"value":"justarrivednew"},{"id":"4034","key":"yüz-serumlari","parent_tag_id":"1667","product_display_order":0,"value":"YÜZ SERUMLARI"}]},"usage":[{"content":"<UL><LI>Sabah ve akşam olmak üzere günde 2 kere uygulayın.</LI><LI>Nemlendirici kullanmadan önce 2-3 pompa sıkarak</LI><LI>Tüm miktarı yüzünüze eşit olarak yayın.<BR><BR></LI></UL>","label":"PRODUCT USAGE","type":"product_usage"},{"content":null,"label":"HOW DOES IT WORK","type":"how_does_it_work"},{"content":null,"label":"WHO IT IS FOR","type":"who_it_is_for"},{"content":null,"label":"GREAT TO KNOW","type":"great_to_know"},{"content":null,"label":"WHAT_IT_DOES","type":"what_it_does"},{"content":"Yatıştırıcı özellikteki yağsız bu krem, cilt yüzeyindeki katmanlara nüfuz ederek lekelerin görünümünü azaltmaya yardımcı olan özel içerik maddeleri içerir. Güneş koruma faktörü cildi zararlı etkilere karşı korur. Anında aydınlık bir görünüm sağlar. Cilt tonunun eşitlenmesine yardımcı olmak için günlük olarak kullanın. Karma-yağlı veya yağlı bir cilt tipiniz mi var? Even Better™ Cilt Tonu Düzenleyici Losyon Geniş Spektrumlu SPF 20’yi deneyin.","label":"WHAT_IT_IS","type":"what_it_is"}],"objectID":"6885"},{"benefit":null,"brand":null,"collection":null,"coverage":null,"cross_sell":[{"sku_id":"693E01","sort_key":1},{"sku_id":"67PM01","sort_key":2}],"default_category":{"id":"1686","key":"el-vücut-bakimi"},"description":null,"display_mode":null,"display_name":"Dry-Form Antiperspirant-Deodorant","display_status":7,"finish":null,"form":null,"formula_type":null,"fragrance_family":null,"indexable_keywords":[{"value":"deo-roller"},{"value":"deoroller"},{"value":"deo-roll-on"},{"value":"roll-on-deo"}],"is_hazmat":false,"is_product_coming_soon":null,"is_product_displayable":true,"is_product_searchable":true,"is_product_shoppable":false,"is_product_sold_out":null,"is_product_temporarily_out_of_stock":null,"is_search_suppressed":null,"key_ingredient":null,"media":{"large":null,"medium":null,"poster":null,"small":null,"videos":[{"position":null,"poster":{"height":null,"src":null,"width":null},"provider":null,"src":null},{"position":null,"poster":{"height":null,"src":null,"width":null},"provider":null,"src":null},{"position":null,"poster":{"height":null,"src":null,"width":null},"provider":null,"src":null}],"xl":null},"meta":{"description":null,"keywords":"deo-roller,deoroller,deo-roll-on,roll-on-deo"},"parent_category":[{"id":"1686","value":"EL & VÜCUT BAKIMI"},{"id":"1667","value":"CİLT BAKIMI"}],"product_badge":null,"product_id":"6900","product_title_tag":null,"product_type":"Sized","product_url":"/product/1686/6900/cilt-bakimi/el-vucut-bakimi/dry-form-antiperspirant-deodorant","reviews":{"average_rating":5,"number_of_questions":null,"number_of_reviews":1},"shade_groups":null,"short_description":null,"skin":null,"skin_goal":null,"skus":{"total":1,"items":[{"color_family":null,"coverage_options":null,"cross_sell":null,"display_status":7,"finish":null,"finish_options":null,"fragrances":[{"family":null,"key":null,"value":null}],"iln_listing":null,"iln_version_number":null,"inventory_status":"Sold Out","is_active":null,"is_coming_soon":null,"is_default_sku":false,"is_discountable":true,"is_displayable":null,"is_engravable":null,"is_fragrance":null,"is_giftable":null,"is_giftwrap":false,"is_inactive":null,"is_multi_shaded":null,"is_out_of_stock":null,"is_preorder":false,"is_preorderable":null,"is_promotional":null,"is_replenishable":false,"is_search_suppressed":null,"is_searchable":true,"is_shaded":null,"is_sized":null,"is_sold_out":true,"is_under_weight_hazmat":false,"is_vto_enabled":null,"life_of_product":"Basic Reorder","material_code":"6014010001","media":{"large":[{"alt":"Dry-Form Antiperspirant-Deodorant","height":1200,"position":0,"src":"/media/export/cms/products/1200x1500/cl_sku_601401_1200x1500_0.png","type":"image","width":1500}],"medium":[{"alt":"Dry-Form Antiperspirant-Deodorant","height":600,"position":1,"src":"/media/export/cms/products/600x750/cl_sku_601401_600x750_0.png","type":"image","width":750}],"model":null,"poster":null,"small":[{"alt":"Dry-Form Antiperspirant-Deodorant","height":1200,"position":2,"src":"/media/export/cms/products/1200x1500/cl_sku_601401_1200x1500_0.png","type":"image","width":1500}],"smoosh":null,"xl":null},"out_of_stock_threshold":null,"perlgem":{"SKU_BASE_ID":15521},"preorder_date":null,"prices":[{"currency":"TRY","exclude_tax":{"original_price":175,"original_price_formatted":"175.00 TL","price":175,"price_formatted":"175.00 TL","price_per_unit":233.33,"price_per_unit_formatted":"233.33 TL / 100g"},"include_tax":{"original_price":175,"original_price_formatted":"175.00 TL","price":175,"price_formatted":"175.00 TL","price_per_unit":233.33,"price_per_unit_formatted":"233.33 TL / 100g"},"is_discounted":false}],"purchase_limit":null,"replenishment":{"message":null},"reviews":{"average_rating":null,"number_of_questions":null,"number_of_reviews":null},"set_components":null,"shade_groups":null,"shades":null,"sizes":[{"key":1,"value":"75 g"}],"skin":{"tone":null,"type":null,"type_description":null},"sku_badge":null,"sku_badge_image":null,"sku_display_order":0,"sku_id":"601401","sku_promo_messaging":null,"sku_type":"SE","sku_url":null,"tags":{"total":1,"items":[{"id":"1686","key":"el-vücut-bakimi","value":"EL & VÜCUT BAKIMI"}]},"texture":null,"undertone":null,"unit_of_measure":"g","unit_size":100,"unit_size_formatted":"100g","upc":"020714005597","vto":{"is_color_experience":null,"is_foundation_experience":null}}]},"sub_display_name":null,"sub_header":null,"tags":{"total":1,"items":[{"id":"1686","key":"el-vücut-bakimi","parent_tag_id":"1667","product_display_order":0,"value":"EL & VÜCUT BAKIMI"}]},"usage":[{"content":"Duştan sonra koltukaltına uygulayınız.","label":"PRODUCT USAGE","type":"product_usage"},{"content":null,"label":"HOW DOES IT WORK","type":"how_does_it_work"},{"content":null,"label":"WHO IT IS FOR","type":"who_it_is_for"},{"content":null,"label":"GREAT TO KNOW","type":"great_to_know"},{"content":null,"label":"WHAT_IT_DOES","type":"what_it_does"},{"content":null,"label":"WHAT_IT_IS","type":"what_it_is"}],"objectID":"6900"},{"benefit":{"statement":null,"benefits":null},"brand":null,"collection":null,"coverage":null,"cross_sell":null,"default_category":{"id":"1628","key":"-evde-bakim"},"description":null,"display_mode":null,"display_name":"Mor Şeritli Şeffaf Seyahat Çantası","display_status":3,"finish":null,"form":null,"formula_type":null,"fragrance_family":null,"indexable_keywords":null,"is_hazmat":false,"is_product_coming_soon":null,"is_product_displayable":true,"is_product_searchable":true,"is_product_shoppable":false,"is_product_sold_out":null,"is_product_temporarily_out_of_stock":null,"is_search_suppressed":null,"key_ingredient":null,"media":{"large":null,"medium":null,"poster":null,"small":null,"videos":[{"position":null,"poster":{"height":null,"src":null,"width":null},"provider":null,"src":null},{"position":null,"poster":{"height":null,"src":null,"width":null},"provider":null,"src":null},{"position":null,"poster":{"height":null,"src":null,"width":null},"provider":null,"src":null}],"xl":null},"meta":{"description":null,"keywords":null},"parent_category":[{"id":"1628","value":"# EVDE BAKIM"}],"product_badge":null,"product_id":"69077","product_title_tag":null,"product_type":"Other","product_url":"/product/1628/69077/evde-bakim/mor-seritli-seffaf-seyahat-cantas","reviews":{"average_rating":null,"number_of_questions":null,"number_of_reviews":null},"shade_groups":null,"short_description":null,"skin":null,"skin_goal":null,"skus":{"total":1,"items":[{"color_family":null,"coverage_options":null,"cross_sell":null,"display_status":3,"finish":null,"finish_options":null,"fragrances":[{"family":null,"key":null,"value":null}],"iln_listing":null,"iln_version_number":null,"inventory_status":"Sold Out","is_active":null,"is_coming_soon":null,"is_default_sku":false,"is_discountable":false,"is_displayable":null,"is_engravable":null,"is_fragrance":null,"is_giftable":null,"is_giftwrap":false,"is_inactive":null,"is_multi_shaded":null,"is_out_of_stock":null,"is_preorder":false,"is_preorderable":null,"is_promotional":null,"is_replenishable":false,"is_search_suppressed":null,"is_searchable":false,"is_shaded":null,"is_sized":null,"is_sold_out":true,"is_under_weight_hazmat":false,"is_vto_enabled":null,"life_of_product":"Limited life","material_code":"KKHE900000","media":{"large":[{"alt":"Mor Şeritli Şeffaf Seyahat Çantası","height":1200,"position":0,"src":"/media/export/cms/products/1200x1500/cl_sku_KKHE90_1200x1500_0.png","type":"image","width":1500}],"medium":[{"alt":"Mor Şeritli Şeffaf Seyahat Çantası","height":600,"position":1,"src":"/media/export/cms/products/600x750/cl_sku_KKHE90_600x750_0.png","type":"image","width":750}],"model":null,"poster":null,"small":[{"alt":"Mor Şeritli Şeffaf Seyahat Çantası","height":1200,"position":2,"src":"/media/export/cms/products/1200x1500/cl_sku_KKHE90_1200x1500_0.png","type":"image","width":1500}],"smoosh":null,"xl":null},"out_of_stock_threshold":null,"perlgem":{"SKU_BASE_ID":107871},"preorder_date":null,"prices":[{"currency":"TRY","exclude_tax":{"original_price":0,"original_price_formatted":"0.00 TL","price":0,"price_formatted":"0.00 TL","price_per_unit":null,"price_per_unit_formatted":""},"include_tax":{"original_price":0,"original_price_formatted":"0.00 TL","price":0,"price_formatted":"0.00 TL","price_per_unit":null,"price_per_unit_formatted":""},"is_discounted":false}],"purchase_limit":null,"replenishment":{"message":null},"reviews":{"average_rating":null,"number_of_questions":null,"number_of_reviews":null},"set_components":null,"shade_groups":null,"shades":null,"sizes":[{"key":1,"value":null}],"skin":{"tone":null,"type":null,"type_description":null},"sku_badge":null,"sku_badge_image":null,"sku_display_order":0,"sku_id":"KKHE90","sku_promo_messaging":null,"sku_type":"SE","sku_url":null,"tags":{"total":4,"items":[{"id":"8312","key":"3-al","value":"3 Al"},{"id":"9257","key":"4-al","value":"4 Al"},{"id":"1628","key":"-evde-bakim","value":"# EVDE BAKIM"},{"id":"2644","key":"alışverişi-tamamla","value":"Alışverişi Tamamla"}]},"texture":null,"undertone":null,"unit_of_measure":null,"unit_size":null,"unit_size_formatted":null,"upc":"192333008027","vto":{"is_color_experience":null,"is_foundation_experience":null}}]},"sub_display_name":null,"sub_header":null,"tags":{"total":4,"items":[{"id":"8312","key":"3-al","parent_tag_id":"1628","product_display_order":22,"value":"3 Al"},{"id":"9257","key":"4-al","parent_tag_id":"1628","product_display_order":0,"value":"4 Al"},{"id":"1628","key":"-evde-bakim","parent_tag_id":null,"product_display_order":505,"value":"# EVDE BAKIM"},{"id":"2644","key":"alışverişi-tamamla","parent_tag_id":null,"product_display_order":0,"value":"Alışverişi Tamamla"}]},"usage":[{"content":null,"label":"PRODUCT USAGE","type":"product_usage"},{"content":null,"label":"HOW DOES IT WORK","type":"how_does_it_work"},{"content":null,"label":"WHO IT IS FOR","type":"who_it_is_for"},{"content":null,"label":"GREAT TO KNOW","type":"great_to_know"},{"content":null,"label":"WHAT_IT_DOES","type":"what_it_does"},{"content":null,"label":"WHAT_IT_IS","type":"what_it_is"}],"objectID":"69077"},{"benefit":{"statement":null,"benefits":null},"brand":null,"collection":null,"coverage":null,"cross_sell":null,"default_category":{"id":"2644","key":"alışverişi-tamamla"},"description":null,"display_mode":null,"display_name":"Isıltılı Makyaj Cantası","display_status":7,"finish":null,"form":null,"formula_type":null,"fragrance_family":null,"indexable_keywords":null,"is_hazmat":false,"is_product_coming_soon":null,"is_product_displayable":true,"is_product_searchable":true,"is_product_shoppable":false,"is_product_sold_out":null,"is_product_temporarily_out_of_stock":null,"is_search_suppressed":null,"key_ingredient":null,"media":{"large":null,"medium":null,"poster":null,"small":null,"videos":[{"position":null,"poster":{"height":null,"src":null,"width":null},"provider":null,"src":null},{"position":null,"poster":{"height":null,"src":null,"width":null},"provider":null,"src":null},{"position":null,"poster":{"height":null,"src":null,"width":null},"provider":null,"src":null}],"xl":null},"meta":{"description":null,"keywords":null},"parent_category":[{"id":"2644","value":"Alışverişi Tamamla"}],"product_badge":null,"product_id":"69081","product_title_tag":null,"product_type":"Other","product_url":"/product/2644/69081/alsverisi-tamamla/isltl-makyaj-cantas","reviews":{"average_rating":null,"number_of_questions":null,"number_of_reviews":null},"shade_groups":null,"short_description":null,"skin":null,"skin_goal":null,"skus":{"total":1,"items":[{"color_family":null,"coverage_options":null,"cross_sell":null,"display_status":7,"finish":null,"finish_options":null,"fragrances":[{"family":null,"key":null,"value":null}],"iln_listing":null,"iln_version_number":null,"inventory_status":"Sold Out","is_active":null,"is_coming_soon":null,"is_default_sku":false,"is_discountable":true,"is_displayable":null,"is_engravable":null,"is_fragrance":null,"is_giftable":null,"is_giftwrap":false,"is_inactive":null,"is_multi_shaded":null,"is_out_of_stock":null,"is_preorder":false,"is_preorderable":null,"is_promotional":null,"is_replenishable":false,"is_search_suppressed":null,"is_searchable":false,"is_shaded":null,"is_sized":null,"is_sold_out":true,"is_under_weight_hazmat":false,"is_vto_enabled":null,"life_of_product":"Limited life","material_code":"KKHL900000","media":{"large":[{"alt":"Isıltılı Makyaj Cantası","height":1200,"position":0,"src":"/media/export/cms/products/1200x1500/cl_sku_KKHL90_1200x1500_0.png","type":"image","width":1500}],"medium":[{"alt":"Isıltılı Makyaj Cantası","height":600,"position":1,"src":"/media/export/cms/products/600x750/cl_sku_KKHL90_600x750_0.png","type":"image","width":750}],"model":null,"poster":null,"small":[{"alt":"Isıltılı Makyaj Cantası","height":1200,"position":2,"src":"/media/export/cms/products/1200x1500/cl_sku_KKHL90_1200x1500_0.png","type":"image","width":1500}],"smoosh":null,"xl":null},"out_of_stock_threshold":null,"perlgem":{"SKU_BASE_ID":107876},"preorder_date":null,"prices":[{"currency":"TRY","exclude_tax":{"original_price":0,"original_price_formatted":"0.00 TL","price":0,"price_formatted":"0.00 TL","price_per_unit":null,"price_per_unit_formatted":""},"include_tax":{"original_price":0,"original_price_formatted":"0.00 TL","price":0,"price_formatted":"0.00 TL","price_per_unit":null,"price_per_unit_formatted":""},"is_discounted":false}],"purchase_limit":null,"replenishment":{"message":null},"reviews":{"average_rating":null,"number_of_questions":null,"number_of_reviews":null},"set_components":null,"shade_groups":null,"shades":null,"sizes":[{"key":1,"value":null}],"skin":{"tone":null,"type":null,"type_description":null},"sku_badge":null,"sku_badge_image":null,"sku_display_order":0,"sku_id":"KKHL90","sku_promo_messaging":null,"sku_type":"SE","sku_url":null,"tags":{"total":4,"items":[{"id":"1628","key":"-evde-bakim","value":"# EVDE BAKIM"},{"id":"2644","key":"alışverişi-tamamla","value":"Alışverişi Tamamla"},{"id":"8312","key":"3-al","value":"3 Al"},{"id":"9257","key":"4-al","value":"4 Al"}]},"texture":null,"undertone":null,"unit_of_measure":null,"unit_size":null,"unit_size_formatted":null,"upc":"192333008089","vto":{"is_color_experience":null,"is_foundation_experience":null}}]},"sub_display_name":null,"sub_header":null,"tags":{"total":4,"items":[{"id":"1628","key":"-evde-bakim","parent_tag_id":null,"product_display_order":323,"value":"# EVDE BAKIM"},{"id":"2644","key":"alışverişi-tamamla","parent_tag_id":null,"product_display_order":0,"value":"Alışverişi Tamamla"},{"id":"8312","key":"3-al","parent_tag_id":"1628","product_display_order":23,"value":"3 Al"},{"id":"9257","key":"4-al","parent_tag_id":"1628","product_display_order":0,"value":"4 Al"}]},"usage":[{"content":null,"label":"PRODUCT USAGE","type":"product_usage"},{"content":null,"label":"HOW DOES IT WORK","type":"how_does_it_work"},{"content":null,"label":"WHO IT IS FOR","type":"who_it_is_for"},{"content":null,"label":"GREAT TO KNOW","type":"great_to_know"},{"content":null,"label":"WHAT_IT_DOES","type":"what_it_does"},{"content":null,"label":"WHAT_IT_IS","type":"what_it_is"}],"objectID":"69081"},{"benefit":null,"brand":null,"collection":null,"coverage":null,"cross_sell":[{"sku_id":"7T5R01","sort_key":1},{"sku_id":"67F901","sort_key":2},{"sku_id":null,"sort_key":3},{"sku_id":"6FMA01","sort_key":4},{"sku_id":null,"sort_key":5},{"sku_id":"6F3701","sort_key":6}],"default_category":{"id":"1621","key":"erkek-özel-cilt-bakımı"},"description":"<P>Ter ve kokuya karşı tüm gün boyunca korumaya yardımcı, leke yapmayan, yapışkan bir his vermeyen, %100 parfümsüz ürün.</P><P>Alüminyum Zirkonyum ile ıslaklık ve kokuya karşı tüm gün boyunca koruma sağlamaya yardımcı olur<BR>- Hafif yapılıdır, leke yapmaz, yapışkan değildir.</P>","display_mode":null,"display_name":"Antiperspirant Deodorant Roll-On","display_status":7,"finish":null,"form":null,"formula_type":null,"fragrance_family":null,"indexable_keywords":null,"is_hazmat":false,"is_product_coming_soon":null,"is_product_displayable":true,"is_product_searchable":true,"is_product_shoppable":true,"is_product_sold_out":null,"is_product_temporarily_out_of_stock":null,"is_search_suppressed":null,"key_ingredient":null,"media":{"large":null,"medium":null,"poster":null,"small":null,"videos":[{"position":null,"poster":{"height":null,"src":null,"width":null},"provider":null,"src":null},{"position":null,"poster":{"height":null,"src":null,"width":null},"provider":null,"src":null},{"position":null,"poster":{"height":null,"src":null,"width":null},"provider":null,"src":null}],"xl":null},"meta":{"description":null,"keywords":null},"parent_category":[{"id":"1621","value":"Erkek Özel Cilt Bakımı"},{"id":"1620","value":"Erkek Özel Bakım"},{"id":"1609","value":"ERKEK CİLT BAKIMI & TRAŞ"}],"product_badge":null,"product_id":"6933","product_title_tag":null,"product_type":"Sized","product_url":"/product/1621/6933/erkek-cilt-bakimi-tras/erkek-ozel-bakm/erkek-ozel-cilt-bakm/antiperspirant-deodorant-roll-on","reviews":{"average_rating":null,"number_of_questions":null,"number_of_reviews":null},"shade_groups":null,"short_description":"Parçalanmadan, direkt ve pürüzsüz bir uygulama sağlar.<br>","skin":null,"skin_goal":null,"skus":{"total":1,"items":[{"color_family":null,"coverage_options":null,"cross_sell":null,"display_status":7,"finish":null,"finish_options":null,"fragrances":[{"family":null,"key":null,"value":null}],"iln_listing":null,"iln_version_number":null,"inventory_status":"Active","is_active":true,"is_coming_soon":null,"is_default_sku":null,"is_discountable":true,"is_displayable":null,"is_engravable":null,"is_fragrance":null,"is_giftable":null,"is_giftwrap":null,"is_inactive":null,"is_multi_shaded":null,"is_out_of_stock":null,"is_preorder":false,"is_preorderable":null,"is_promotional":null,"is_replenishable":null,"is_search_suppressed":null,"is_searchable":true,"is_shaded":null,"is_sized":null,"is_sold_out":null,"is_under_weight_hazmat":false,"is_vto_enabled":null,"life_of_product":"Basic Reorder","material_code":"67T1011000","media":{"large":[{"alt":"Antiperspirant Deodorant Roll-On","height":1200,"position":0,"src":"/media/export/cms/products/1200x1500/cl_sku_67T101_1200x1500_0.png","type":"image","width":1500}],"medium":[{"alt":"Antiperspirant Deodorant Roll-On","height":600,"position":1,"src":"/media/export/cms/products/600x750/cl_sku_67T101_600x750_0.png","type":"image","width":750}],"model":null,"poster":null,"small":[{"alt":"Antiperspirant Deodorant Roll-On","height":1200,"position":2,"src":"/media/export/cms/products/1200x1500/cl_sku_67T101_1200x1500_0.png","type":"image","width":1500}],"smoosh":null,"xl":null},"out_of_stock_threshold":null,"perlgem":{"SKU_BASE_ID":15742},"preorder_date":null,"prices":[{"currency":"TRY","exclude_tax":{"original_price":160,"original_price_formatted":"160.00 TL","price":160,"price_formatted":"160.00 TL","price_per_unit":null,"price_per_unit_formatted":""},"include_tax":{"original_price":160,"original_price_formatted":"160.00 TL","price":160,"price_formatted":"160.00 TL","price_per_unit":null,"price_per_unit_formatted":""},"is_discounted":false}],"purchase_limit":null,"replenishment":{"message":null},"reviews":{"average_rating":null,"number_of_questions":null,"number_of_reviews":null},"set_components":null,"shade_groups":null,"shades":null,"sizes":[{"key":1,"value":"75 ml"}],"skin":{"tone":null,"type":null,"type_description":null},"sku_badge":null,"sku_badge_image":null,"sku_display_order":0,"sku_id":"67T101","sku_promo_messaging":null,"sku_type":"SE","sku_url":null,"tags":{"total":4,"items":[{"id":"1615","key":"clinique-happy-for-men","value":"Clinique Happy For Men"},{"id":"1617","key":"erkek-parfüm","value":"ERKEK PARFÜM"},{"id":"1621","key":"erkek-özel-cilt-bakımı","value":"Erkek Özel Cilt Bakımı"},{"id":"1619","key":"hedi̇yeler-setler","value":"HEDİYELER & SETLER"}]},"texture":null,"undertone":null,"unit_of_measure":null,"unit_size":null,"unit_size_formatted":null,"upc":"020714131173","vto":{"is_color_experience":null,"is_foundation_experience":null}}]},"sub_display_name":null,"sub_header":null,"tags":{"total":4,"items":[{"id":"1615","key":"clinique-happy-for-men","parent_tag_id":"1609","product_display_order":0,"value":"Clinique Happy For Men"},{"id":"1617","key":"erkek-parfüm","parent_tag_id":"1616","product_display_order":0,"value":"ERKEK PARFÜM"},{"id":"1621","key":"erkek-özel-cilt-bakımı","parent_tag_id":"1620","product_display_order":1,"value":"Erkek Özel Cilt Bakımı"},{"id":"1619","key":"hedi̇yeler-setler","parent_tag_id":"1618","product_display_order":0,"value":"HEDİYELER & SETLER"}]},"usage":[{"content":"<UL><LI>Duştan sonra veya yoğun nem hissedildiğinde temiz cilde uygulayın.</LI><LI>Dirsek ve diz gibi ekstra kuru bölgelere daha yoğun uygulayabilirsiniz<BR></LI></UL>","label":"PRODUCT USAGE","type":"product_usage"},{"content":null,"label":"HOW DOES IT WORK","type":"how_does_it_work"},{"content":null,"label":"WHO IT IS FOR","type":"who_it_is_for"},{"content":null,"label":"GREAT TO KNOW","type":"great_to_know"},{"content":null,"label":"WHAT_IT_DOES","type":"what_it_does"},{"content":"<P>Ter ve kokuya karşı tüm gün boyunca korumaya yardımcı, leke yapmayan, yapışkan bir his vermeyen, %100 parfümsüz ürün.</P><P>Alüminyum Zirkonyum ile ıslaklık ve kokuya karşı tüm gün boyunca koruma sağlamaya yardımcı olur<BR>- Hafif yapılıdır, leke yapmaz, yapışkan değildir.</P>","label":"WHAT_IT_IS","type":"what_it_is"}],"objectID":"6933"},{"benefit":{"statement":null,"benefits":null},"brand":null,"collection":null,"coverage":null,"cross_sell":null,"default_category":{"id":"1667","key":"ci̇lt-bakimi"},"description":null,"display_mode":null,"display_name":"Clinique iD BB-Gel+ Fatigue Pre-assembled Kit","display_status":7,"finish":null,"form":null,"formula_type":null,"fragrance_family":null,"indexable_keywords":null,"is_hazmat":false,"is_product_coming_soon":null,"is_product_displayable":true,"is_product_searchable":true,"is_product_shoppable":true,"is_product_sold_out":null,"is_product_temporarily_out_of_stock":null,"is_search_suppressed":null,"key_ingredient":null,"media":{"large":null,"medium":null,"poster":null,"small":null,"videos":[{"position":null,"poster":{"height":null,"src":null,"width":null},"provider":null,"src":null},{"position":null,"poster":{"height":null,"src":null,"width":null},"provider":null,"src":null},{"position":null,"poster":{"height":null,"src":null,"width":null},"provider":null,"src":null}],"xl":null},"meta":{"description":null,"keywords":null},"parent_category":[{"id":"1667","value":"CİLT BAKIMI"}],"product_badge":null,"product_id":"70170","product_title_tag":null,"product_type":"Shaded","product_url":"/product/1667/70170/cilt-bakimi/clinique-id-bb-gel-fatigue-pre-assembled-kit","reviews":{"average_rating":null,"number_of_questions":null,"number_of_reviews":null},"shade_groups":null,"short_description":null,"skin":null,"skin_goal":null,"skus":{"total":1,"items":[{"color_family":null,"coverage_options":null,"cross_sell":null,"display_status":7,"finish":null,"finish_options":null,"fragrances":[{"family":null,"key":null,"value":null}],"iln_listing":null,"iln_version_number":null,"inventory_status":"Active","is_active":true,"is_coming_soon":null,"is_default_sku":false,"is_discountable":true,"is_displayable":null,"is_engravable":null,"is_fragrance":null,"is_giftable":null,"is_giftwrap":false,"is_inactive":null,"is_multi_shaded":null,"is_out_of_stock":null,"is_preorder":false,"is_preorderable":null,"is_promotional":null,"is_replenishable":false,"is_search_suppressed":null,"is_searchable":true,"is_shaded":null,"is_sized":null,"is_sold_out":null,"is_under_weight_hazmat":false,"is_vto_enabled":null,"life_of_product":"Limited life","material_code":"KLHR010000","media":{"large":[{"alt":"Clinique iD BB-Gel+ Fatigue Pre-assembled Kit","height":1200,"position":0,"src":"/media/export/cms/products/1200x1500/cl_sku_KLHR01_1200x1500_0.png","type":"image","width":1500}],"medium":[{"alt":"Clinique iD BB-Gel+ Fatigue Pre-assembled Kit","height":600,"position":1,"src":"/media/export/cms/products/600x750/cl_sku_KLHR01_600x750_0.png","type":"image","width":750}],"model":null,"poster":null,"small":[{"alt":"Clinique iD BB-Gel+ Fatigue Pre-assembled Kit","height":1200,"position":2,"src":"/media/export/cms/products/1200x1500/cl_sku_KLHR01_1200x1500_0.png","type":"image","width":1500}],"smoosh":null,"xl":null},"out_of_stock_threshold":null,"perlgem":{"SKU_BASE_ID":109383},"preorder_date":null,"prices":[{"currency":"TRY","exclude_tax":{"original_price":385,"original_price_formatted":"385.00 TL","price":385,"price_formatted":"385.00 TL","price_per_unit":null,"price_per_unit_formatted":""},"include_tax":{"original_price":385,"original_price_formatted":"385.00 TL","price":385,"price_formatted":"385.00 TL","price_per_unit":null,"price_per_unit_formatted":""},"is_discounted":false}],"purchase_limit":null,"replenishment":{"message":null},"reviews":{"average_rating":null,"number_of_questions":null,"number_of_reviews":null},"set_components":null,"shade_groups":null,"shades":null,"sizes":[{"key":1,"value":null}],"skin":{"tone":null,"type":null,"type_description":null},"sku_badge":null,"sku_badge_image":null,"sku_display_order":0,"sku_id":"KLHR01","sku_promo_messaging":null,"sku_type":"SE","sku_url":null,"tags":{"total":3,"items":[{"id":"1590","key":"i̇ndi̇ri̇mli̇-ürünler","value":"İNDİRİMLİ ÜRÜNLER"},{"id":"1667","key":"ci̇lt-bakimi","value":"CİLT BAKIMI"},{"id":"1687","key":"yüz-nemlendi̇ri̇ci̇","value":"YÜZ NEMLENDİRİCİ"}]},"texture":null,"undertone":null,"unit_of_measure":null,"unit_size":null,"unit_size_formatted":null,"upc":"192333015629","vto":{"is_color_experience":null,"is_foundation_experience":null}}]},"sub_display_name":null,"sub_header":null,"tags":{"total":3,"items":[{"id":"1590","key":"i̇ndi̇ri̇mli̇-ürünler","parent_tag_id":null,"product_display_order":0,"value":"İNDİRİMLİ ÜRÜNLER"},{"id":"1667","key":"ci̇lt-bakimi","parent_tag_id":null,"product_display_order":41,"value":"CİLT BAKIMI"},{"id":"1687","key":"yüz-nemlendi̇ri̇ci̇","parent_tag_id":"1667","product_display_order":23,"value":"YÜZ NEMLENDİRİCİ"}]},"usage":[{"content":null,"label":"PRODUCT USAGE","type":"product_usage"},{"content":null,"label":"HOW DOES IT WORK","type":"how_does_it_work"},{"content":null,"label":"WHO IT IS FOR","type":"who_it_is_for"},{"content":null,"label":"GREAT TO KNOW","type":"great_to_know"},{"content":null,"label":"WHAT_IT_DOES","type":"what_it_does"},{"content":null,"label":"WHAT_IT_IS","type":"what_it_is"}],"objectID":"70170"},{"benefit":{"statement":null,"benefits":null},"brand":null,"collection":null,"coverage":null,"cross_sell":null,"default_category":{"id":"1667","key":"ci̇lt-bakimi"},"description":null,"display_mode":null,"display_name":"Clinique iD BB-Gel+ Lines & Wrinkles pre-assembled kit","display_status":1,"finish":null,"form":null,"formula_type":null,"fragrance_family":null,"indexable_keywords":null,"is_hazmat":false,"is_product_coming_soon":null,"is_product_displayable":true,"is_product_searchable":true,"is_product_shoppable":true,"is_product_sold_out":null,"is_product_temporarily_out_of_stock":null,"is_search_suppressed":null,"key_ingredient":null,"media":{"large":null,"medium":null,"poster":null,"small":null,"videos":[{"position":null,"poster":{"height":null,"src":null,"width":null},"provider":null,"src":null},{"position":null,"poster":{"height":null,"src":null,"width":null},"provider":null,"src":null},{"position":null,"poster":{"height":null,"src":null,"width":null},"provider":null,"src":null}],"xl":null},"meta":{"description":null,"keywords":null},"parent_category":[{"id":"1667","value":"CİLT BAKIMI"}],"product_badge":null,"product_id":"70171","product_title_tag":null,"product_type":"Shaded","product_url":"/product/1667/70171/cilt-bakimi/clinique-id-bb-gel-lines-wrinkles-pre-assembled-kit","reviews":{"average_rating":null,"number_of_questions":null,"number_of_reviews":null},"shade_groups":null,"short_description":null,"skin":null,"skin_goal":null,"skus":{"total":1,"items":[{"color_family":null,"coverage_options":null,"cross_sell":null,"display_status":1,"finish":null,"finish_options":null,"fragrances":[{"family":null,"key":null,"value":null}],"iln_listing":null,"iln_version_number":null,"inventory_status":"Active","is_active":true,"is_coming_soon":null,"is_default_sku":false,"is_discountable":true,"is_displayable":null,"is_engravable":null,"is_fragrance":null,"is_giftable":null,"is_giftwrap":false,"is_inactive":null,"is_multi_shaded":null,"is_out_of_stock":null,"is_preorder":false,"is_preorderable":null,"is_promotional":null,"is_replenishable":false,"is_search_suppressed":null,"is_searchable":true,"is_shaded":null,"is_sized":null,"is_sold_out":null,"is_under_weight_hazmat":false,"is_vto_enabled":null,"life_of_product":"Limited life","material_code":"KLHT010000","media":{"large":[{"alt":"Clinique iD BB-Gel+ Lines & Wrinkles pre-assembled kit","height":1200,"position":0,"src":"/media/export/cms/products/1200x1500/cl_sku_KLHT01_1200x1500_0.png","type":"image","width":1500}],"medium":[{"alt":"Clinique iD BB-Gel+ Lines & Wrinkles pre-assembled kit","height":600,"position":1,"src":"/media/export/cms/products/600x750/cl_sku_KLHT01_600x750_0.png","type":"image","width":750}],"model":null,"poster":null,"small":[{"alt":"Clinique iD BB-Gel+ Lines & Wrinkles pre-assembled kit","height":1200,"position":2,"src":"/media/export/cms/products/1200x1500/cl_sku_KLHT01_1200x1500_0.png","type":"image","width":1500}],"smoosh":null,"xl":null},"out_of_stock_threshold":null,"perlgem":{"SKU_BASE_ID":109384},"preorder_date":null,"prices":[{"currency":"TRY","exclude_tax":{"original_price":385,"original_price_formatted":"385.00 TL","price":385,"price_formatted":"385.00 TL","price_per_unit":null,"price_per_unit_formatted":""},"include_tax":{"original_price":385,"original_price_formatted":"385.00 TL","price":385,"price_formatted":"385.00 TL","price_per_unit":null,"price_per_unit_formatted":""},"is_discounted":false}],"purchase_limit":null,"replenishment":{"message":null},"reviews":{"average_rating":null,"number_of_questions":null,"number_of_reviews":null},"set_components":null,"shade_groups":null,"shades":null,"sizes":[{"key":1,"value":null}],"skin":{"tone":null,"type":null,"type_description":null},"sku_badge":null,"sku_badge_image":null,"sku_display_order":0,"sku_id":"KLHT01","sku_promo_messaging":null,"sku_type":"SE","sku_url":null,"tags":{"total":2,"items":[{"id":"1667","key":"ci̇lt-bakimi","value":"CİLT BAKIMI"},{"id":"1590","key":"i̇ndi̇ri̇mli̇-ürünler","value":"İNDİRİMLİ ÜRÜNLER"}]},"texture":null,"undertone":null,"unit_of_measure":null,"unit_size":null,"unit_size_formatted":null,"upc":"192333015636","vto":{"is_color_experience":null,"is_foundation_experience":null}}]},"sub_display_name":null,"sub_header":null,"tags":{"total":2,"items":[{"id":"1667","key":"ci̇lt-bakimi","parent_tag_id":null,"product_display_order":62,"value":"CİLT BAKIMI"},{"id":"1590","key":"i̇ndi̇ri̇mli̇-ürünler","parent_tag_id":null,"product_display_order":0,"value":"İNDİRİMLİ ÜRÜNLER"}]},"usage":[{"content":null,"label":"PRODUCT USAGE","type":"product_usage"},{"content":null,"label":"HOW DOES IT WORK","type":"how_does_it_work"},{"content":null,"label":"WHO IT IS FOR","type":"who_it_is_for"},{"content":null,"label":"GREAT TO KNOW","type":"great_to_know"},{"content":null,"label":"WHAT_IT_DOES","type":"what_it_does"},{"content":null,"label":"WHAT_IT_IS","type":"what_it_is"}],"objectID":"70171"},{"benefit":{"statement":null,"benefits":null},"brand":null,"collection":null,"coverage":null,"cross_sell":null,"default_category":{"id":"1687","key":"yüz-nemlendi̇ri̇ci̇"},"description":"<P class=MsoNormal style=\"MARGIN: 0cm 0cm 8pt\"><FONT size=3 face=Calibri>Yağsız ve çevresel kirliliklere karşı koruyan formülüyle 8 saat boyunca nemlendirme ve bakım yapmanın yanı sıra cildi tek adımda renklendirir, cilt tonunu eşitler ve doğal ışıltısına kavuşturur. Transforming Tint Release Teknolojisi™ ile 8 saat boyunca cildinizi yağlandırmadan nemlendirir ve ilk başta grimsi görünen tonu tüm yüzünüze yayıldıktan sonra kusursuz ve cilt tonunuzu eşitleyici bir renge dönüşür. Gündüzleri kullanılması önerilir. Gece kullanımı için kendinize uygun iD’yi keşfedin. Sonrasında mutlaka SPF güneş koruyucusu kullanın. Tüm yüzünüze veya gerekli bölgelere uygulayın. Jel formülünü cilde masaj yaparak uygulayın.</FONT><?xml:namespace prefix = \"o\" ns = \"urn:schemas-microsoft-com:office:office\" /><o:p></o:p></P>","display_mode":null,"display_name":"Clinique iD™: BB-Jel Renkli Nemlendirici","display_status":3,"finish":null,"form":null,"formula_type":null,"fragrance_family":null,"indexable_keywords":null,"is_hazmat":false,"is_product_coming_soon":null,"is_product_displayable":true,"is_product_searchable":true,"is_product_shoppable":true,"is_product_sold_out":null,"is_product_temporarily_out_of_stock":null,"is_search_suppressed":null,"key_ingredient":null,"media":{"large":null,"medium":null,"poster":null,"small":null,"videos":[{"position":null,"poster":{"height":null,"src":null,"width":null},"provider":null,"src":null},{"position":null,"poster":{"height":null,"src":null,"width":null},"provider":null,"src":null},{"position":null,"poster":{"height":null,"src":null,"width":null},"provider":null,"src":null}],"xl":null},"meta":{"description":null,"keywords":null},"parent_category":[{"id":"1687","value":"YÜZ NEMLENDİRİCİ"},{"id":"1667","value":"CİLT BAKIMI"}],"product_badge":null,"product_id":"70309","product_title_tag":null,"product_type":"Shaded","product_url":"/product/1687/70309/cilt-bakimi/yuz-nemlendirici/clinique-idtm-bb-jel-renkli-nemlendirici","reviews":{"average_rating":null,"number_of_questions":null,"number_of_reviews":null},"shade_groups":null,"short_description":null,"skin":null,"skin_goal":null,"skus":{"total":1,"items":[{"color_family":null,"coverage_options":null,"cross_sell":null,"display_status":3,"finish":null,"finish_options":null,"fragrances":[{"family":null,"key":null,"value":null}],"iln_listing":null,"iln_version_number":null,"inventory_status":"Active","is_active":true,"is_coming_soon":null,"is_default_sku":false,"is_discountable":true,"is_displayable":null,"is_engravable":null,"is_fragrance":null,"is_giftable":null,"is_giftwrap":true,"is_inactive":null,"is_multi_shaded":null,"is_out_of_stock":null,"is_preorder":false,"is_preorderable":null,"is_promotional":null,"is_replenishable":true,"is_search_suppressed":null,"is_searchable":true,"is_shaded":null,"is_sized":null,"is_sold_out":null,"is_under_weight_hazmat":false,"is_vto_enabled":null,"life_of_product":"Basic Reorder","material_code":"KL1G010000","media":{"large":[{"alt":"Clinique iD™: BB-Jel Renkli Nemlendirici","height":1200,"position":0,"src":"/media/export/cms/products/1200x1500/cl_sku_KL1G01_1200x1500_0.png","type":"image","width":1500}],"medium":[{"alt":"Clinique iD™: BB-Jel Renkli Nemlendirici","height":600,"position":1,"src":"/media/export/cms/products/600x750/cl_sku_KL1G01_600x750_0.png","type":"image","width":750}],"model":null,"poster":null,"small":[{"alt":"Clinique iD™: BB-Jel Renkli Nemlendirici","height":1200,"position":2,"src":"/media/export/cms/products/1200x1500/cl_sku_KL1G01_1200x1500_0.png","type":"image","width":1500}],"smoosh":null,"xl":null},"out_of_stock_threshold":null,"perlgem":{"SKU_BASE_ID":109543},"preorder_date":null,"prices":[{"currency":"TRY","exclude_tax":{"original_price":285,"original_price_formatted":"285.00 TL","price":285,"price_formatted":"285.00 TL","price_per_unit":null,"price_per_unit_formatted":""},"include_tax":{"original_price":285,"original_price_formatted":"285.00 TL","price":285,"price_formatted":"285.00 TL","price_per_unit":null,"price_per_unit_formatted":""},"is_discounted":false}],"purchase_limit":null,"replenishment":{"message":null},"reviews":{"average_rating":null,"number_of_questions":null,"number_of_reviews":null},"set_components":null,"shade_groups":null,"shades":null,"sizes":[{"key":1,"value":"115ml"}],"skin":{"tone":null,"type":null,"type_description":null},"sku_badge":null,"sku_badge_image":null,"sku_display_order":0,"sku_id":"KL1G01","sku_promo_messaging":null,"sku_type":"SE","sku_url":null,"tags":{"total":6,"items":[{"id":"1667","key":"ci̇lt-bakimi","value":"CİLT BAKIMI"},{"id":"25415","key":"cliniqueid","value":"CliniqueiD"},{"id":"23657","key":"cliniqueid","value":"CliniqueID"},{"id":"1590","key":"i̇ndi̇ri̇mli̇-ürünler","value":"İNDİRİMLİ ÜRÜNLER"},{"id":"1687","key":"yüz-nemlendi̇ri̇ci̇","value":"YÜZ NEMLENDİRİCİ"},{"id":"1574","key":"nemlendi̇rme","value":"NEMLENDİRME"}]},"texture":null,"undertone":null,"unit_of_measure":null,"unit_size":null,"unit_size_formatted":null,"upc":"192333011652","vto":{"is_color_experience":null,"is_foundation_experience":null}}]},"sub_display_name":null,"sub_header":null,"tags":{"total":6,"items":[{"id":"1667","key":"ci̇lt-bakimi","parent_tag_id":null,"product_display_order":0,"value":"CİLT BAKIMI"},{"id":"25415","key":"cliniqueid","parent_tag_id":"1687","product_display_order":0,"value":"CliniqueiD"},{"id":"23657","key":"cliniqueid","parent_tag_id":"1667","product_display_order":0,"value":"CliniqueID"},{"id":"1590","key":"i̇ndi̇ri̇mli̇-ürünler","parent_tag_id":null,"product_display_order":0,"value":"İNDİRİMLİ ÜRÜNLER"},{"id":"1687","key":"yüz-nemlendi̇ri̇ci̇","parent_tag_id":"1667","product_display_order":64,"value":"YÜZ NEMLENDİRİCİ"},{"id":"1574","key":"nemlendi̇rme","parent_tag_id":"1570","product_display_order":0,"value":"NEMLENDİRME"}]},"usage":[{"content":null,"label":"PRODUCT USAGE","type":"product_usage"},{"content":null,"label":"HOW DOES IT WORK","type":"how_does_it_work"},{"content":null,"label":"WHO IT IS FOR","type":"who_it_is_for"},{"content":null,"label":"GREAT TO KNOW","type":"great_to_know"},{"content":null,"label":"WHAT_IT_DOES","type":"what_it_does"},{"content":"<P class=MsoNormal style=\"MARGIN: 0cm 0cm 8pt\"><FONT size=3 face=Calibri>Yağsız ve çevresel kirliliklere karşı koruyan formülüyle 8 saat boyunca nemlendirme ve bakım yapmanın yanı sıra cildi tek adımda renklendirir, cilt tonunu eşitler ve doğal ışıltısına kavuşturur. Transforming Tint Release Teknolojisi™ ile 8 saat boyunca cildinizi yağlandırmadan nemlendirir ve ilk başta grimsi görünen tonu tüm yüzünüze yayıldıktan sonra kusursuz ve cilt tonunuzu eşitleyici bir renge dönüşür. Gündüzleri kullanılması önerilir. Gece kullanımı için kendinize uygun iD’yi keşfedin. Sonrasında mutlaka SPF güneş koruyucusu kullanın. Tüm yüzünüze veya gerekli bölgelere uygulayın. Jel formülünü cilde masaj yaparak uygulayın.</FONT><?xml:namespace prefix = \"o\" ns = \"urn:schemas-microsoft-com:office:office\" /><o:p></o:p></P>","label":"WHAT_IT_IS","type":"what_it_is"}],"objectID":"70309"},{"benefit":{"statement":null,"benefits":null},"brand":null,"collection":[{"key":"dramatically-dif-collection","value":"dramatically_dif_collection"}],"coverage":null,"cross_sell":null,"default_category":{"id":"1687","key":"yüz-nemlendi̇ri̇ci̇"},"description":"<P class=MsoNormal style=\"MARGIN: 0cm 0cm 8pt\"><FONT size=3 face=Calibri>Yağsız ve çevresel kirliliklere karşı koruyan formülüyle 8 saat boyunca nemlendirme ve bakım yapmanın yanı sıra cildi tek adımda renklendirir, cilt tonunu eşitler ve doğal ışıltısına kavuşturur. Transforming Tint Release Teknolojisi™ ile 8 saat boyunca cildinizi yağlandırmadan nemlendirir ve ilk başta grimsi görünen tonu tüm yüzünüze yayıldıktan sonra kusursuz ve cilt tonunuzu eşitleyici bir renge dönüşür. Gündüzleri kullanılması önerilir. Gece kullanımı için kendinize uygun iD’yi keşfedin. Sonrasında mutlaka SPF güneş koruyucusu kullanın. Tüm yüzünüze veya gerekli bölgelere uygulayın. Jel formülünü cilde masaj yaparak uygulayın.</FONT><?xml:namespace prefix = \"o\" ns = \"urn:schemas-microsoft-com:office:office\" /><o:p></o:p></P>","display_mode":null,"display_name":"Dramatically Different Moisturizing BB Jel Renkli Nemlendirici ","display_status":1,"finish":null,"form":[{"key":"gel-form","value":"gel_form"}],"formula_type":null,"fragrance_family":null,"indexable_keywords":null,"is_hazmat":false,"is_product_coming_soon":null,"is_product_displayable":true,"is_product_searchable":true,"is_product_shoppable":true,"is_product_sold_out":null,"is_product_temporarily_out_of_stock":null,"is_search_suppressed":null,"key_ingredient":null,"media":{"large":[{"alt":"Dramatically Different Moisturizing BB Jel Renkli Nemlendirici ","height":1200,"position":0,"src":"/media/export/cms/products/1200x1500/cl_prod_70311_1200x1500_0.png","type":"image","width":1500},{"alt":"Dramatically Different Moisturizing BB Jel Renkli Nemlendirici ","height":1200,"position":1,"src":"/media/export/cms/products/1200x1500/cl_prod_70311_1200x1500_1.png","type":"image","width":1500}],"medium":null,"poster":null,"small":[{"alt":"Dramatically Different Moisturizing BB Jel Renkli Nemlendirici ","height":1200,"position":2,"src":"/media/export/cms/products/1200x1500/cl_prod_70311_1200x1500_0.png","type":"image","width":1500},{"alt":"Dramatically Different Moisturizing BB Jel Renkli Nemlendirici ","height":1200,"position":3,"src":"/media/export/cms/products/1200x1500/cl_prod_70311_1200x1500_1.png","type":"image","width":1500}],"videos":[{"position":null,"poster":{"height":null,"src":null,"width":null},"provider":null,"src":null},{"position":null,"poster":{"height":null,"src":null,"width":null},"provider":null,"src":null},{"position":null,"poster":{"height":null,"src":null,"width":null},"provider":null,"src":null}],"xl":null},"meta":{"description":null,"keywords":null},"parent_category":[{"id":"1687","value":"YÜZ NEMLENDİRİCİ"},{"id":"1667","value":"CİLT BAKIMI"}],"product_badge":null,"product_id":"70311","product_title_tag":null,"product_type":"Other","product_url":"/product/1687/70311/cilt-bakimi/yuz-nemlendirici/dramatically-different-moisturizing-bb-jel-renkli-nemlendirici","reviews":{"average_rating":null,"number_of_questions":null,"number_of_reviews":null},"shade_groups":null,"short_description":null,"skin":{"concern":[{"key":"dry-concern","value":"dry_concern"}]},"skin_goal":null,"skus":{"total":1,"items":[{"color_family":null,"coverage_options":null,"cross_sell":null,"display_status":1,"finish":null,"finish_options":null,"fragrances":[{"family":null,"key":null,"value":null}],"iln_listing":null,"iln_version_number":null,"inventory_status":"Active","is_active":true,"is_coming_soon":null,"is_default_sku":false,"is_discountable":true,"is_displayable":null,"is_engravable":null,"is_fragrance":null,"is_giftable":null,"is_giftwrap":false,"is_inactive":null,"is_multi_shaded":null,"is_out_of_stock":null,"is_preorder":false,"is_preorderable":null,"is_promotional":null,"is_replenishable":false,"is_search_suppressed":null,"is_searchable":true,"is_shaded":null,"is_sized":null,"is_sold_out":null,"is_under_weight_hazmat":false,"is_vto_enabled":null,"life_of_product":"Basic Reorder","material_code":"KL2J010000","media":{"large":[{"alt":"Dramatically Different Moisturizing BB Jel Renkli Nemlendirici ","height":1200,"position":0,"src":"/media/export/cms/products/1200x1500/cl_sku_KL2J01_1200x1500_0.png","type":"image","width":1500}],"medium":[{"alt":"Dramatically Different Moisturizing BB Jel Renkli Nemlendirici ","height":600,"position":1,"src":"/media/export/cms/products/600x750/cl_sku_KL2J01_600x750_0.png","type":"image","width":750}],"model":null,"poster":null,"small":[{"alt":"Dramatically Different Moisturizing BB Jel Renkli Nemlendirici ","height":1200,"position":2,"src":"/media/export/cms/products/1200x1500/cl_sku_KL2J01_1200x1500_0.png","type":"image","width":1500}],"smoosh":null,"xl":null},"out_of_stock_threshold":null,"perlgem":{"SKU_BASE_ID":109545},"preorder_date":null,"prices":[{"currency":"TRY","exclude_tax":{"original_price":215,"original_price_formatted":"215.00 TL","price":215,"price_formatted":"215.00 TL","price_per_unit":null,"price_per_unit_formatted":""},"include_tax":{"original_price":215,"original_price_formatted":"215.00 TL","price":215,"price_formatted":"215.00 TL","price_per_unit":null,"price_per_unit_formatted":""},"is_discounted":false}],"purchase_limit":null,"replenishment":{"message":null},"reviews":{"average_rating":null,"number_of_questions":null,"number_of_reviews":null},"set_components":null,"shade_groups":null,"shades":null,"sizes":[{"key":1,"value":"50 ml"}],"skin":{"tone":null,"type":[{"key":"very-dry-skintype","value":"very_dry_skintype"},{"key":"dry-skintype","value":"dry_skintype"},{"key":"combination-skintype","value":"combination_skintype"},{"key":"oily-skintype","value":"oily_skintype"}],"type_description":null},"sku_badge":null,"sku_badge_image":null,"sku_display_order":0,"sku_id":"KL2J01","sku_promo_messaging":null,"sku_type":"SE","sku_url":null,"tags":{"total":10,"items":[{"id":"1667","key":"ci̇lt-bakimi","value":"CİLT BAKIMI"},{"id":"11480","key":"bb-cc-krem","value":"BB & CC KREM"},{"id":"4323","key":"yeni̇-ürünler","value":"YENİ ÜRÜNLER"},{"id":"1574","key":"nemlendi̇rme","value":"NEMLENDİRME"},{"id":"1685","key":"hedi̇yeler-setler","value":"HEDİYELER & SETLER"},{"id":"12517","key":"yağsiz-ci̇lt-bakim-ürünleri̇","value":"YAĞSIZ CİLT BAKIM ÜRÜNLERİ"},{"id":"1628","key":"-evde-bakim","value":"# EVDE BAKIM"},{"id":"1590","key":"i̇ndi̇ri̇mli̇-ürünler","value":"İNDİRİMLİ ÜRÜNLER"},{"id":"1687","key":"yüz-nemlendi̇ri̇ci̇","value":"YÜZ NEMLENDİRİCİ"},{"id":"1570","key":"3-adimli-ci̇lt-bakim-si̇stemi̇","value":"3 ADIMLI CİLT BAKIM SİSTEMİ"}]},"texture":null,"undertone":null,"unit_of_measure":null,"unit_size":null,"unit_size_formatted":null,"upc":"192333011980","vto":{"is_color_experience":null,"is_foundation_experience":null}}]},"sub_display_name":null,"sub_header":null,"tags":{"total":10,"items":[{"id":"1667","key":"ci̇lt-bakimi","parent_tag_id":null,"product_display_order":0,"value":"CİLT BAKIMI"},{"id":"11480","key":"bb-cc-krem","parent_tag_id":"1599","product_display_order":0,"value":"BB & CC KREM"},{"id":"4323","key":"yeni̇-ürünler","parent_tag_id":null,"product_display_order":0,"value":"YENİ ÜRÜNLER"},{"id":"1574","key":"nemlendi̇rme","parent_tag_id":"1570","product_display_order":0,"value":"NEMLENDİRME"},{"id":"1685","key":"hedi̇yeler-setler","parent_tag_id":"1684","product_display_order":0,"value":"HEDİYELER & SETLER"},{"id":"12517","key":"yağsiz-ci̇lt-bakim-ürünleri̇","parent_tag_id":"1667","product_display_order":0,"value":"YAĞSIZ CİLT BAKIM ÜRÜNLERİ"},{"id":"1628","key":"-evde-bakim","parent_tag_id":null,"product_display_order":161,"value":"# EVDE BAKIM"},{"id":"1590","key":"i̇ndi̇ri̇mli̇-ürünler","parent_tag_id":null,"product_display_order":0,"value":"İNDİRİMLİ ÜRÜNLER"},{"id":"1687","key":"yüz-nemlendi̇ri̇ci̇","parent_tag_id":"1667","product_display_order":42,"value":"YÜZ NEMLENDİRİCİ"},{"id":"1570","key":"3-adimli-ci̇lt-bakim-si̇stemi̇","parent_tag_id":null,"product_display_order":0,"value":"3 ADIMLI CİLT BAKIM SİSTEMİ"}]},"usage":[{"content":null,"label":"PRODUCT USAGE","type":"product_usage"},{"content":null,"label":"HOW DOES IT WORK","type":"how_does_it_work"},{"content":null,"label":"WHO IT IS FOR","type":"who_it_is_for"},{"content":null,"label":"GREAT TO KNOW","type":"great_to_know"},{"content":null,"label":"WHAT_IT_DOES","type":"what_it_does"},{"content":"<P class=MsoNormal style=\"MARGIN: 0cm 0cm 8pt\"><FONT size=3 face=Calibri>Yağsız ve çevresel kirliliklere karşı koruyan formülüyle 8 saat boyunca nemlendirme ve bakım yapmanın yanı sıra cildi tek adımda renklendirir, cilt tonunu eşitler ve doğal ışıltısına kavuşturur. Transforming Tint Release Teknolojisi™ ile 8 saat boyunca cildinizi yağlandırmadan nemlendirir ve ilk başta grimsi görünen tonu tüm yüzünüze yayıldıktan sonra kusursuz ve cilt tonunuzu eşitleyici bir renge dönüşür. Gündüzleri kullanılması önerilir. Gece kullanımı için kendinize uygun iD’yi keşfedin. Sonrasında mutlaka SPF güneş koruyucusu kullanın. Tüm yüzünüze veya gerekli bölgelere uygulayın. Jel formülünü cilde masaj yaparak uygulayın.</FONT><?xml:namespace prefix = \"o\" ns = \"urn:schemas-microsoft-com:office:office\" /><o:p></o:p></P>","label":"WHAT_IT_IS","type":"what_it_is"}],"objectID":"70311"},{"benefit":{"statement":null,"benefits":null},"brand":null,"collection":null,"coverage":null,"cross_sell":null,"default_category":{"id":"1687","key":"yüz-nemlendi̇ri̇ci̇"},"description":null,"display_mode":null,"display_name":"Beyond Perfecting Fondöten","display_status":1,"finish":null,"form":null,"formula_type":null,"fragrance_family":null,"indexable_keywords":null,"is_hazmat":false,"is_product_coming_soon":null,"is_product_displayable":true,"is_product_searchable":true,"is_product_shoppable":true,"is_product_sold_out":null,"is_product_temporarily_out_of_stock":null,"is_search_suppressed":null,"key_ingredient":null,"media":{"large":null,"medium":null,"poster":null,"small":null,"videos":[{"position":null,"poster":{"height":null,"src":null,"width":null},"provider":null,"src":null},{"position":null,"poster":{"height":null,"src":null,"width":null},"provider":null,"src":null},{"position":null,"poster":{"height":null,"src":null,"width":null},"provider":null,"src":null}],"xl":null},"meta":{"description":null,"keywords":null},"parent_category":[{"id":"1687","value":"YÜZ NEMLENDİRİCİ"},{"id":"1667","value":"CİLT BAKIMI"}],"product_badge":null,"product_id":"7083","product_title_tag":null,"product_type":"Sized","product_url":"/product/1687/7083/cilt-bakimi/yuz-nemlendirici/beyond-perfecting-fondoten","reviews":{"average_rating":null,"number_of_questions":null,"number_of_reviews":null},"shade_groups":null,"short_description":null,"skin":null,"skin_goal":null,"skus":{"total":1,"items":[{"color_family":null,"coverage_options":null,"cross_sell":null,"display_status":1,"finish":null,"finish_options":null,"fragrances":[{"family":null,"key":null,"value":null}],"iln_listing":null,"iln_version_number":null,"inventory_status":"Active","is_active":true,"is_coming_soon":null,"is_default_sku":false,"is_discountable":true,"is_displayable":null,"is_engravable":null,"is_fragrance":null,"is_giftable":null,"is_giftwrap":false,"is_inactive":null,"is_multi_shaded":null,"is_out_of_stock":null,"is_preorder":false,"is_preorderable":null,"is_promotional":null,"is_replenishable":false,"is_search_suppressed":null,"is_searchable":true,"is_shaded":null,"is_sized":null,"is_sold_out":null,"is_under_weight_hazmat":false,"is_vto_enabled":null,"life_of_product":"Discontinued","material_code":"K784090000","media":{"large":[{"alt":"Beyond Perfecting Fondöten","height":1200,"position":0,"src":"/media/export/cms/products/1200x1500/cl_sku_K78409_1200x1500_0.png","type":"image","width":1500}],"medium":[{"alt":"Beyond Perfecting Fondöten","height":600,"position":1,"src":"/media/export/cms/products/600x750/cl_sku_K78409_600x750_0.png","type":"image","width":750}],"model":null,"poster":null,"small":[{"alt":"Beyond Perfecting Fondöten","height":1200,"position":2,"src":"/media/export/cms/products/1200x1500/cl_sku_K78409_1200x1500_0.png","type":"image","width":1500}],"smoosh":null,"xl":null},"out_of_stock_threshold":null,"perlgem":{"SKU_BASE_ID":96985},"preorder_date":null,"prices":[{"currency":"TRY","exclude_tax":{"original_price":99,"original_price_formatted":"99.00 TL","price":99,"price_formatted":"99.00 TL","price_per_unit":null,"price_per_unit_formatted":""},"include_tax":{"original_price":99,"original_price_formatted":"99.00 TL","price":99,"price_formatted":"99.00 TL","price_per_unit":null,"price_per_unit_formatted":""},"is_discounted":false}],"purchase_limit":null,"replenishment":{"message":null},"reviews":{"average_rating":null,"number_of_questions":null,"number_of_reviews":null},"set_components":null,"shade_groups":null,"shades":null,"sizes":[{"key":1,"value":null}],"skin":{"tone":null,"type":null,"type_description":null},"sku_badge":null,"sku_badge_image":null,"sku_display_order":0,"sku_id":"K78409","sku_promo_messaging":null,"sku_type":"SE","sku_url":null,"tags":{"total":4,"items":[{"id":"1590","key":"i̇ndi̇ri̇mli̇-ürünler","value":"İNDİRİMLİ ÜRÜNLER"},{"id":"1687","key":"yüz-nemlendi̇ri̇ci̇","value":"YÜZ NEMLENDİRİCİ"},{"id":"1628","key":"-evde-bakim","value":"# EVDE BAKIM"},{"id":"13562","key":"yeni̇-yil-makyaj","value":"YENİ YIL MAKYAJ"}]},"texture":null,"undertone":null,"unit_of_measure":null,"unit_size":null,"unit_size_formatted":null,"upc":"020714920234","vto":{"is_color_experience":null,"is_foundation_experience":null}}]},"sub_display_name":"リペアウェア プラス","sub_header":null,"tags":{"total":4,"items":[{"id":"1590","key":"i̇ndi̇ri̇mli̇-ürünler","parent_tag_id":null,"product_display_order":0,"value":"İNDİRİMLİ ÜRÜNLER"},{"id":"1687","key":"yüz-nemlendi̇ri̇ci̇","parent_tag_id":"1667","product_display_order":69,"value":"YÜZ NEMLENDİRİCİ"},{"id":"1628","key":"-evde-bakim","parent_tag_id":null,"product_display_order":342,"value":"# EVDE BAKIM"},{"id":"13562","key":"yeni̇-yil-makyaj","parent_tag_id":"13561","product_display_order":0,"value":"YENİ YIL MAKYAJ"}]},"usage":[{"content":null,"label":"PRODUCT USAGE","type":"product_usage"},{"content":null,"label":"HOW DOES IT WORK","type":"how_does_it_work"},{"content":null,"label":"WHO IT IS FOR","type":"who_it_is_for"},{"content":null,"label":"GREAT TO KNOW","type":"great_to_know"},{"content":null,"label":"WHAT_IT_DOES","type":"what_it_does"},{"content":null,"label":"WHAT_IT_IS","type":"what_it_is"}],"objectID":"7083"},{"benefit":{"statement":null,"benefits":null},"brand":null,"collection":null,"coverage":null,"cross_sell":null,"default_category":{"id":"1628","key":"-evde-bakim"},"description":null,"display_mode":null,"display_name":"ID DDML+ACC UNEVEN SKIN TONE","display_status":1,"finish":null,"form":null,"formula_type":null,"fragrance_family":null,"indexable_keywords":null,"is_hazmat":false,"is_product_coming_soon":null,"is_product_displayable":true,"is_product_searchable":true,"is_product_shoppable":false,"is_product_sold_out":null,"is_product_temporarily_out_of_stock":null,"is_search_suppressed":null,"key_ingredient":null,"media":{"large":null,"medium":null,"poster":null,"small":null,"videos":[{"position":null,"poster":{"height":null,"src":null,"width":null},"provider":null,"src":null},{"position":null,"poster":{"height":null,"src":null,"width":null},"provider":null,"src":null},{"position":null,"poster":{"height":null,"src":null,"width":null},"provider":null,"src":null}],"xl":null},"meta":{"description":null,"keywords":null},"parent_category":[{"id":"1628","value":"# EVDE BAKIM"}],"product_badge":null,"product_id":"71425","product_title_tag":null,"product_type":"Shaded","product_url":"/product/1628/71425/evde-bakim/id-ddmlacc-uneven-skin-tone","reviews":{"average_rating":null,"number_of_questions":null,"number_of_reviews":null},"shade_groups":null,"short_description":null,"skin":null,"skin_goal":null,"skus":{"total":1,"items":[{"color_family":null,"coverage_options":null,"cross_sell":null,"display_status":1,"finish":null,"finish_options":null,"fragrances":[{"family":null,"key":null,"value":null}],"iln_listing":null,"iln_version_number":null,"inventory_status":"Sold Out","is_active":null,"is_coming_soon":null,"is_default_sku":false,"is_discountable":false,"is_displayable":null,"is_engravable":null,"is_fragrance":null,"is_giftable":null,"is_giftwrap":false,"is_inactive":null,"is_multi_shaded":null,"is_out_of_stock":null,"is_preorder":false,"is_preorderable":null,"is_promotional":null,"is_replenishable":false,"is_search_suppressed":null,"is_searchable":false,"is_shaded":null,"is_sized":null,"is_sold_out":true,"is_under_weight_hazmat":false,"is_vto_enabled":null,"life_of_product":"Limited life","material_code":"KH69400000","media":{"large":[{"alt":"ID DDML+ACC UNEVEN SKIN TONE","height":1200,"position":0,"src":"/media/export/cms/products/1200x1500/cl_sku_KH6940_1200x1500_0.png","type":"image","width":1500}],"medium":[{"alt":"ID DDML+ACC UNEVEN SKIN TONE","height":600,"position":1,"src":"/media/export/cms/products/600x750/cl_sku_KH6940_600x750_0.png","type":"image","width":750}],"model":null,"poster":null,"small":[{"alt":"ID DDML+ACC UNEVEN SKIN TONE","height":1200,"position":2,"src":"/media/export/cms/products/1200x1500/cl_sku_KH6940_1200x1500_0.png","type":"image","width":1500}],"smoosh":null,"xl":null},"out_of_stock_threshold":null,"perlgem":{"SKU_BASE_ID":110830},"preorder_date":null,"prices":[{"currency":"TRY","exclude_tax":{"original_price":0,"original_price_formatted":"0.00 TL","price":0,"price_formatted":"0.00 TL","price_per_unit":null,"price_per_unit_formatted":""},"include_tax":{"original_price":0,"original_price_formatted":"0.00 TL","price":0,"price_formatted":"0.00 TL","price_per_unit":null,"price_per_unit_formatted":""},"is_discounted":false}],"purchase_limit":null,"replenishment":{"message":null},"reviews":{"average_rating":null,"number_of_questions":null,"number_of_reviews":null},"set_components":null,"shade_groups":null,"shades":null,"sizes":[{"key":1,"value":null}],"skin":{"tone":null,"type":null,"type_description":null},"sku_badge":null,"sku_badge_image":null,"sku_display_order":0,"sku_id":"KH6940","sku_promo_messaging":null,"sku_type":"SE","sku_url":null,"tags":{"total":2,"items":[{"id":"26570","key":"tiered-1","value":"Tiered 1"},{"id":"1628","key":"-evde-bakim","value":"# EVDE BAKIM"}]},"texture":null,"undertone":null,"unit_of_measure":null,"unit_size":null,"unit_size_formatted":null,"upc":"192333047866","vto":{"is_color_experience":null,"is_foundation_experience":null}}]},"sub_display_name":null,"sub_header":null,"tags":{"total":2,"items":[{"id":"26570","key":"tiered-1","parent_tag_id":"1628","product_display_order":10,"value":"Tiered 1"},{"id":"1628","key":"-evde-bakim","parent_tag_id":null,"product_display_order":0,"value":"# EVDE BAKIM"}]},"usage":[{"content":null,"label":"PRODUCT USAGE","type":"product_usage"},{"content":null,"label":"HOW DOES IT WORK","type":"how_does_it_work"},{"content":null,"label":"WHO IT IS FOR","type":"who_it_is_for"},{"content":null,"label":"GREAT TO KNOW","type":"great_to_know"},{"content":null,"label":"WHAT_IT_DOES","type":"what_it_does"},{"content":null,"label":"WHAT_IT_IS","type":"what_it_is"}],"objectID":"71425"},{"benefit":{"statement":null,"benefits":null},"brand":null,"collection":null,"coverage":null,"cross_sell":null,"default_category":{"id":"1628","key":"-evde-bakim"},"description":null,"display_mode":null,"display_name":"CL ID EB SPHERES+PORES","display_status":3,"finish":null,"form":null,"formula_type":null,"fragrance_family":null,"indexable_keywords":null,"is_hazmat":false,"is_product_coming_soon":null,"is_product_displayable":true,"is_product_searchable":true,"is_product_shoppable":false,"is_product_sold_out":null,"is_product_temporarily_out_of_stock":null,"is_search_suppressed":null,"key_ingredient":null,"media":{"large":null,"medium":null,"poster":null,"small":null,"videos":[{"position":null,"poster":{"height":null,"src":null,"width":null},"provider":null,"src":null},{"position":null,"poster":{"height":null,"src":null,"width":null},"provider":null,"src":null},{"position":null,"poster":{"height":null,"src":null,"width":null},"provider":null,"src":null}],"xl":null},"meta":{"description":null,"keywords":null},"parent_category":[{"id":"1628","value":"# EVDE BAKIM"}],"product_badge":null,"product_id":"71427","product_title_tag":null,"product_type":"Shaded","product_url":"/product/1628/71427/evde-bakim/cl-id-eb-spherespores","reviews":{"average_rating":null,"number_of_questions":null,"number_of_reviews":null},"shade_groups":null,"short_description":null,"skin":null,"skin_goal":null,"skus":{"total":1,"items":[{"color_family":null,"coverage_options":null,"cross_sell":null,"display_status":3,"finish":null,"finish_options":null,"fragrances":[{"family":null,"key":null,"value":null}],"iln_listing":null,"iln_version_number":null,"inventory_status":"Sold Out","is_active":null,"is_coming_soon":null,"is_default_sku":false,"is_discountable":false,"is_displayable":null,"is_engravable":null,"is_fragrance":null,"is_giftable":null,"is_giftwrap":false,"is_inactive":null,"is_multi_shaded":null,"is_out_of_stock":null,"is_preorder":false,"is_preorderable":null,"is_promotional":null,"is_replenishable":false,"is_search_suppressed":null,"is_searchable":false,"is_shaded":null,"is_sized":null,"is_sold_out":true,"is_under_weight_hazmat":false,"is_vto_enabled":null,"life_of_product":"Limited life","material_code":"KLHJ400000","media":{"large":[{"alt":"CL ID EB SPHERES+PORES","height":1200,"position":0,"src":"/media/export/cms/products/1200x1500/cl_sku_KLHJ40_1200x1500_0.png","type":"image","width":1500}],"medium":[{"alt":"CL ID EB SPHERES+PORES","height":600,"position":1,"src":"/media/export/cms/products/600x750/cl_sku_KLHJ40_600x750_0.png","type":"image","width":750}],"model":null,"poster":null,"small":[{"alt":"CL ID EB SPHERES+PORES","height":1200,"position":2,"src":"/media/export/cms/products/1200x1500/cl_sku_KLHJ40_1200x1500_0.png","type":"image","width":1500}],"smoosh":null,"xl":null},"out_of_stock_threshold":null,"perlgem":{"SKU_BASE_ID":110831},"preorder_date":null,"prices":[{"currency":"TRY","exclude_tax":{"original_price":0,"original_price_formatted":"0.00 TL","price":0,"price_formatted":"0.00 TL","price_per_unit":null,"price_per_unit_formatted":""},"include_tax":{"original_price":0,"original_price_formatted":"0.00 TL","price":0,"price_formatted":"0.00 TL","price_per_unit":null,"price_per_unit_formatted":""},"is_discounted":false}],"purchase_limit":null,"replenishment":{"message":null},"reviews":{"average_rating":null,"number_of_questions":null,"number_of_reviews":null},"set_components":null,"shade_groups":null,"shades":null,"sizes":[{"key":1,"value":null}],"skin":{"tone":null,"type":null,"type_description":null},"sku_badge":null,"sku_badge_image":null,"sku_display_order":0,"sku_id":"KLHJ40","sku_promo_messaging":null,"sku_type":"SE","sku_url":null,"tags":{"total":3,"items":[{"id":"2644","key":"alışverişi-tamamla","value":"Alışverişi Tamamla"},{"id":"26570","key":"tiered-1","value":"Tiered 1"},{"id":"1628","key":"-evde-bakim","value":"# EVDE BAKIM"}]},"texture":null,"undertone":null,"unit_of_measure":null,"unit_size":null,"unit_size_formatted":null,"upc":"192333015698","vto":{"is_color_experience":null,"is_foundation_experience":null}}]},"sub_display_name":null,"sub_header":null,"tags":{"total":3,"items":[{"id":"2644","key":"alışverişi-tamamla","parent_tag_id":null,"product_display_order":0,"value":"Alışverişi Tamamla"},{"id":"26570","key":"tiered-1","parent_tag_id":"1628","product_display_order":0,"value":"Tiered 1"},{"id":"1628","key":"-evde-bakim","parent_tag_id":null,"product_display_order":0,"value":"# EVDE BAKIM"}]},"usage":[{"content":null,"label":"PRODUCT USAGE","type":"product_usage"},{"content":null,"label":"HOW DOES IT WORK","type":"how_does_it_work"},{"content":null,"label":"WHO IT IS FOR","type":"who_it_is_for"},{"content":null,"label":"GREAT TO KNOW","type":"great_to_know"},{"content":null,"label":"WHAT_IT_DOES","type":"what_it_does"},{"content":null,"label":"WHAT_IT_IS","type":"what_it_is"}],"objectID":"71427"},{"benefit":null,"brand":null,"collection":null,"coverage":null,"cross_sell":null,"default_category":{"id":"17860","key":"makyaj-ci̇lt-bakim-parfüm-setleri̇"},"description":"Clinique For Men Face Wash Yüz Yıkama Jeli, 30ml<BR>Clinique For Men Tıraş Kremi, 60ml<BR>Clinique For Men Yaşlanma Karşıtı Nemlendirici, 15ml","display_mode":null,"display_name":"Clinique For Men Daily Age Repair Günlük Bakım Seti","display_status":7,"finish":null,"form":null,"formula_type":null,"fragrance_family":null,"indexable_keywords":null,"is_hazmat":false,"is_product_coming_soon":null,"is_product_displayable":true,"is_product_searchable":true,"is_product_shoppable":false,"is_product_sold_out":null,"is_product_temporarily_out_of_stock":null,"is_search_suppressed":null,"key_ingredient":null,"media":{"large":null,"medium":null,"poster":null,"small":null,"videos":[{"position":null,"poster":{"height":null,"src":null,"width":null},"provider":null,"src":null},{"position":null,"poster":{"height":null,"src":null,"width":null},"provider":null,"src":null},{"position":null,"poster":{"height":null,"src":null,"width":null},"provider":null,"src":null}],"xl":null},"meta":{"description":null,"keywords":null},"parent_category":[{"id":"17860","value":"MAKYAJ & CİLT BAKIM & PARFÜM SETLERİ"}],"product_badge":null,"product_id":"71433","product_title_tag":null,"product_type":"Other","product_url":"/product/17860/71433/makyaj-cilt-bakim-parfum-setleri/clinique-for-men-daily-age-repair-gunluk-bakm-seti","reviews":{"average_rating":null,"number_of_questions":null,"number_of_reviews":null},"shade_groups":null,"short_description":null,"skin":null,"skin_goal":null,"skus":{"total":1,"items":[{"color_family":null,"coverage_options":null,"cross_sell":null,"display_status":7,"finish":null,"finish_options":null,"fragrances":[{"family":null,"key":null,"value":null}],"iln_listing":null,"iln_version_number":null,"inventory_status":"Sold Out","is_active":null,"is_coming_soon":null,"is_default_sku":false,"is_discountable":false,"is_displayable":null,"is_engravable":null,"is_fragrance":null,"is_giftable":null,"is_giftwrap":false,"is_inactive":null,"is_multi_shaded":null,"is_out_of_stock":null,"is_preorder":false,"is_preorderable":null,"is_promotional":null,"is_replenishable":false,"is_search_suppressed":null,"is_searchable":true,"is_shaded":null,"is_sized":null,"is_sold_out":true,"is_under_weight_hazmat":false,"is_vto_enabled":null,"life_of_product":"Limited life","material_code":"KNGG010000","media":{"large":[{"alt":"Clinique For Men Daily Age Repair Günlük Bakım Seti","height":1200,"position":0,"src":"/media/export/cms/products/1200x1500/cl_sku_KNGG01_1200x1500_0.png","type":"image","width":1500}],"medium":[{"alt":"Clinique For Men Daily Age Repair Günlük Bakım Seti","height":600,"position":1,"src":"/media/export/cms/products/600x750/cl_sku_KNGG01_600x750_0.png","type":"image","width":750}],"model":null,"poster":null,"small":[{"alt":"Clinique For Men Daily Age Repair Günlük Bakım Seti","height":1200,"position":2,"src":"/media/export/cms/products/1200x1500/cl_sku_KNGG01_1200x1500_0.png","type":"image","width":1500}],"smoosh":null,"xl":null},"out_of_stock_threshold":null,"perlgem":{"SKU_BASE_ID":110838},"preorder_date":null,"prices":[{"currency":"TRY","exclude_tax":{"original_price":139,"original_price_formatted":"139.00 TL","price":139,"price_formatted":"139.00 TL","price_per_unit":null,"price_per_unit_formatted":""},"include_tax":{"original_price":139,"original_price_formatted":"139.00 TL","price":139,"price_formatted":"139.00 TL","price_per_unit":null,"price_per_unit_formatted":""},"is_discounted":false}],"purchase_limit":null,"replenishment":{"message":null},"reviews":{"average_rating":null,"number_of_questions":null,"number_of_reviews":null},"set_components":null,"shade_groups":null,"shades":null,"sizes":[{"key":1,"value":null}],"skin":{"tone":null,"type":null,"type_description":null},"sku_badge":null,"sku_badge_image":null,"sku_display_order":0,"sku_id":"KNGG01","sku_promo_messaging":null,"sku_type":"SE","sku_url":null,"tags":{"total":5,"items":[{"id":"1609","key":"erkek-ci̇lt-bakimi-traş","value":"ERKEK CİLT BAKIMI & TRAŞ"},{"id":"1626","key":"ci̇lt-bakimi","value":"CİLT BAKIMI"},{"id":"1619","key":"hedi̇yeler-setler","value":"HEDİYELER & SETLER"},{"id":"16118","key":"black-friday-özel","value":"Black Friday Özel"},{"id":"17860","key":"makyaj-ci̇lt-bakim-parfüm-setleri̇","value":"MAKYAJ & CİLT BAKIM & PARFÜM SETLERİ"}]},"texture":null,"undertone":null,"unit_of_measure":null,"unit_size":null,"unit_size_formatted":null,"upc":"192333031520","vto":{"is_color_experience":null,"is_foundation_experience":null}}]},"sub_display_name":"İndirime dahil değildir.","sub_header":null,"tags":{"total":5,"items":[{"id":"1609","key":"erkek-ci̇lt-bakimi-traş","parent_tag_id":null,"product_display_order":0,"value":"ERKEK CİLT BAKIMI & TRAŞ"},{"id":"1626","key":"ci̇lt-bakimi","parent_tag_id":"1625","product_display_order":0,"value":"CİLT BAKIMI"},{"id":"1619","key":"hedi̇yeler-setler","parent_tag_id":"1618","product_display_order":0,"value":"HEDİYELER & SETLER"},{"id":"16118","key":"black-friday-özel","parent_tag_id":"13561","product_display_order":0,"value":"Black Friday Özel"},{"id":"17860","key":"makyaj-ci̇lt-bakim-parfüm-setleri̇","parent_tag_id":null,"product_display_order":0,"value":"MAKYAJ & CİLT BAKIM & PARFÜM SETLERİ"}]},"usage":[{"content":null,"label":"PRODUCT USAGE","type":"product_usage"},{"content":null,"label":"HOW DOES IT WORK","type":"how_does_it_work"},{"content":null,"label":"WHO IT IS FOR","type":"who_it_is_for"},{"content":null,"label":"GREAT TO KNOW","type":"great_to_know"},{"content":null,"label":"WHAT_IT_DOES","type":"what_it_does"},{"content":null,"label":"WHAT_IT_IS","type":"what_it_is"}],"objectID":"71433"},{"benefit":{"statement":null,"benefits":null},"brand":null,"collection":null,"coverage":null,"cross_sell":null,"default_category":{"id":"1685","key":"hedi̇yeler-setler"},"description":"<P>Smart Clinical MD Age Yaşlanma Karşıtı ve Sıkılaştırıcı İkili Bakım Kremi 50ml:<BR>İki süper güç bir arada!Smart Clinical MD Yaşlanma Karşıtı ve Dolgunlaştırıcı Bakım Kremi: Cildi yeniden dolgunlaştırır + derin çizgi ve kırışıklık görünümünü azaltmaya yardımcı olur.Smart Clinical MD Yaşlanma Karşıtı ve Sıkılaştırıcı Bakım Kremi: Sıkılaştırır + yüz hatlarını belirginleştirmeye yardımcı olur. Boyun, çene ve çene çizgisi gibi alanları gözle görülür şekilde yeniden yapılandırmaya ve şekillendirmeye yardımcı olur.Morpho Teknolojisi ile çizgi & kırışıklıkların görünümünü en aza indirmek için yaşlanma karşıtı peptidleri kullanır ve hücre yenilenmesini destekler. Enerji verir & cildin genç görünümünü yeniden kazanmasına yardımcı olur.</P><P><BR>Fresh Pressed Günlük Bakım Desteği Saf C&A Vitaminli:<BR>Clinique'in en taze gece ve gündüz yaşlanma karşıtı formülü. İki farklı formül birlikte kullanıldığında çizgi ve kırışıklıkları azaltmada gözle görülür etkiler sağlamaya yardımcı olur.·&nbsp;&nbsp;&nbsp;&nbsp;&nbsp;&nbsp;&nbsp; </P><P>Ürün İçeriği : Nemlendiricinizi beraber kullanıldığında yaşlanma karşıtı etkiye dönüştürür. Gündüz ve gece Booster olan Saf Vitamin C %10 ve A (Retinol) ile görünür kırışıklıklara karşı gözle görülür sonuçlar sunmak için taze olarak etkinleştirilir. Her gün % 10 C Vitamini cilde anında ışıltı sağlar. Sürekli kullanım ile gözle görülür şekilde daha eşit bir cilt tonu sağlar.A Vitamini (Retinol) ise cildin yüzeyine derinlemesine nüfuz eder. Zamanla cilt yeniden canlanmış görünür, çizgiler ve kırışıklıklarla savaşır.·&nbsp;&nbsp;&nbsp;&nbsp;&nbsp;&nbsp;&nbsp; </P>","display_mode":null,"display_name":"Yaşlanma Karşıtı ve Sıkılaştırıcı Cilt Bakım Seti","display_status":7,"finish":null,"form":null,"formula_type":null,"fragrance_family":null,"indexable_keywords":null,"is_hazmat":false,"is_product_coming_soon":null,"is_product_displayable":true,"is_product_searchable":true,"is_product_shoppable":false,"is_product_sold_out":null,"is_product_temporarily_out_of_stock":null,"is_search_suppressed":null,"key_ingredient":null,"media":{"large":null,"medium":null,"poster":null,"small":null,"videos":[{"position":null,"poster":{"height":null,"src":null,"width":null},"provider":null,"src":null},{"position":null,"poster":{"height":null,"src":null,"width":null},"provider":null,"src":null},{"position":null,"poster":{"height":null,"src":null,"width":null},"provider":null,"src":null}],"xl":null},"meta":{"description":null,"keywords":null},"parent_category":[{"id":"1685","value":"HEDİYELER & SETLER"},{"id":"1684","value":"Hediyeler"},{"id":"1667","value":"CİLT BAKIMI"}],"product_badge":null,"product_id":"71443","product_title_tag":null,"product_type":"Other","product_url":"/product/1685/71443/cilt-bakimi/hediyeler/hediyeler-setler/yaslanma-karst-ve-sklastrc-cilt-bakm-seti","reviews":{"average_rating":null,"number_of_questions":null,"number_of_reviews":null},"shade_groups":null,"short_description":null,"skin":null,"skin_goal":null,"skus":{"total":1,"items":[{"color_family":null,"coverage_options":null,"cross_sell":null,"display_status":7,"finish":null,"finish_options":null,"fragrances":[{"family":null,"key":null,"value":null}],"iln_listing":null,"iln_version_number":null,"inventory_status":"Sold Out","is_active":null,"is_coming_soon":null,"is_default_sku":false,"is_discountable":true,"is_displayable":null,"is_engravable":null,"is_fragrance":null,"is_giftable":null,"is_giftwrap":false,"is_inactive":null,"is_multi_shaded":null,"is_out_of_stock":null,"is_preorder":false,"is_preorderable":null,"is_promotional":null,"is_replenishable":false,"is_search_suppressed":null,"is_searchable":true,"is_shaded":null,"is_sized":null,"is_sold_out":true,"is_under_weight_hazmat":false,"is_vto_enabled":null,"life_of_product":"Limited life","material_code":"KNXJ010000","media":{"large":[{"alt":"Yaşlanma Karşıtı ve Sıkılaştırıcı Cilt Bakım Seti","height":1200,"position":0,"src":"/media/export/cms/products/1200x1500/cl_sku_KNXJ01_1200x1500_0.png","type":"image","width":1500}],"medium":[{"alt":"Yaşlanma Karşıtı ve Sıkılaştırıcı Cilt Bakım Seti","height":600,"position":1,"src":"/media/export/cms/products/600x750/cl_sku_KNXJ01_600x750_0.png","type":"image","width":750}],"model":null,"poster":null,"small":[{"alt":"Yaşlanma Karşıtı ve Sıkılaştırıcı Cilt Bakım Seti","height":1200,"position":2,"src":"/media/export/cms/products/1200x1500/cl_sku_KNXJ01_1200x1500_0.png","type":"image","width":1500}],"smoosh":null,"xl":null},"out_of_stock_threshold":null,"perlgem":{"SKU_BASE_ID":110850},"preorder_date":null,"prices":[{"currency":"TRY","exclude_tax":{"original_price":755,"original_price_formatted":"755.00 TL","price":755,"price_formatted":"755.00 TL","price_per_unit":null,"price_per_unit_formatted":""},"include_tax":{"original_price":755,"original_price_formatted":"755.00 TL","price":755,"price_formatted":"755.00 TL","price_per_unit":null,"price_per_unit_formatted":""},"is_discounted":false}],"purchase_limit":null,"replenishment":{"message":null},"reviews":{"average_rating":null,"number_of_questions":null,"number_of_reviews":null},"set_components":null,"shade_groups":null,"shades":null,"sizes":[{"key":1,"value":null}],"skin":{"tone":null,"type":null,"type_description":null},"sku_badge":null,"sku_badge_image":null,"sku_display_order":0,"sku_id":"KNXJ01","sku_promo_messaging":null,"sku_type":"SE","sku_url":null,"tags":{"total":9,"items":[{"id":"4034","key":"yüz-serumlari","value":"YÜZ SERUMLARI"},{"id":"17859","key":"çok-satanlar","value":"ÇOK SATANLAR"},{"id":"1683","key":"göz-dudak-bakimi","value":"GÖZ & DUDAK BAKIMI"},{"id":"1687","key":"yüz-nemlendi̇ri̇ci̇","value":"YÜZ NEMLENDİRİCİ"},{"id":"16320","key":"clinique-smart","value":"Clinique Smart"},{"id":"17860","key":"makyaj-ci̇lt-bakim-parfüm-setleri̇","value":"MAKYAJ & CİLT BAKIM & PARFÜM SETLERİ"},{"id":"8388","key":"nem","value":"nem"},{"id":"1685","key":"hedi̇yeler-setler","value":"HEDİYELER & SETLER"},{"id":"18919","key":"fresh-pressed","value":"Fresh Pressed"}]},"texture":null,"undertone":null,"unit_of_measure":null,"unit_size":null,"unit_size_formatted":null,"upc":"192333034521","vto":{"is_color_experience":null,"is_foundation_experience":null}}]},"sub_display_name":null,"sub_header":null,"tags":{"total":9,"items":[{"id":"4034","key":"yüz-serumlari","parent_tag_id":"1667","product_display_order":0,"value":"YÜZ SERUMLARI"},{"id":"17859","key":"çok-satanlar","parent_tag_id":null,"product_display_order":25,"value":"ÇOK SATANLAR"},{"id":"1683","key":"göz-dudak-bakimi","parent_tag_id":"1667","product_display_order":0,"value":"GÖZ & DUDAK BAKIMI"},{"id":"1687","key":"yüz-nemlendi̇ri̇ci̇","parent_tag_id":"1667","product_display_order":78,"value":"YÜZ NEMLENDİRİCİ"},{"id":"16320","key":"clinique-smart","parent_tag_id":"1667","product_display_order":0,"value":"Clinique Smart"},{"id":"17860","key":"makyaj-ci̇lt-bakim-parfüm-setleri̇","parent_tag_id":null,"product_display_order":0,"value":"MAKYAJ & CİLT BAKIM & PARFÜM SETLERİ"},{"id":"8388","key":"nem","parent_tag_id":"1667","product_display_order":0,"value":"nem"},{"id":"1685","key":"hedi̇yeler-setler","parent_tag_id":"1684","product_display_order":0,"value":"HEDİYELER & SETLER"},{"id":"18919","key":"fresh-pressed","parent_tag_id":"1667","product_display_order":0,"value":"Fresh Pressed"}]},"usage":[{"content":"<P>Kullanım Şekli : * Birkaç pompayı en sevdiğiniz Clinique nemlendiriciyle karıştırın - Sabahları C Vitamini, akşam ise A Vitamini uygulayın. Sevdiğiniz nemlendiriciyi değiştirmeden güçlü bir yaşlanma karşıtı takviyenin tadını çıkarın.Kullanmadan önce çalkalayın. Kapağı çıkarın. Avucunuzun içine dağıtmak için 2-3x ampulüne basın. Nemlendiricinizin bir miktarı ile elinizde karıştırın. Yüzün her yerine pürüzsüz bir şekilde yayınız. Günlük güneş kreminizi mutlaka uygulayınız.</P>","label":"PRODUCT USAGE","type":"product_usage"},{"content":null,"label":"HOW DOES IT WORK","type":"how_does_it_work"},{"content":null,"label":"WHO IT IS FOR","type":"who_it_is_for"},{"content":null,"label":"GREAT TO KNOW","type":"great_to_know"},{"content":null,"label":"WHAT_IT_DOES","type":"what_it_does"},{"content":null,"label":"WHAT_IT_IS","type":"what_it_is"}],"objectID":"71443"},{"benefit":{"statement":null,"benefits":null},"brand":null,"collection":null,"coverage":null,"cross_sell":null,"default_category":{"id":"17860","key":"makyaj-ci̇lt-bakim-parfüm-setleri̇"},"description":"<P>Dramatically Different™ Jelly - Tüm cilt tipleri için gün boyu nem sağlar. Cildi çevre kirliliğine karşı korur. / İçeriğindeki Taurin ile günlük streslere bağlı yorgunluk belirtilerini en aza indirmeye ve cilde canlı bir görünüm vermeye yardımcı olur.</P><P>Take The Day Off Göz ve Dudak Makyaj Temizleyicisi 30 ml- Oftalmolojik olarak test edilmiştir. Kontakt lens kullananlar için uygundur.Süt kıvamındaki temizleyici, hızlı ve etkili ve nazik bir şekilde makyajı temizler. İçerdiği doğal, bitkisel formülü ile makyajı, UV güneş koruyucusunu ve diğer tüm kirlilikleri kolayca temizlemeye yardımcı olur. temizleme sonrasında cilt yumuşak, pürüzsüz ve rahat hissetmesini destekler.</P>","display_mode":null,"display_name":"Clinique iD Dramatically Dramatically Different™ Yağsız Nemlendirici Jelly + Yorgunluk Karşıtı Set","display_status":3,"finish":null,"form":null,"formula_type":null,"fragrance_family":null,"indexable_keywords":null,"is_hazmat":false,"is_product_coming_soon":null,"is_product_displayable":true,"is_product_searchable":true,"is_product_shoppable":false,"is_product_sold_out":null,"is_product_temporarily_out_of_stock":null,"is_search_suppressed":null,"key_ingredient":null,"media":{"large":null,"medium":null,"poster":null,"small":null,"videos":[{"position":null,"poster":{"height":null,"src":null,"width":null},"provider":null,"src":null},{"position":null,"poster":{"height":null,"src":null,"width":null},"provider":null,"src":null},{"position":null,"poster":{"height":null,"src":null,"width":null},"provider":null,"src":null}],"xl":null},"meta":{"description":null,"keywords":null},"parent_category":[{"id":"17860","value":"MAKYAJ & CİLT BAKIM & PARFÜM SETLERİ"}],"product_badge":null,"product_id":"72083","product_title_tag":null,"product_type":"Other","product_url":"/product/17860/72083/makyaj-cilt-bakim-parfum-setleri/clinique-id-dramatically-dramatically-differenttm-yagsz-nemlendirici-jelly-yorgunluk-karst-set/online-ozel-set","reviews":{"average_rating":null,"number_of_questions":null,"number_of_reviews":null},"shade_groups":null,"short_description":null,"skin":null,"skin_goal":null,"skus":{"total":1,"items":[{"color_family":null,"coverage_options":null,"cross_sell":null,"display_status":3,"finish":null,"finish_options":null,"fragrances":[{"family":null,"key":null,"value":null}],"iln_listing":null,"iln_version_number":null,"inventory_status":"Sold Out","is_active":null,"is_coming_soon":null,"is_default_sku":false,"is_discountable":false,"is_displayable":null,"is_engravable":null,"is_fragrance":null,"is_giftable":null,"is_giftwrap":false,"is_inactive":null,"is_multi_shaded":null,"is_out_of_stock":null,"is_preorder":false,"is_preorderable":null,"is_promotional":null,"is_replenishable":false,"is_search_suppressed":null,"is_searchable":true,"is_shaded":null,"is_sized":null,"is_sold_out":true,"is_under_weight_hazmat":false,"is_vto_enabled":null,"life_of_product":"Limited life","material_code":"CLTR170001","media":{"large":[{"alt":"Clinique iD Dramatically Dramatically Different™ Yağsız Nemlendirici Jelly + Yorgunluk Karşıtı Set","height":1200,"position":0,"src":"/media/export/cms/products/1200x1500/cl_sku_CLTR17_1200x1500_0.png","type":"image","width":1500}],"medium":[{"alt":"Clinique iD Dramatically Dramatically Different™ Yağsız Nemlendirici Jelly + Yorgunluk Karşıtı Set","height":600,"position":1,"src":"/media/export/cms/products/600x750/cl_sku_CLTR17_600x750_0.png","type":"image","width":750}],"model":null,"poster":null,"small":[{"alt":"Clinique iD Dramatically Dramatically Different™ Yağsız Nemlendirici Jelly + Yorgunluk Karşıtı Set","height":1200,"position":2,"src":"/media/export/cms/products/1200x1500/cl_sku_CLTR17_1200x1500_0.png","type":"image","width":1500}],"smoosh":null,"xl":null},"out_of_stock_threshold":null,"perlgem":{"SKU_BASE_ID":111573},"preorder_date":null,"prices":[{"currency":"TRY","exclude_tax":{"original_price":385,"original_price_formatted":"385.00 TL","price":385,"price_formatted":"385.00 TL","price_per_unit":null,"price_per_unit_formatted":null},"include_tax":{"original_price":385,"original_price_formatted":"385.00 TL","price":385,"price_formatted":"385.00 TL","price_per_unit":null,"price_per_unit_formatted":null},"is_discounted":true}],"purchase_limit":null,"replenishment":{"message":null},"reviews":{"average_rating":null,"number_of_questions":null,"number_of_reviews":null},"set_components":[{"product":{"display_name":"Clinique iD Dramatically Dramatically Different™ Yağsız Nemlendirici Jelly - 115ml"},"quantity":1,"sku":{"shades":null,"sizes":[{"key":0,"value":"115ml"}],"sku_id":"KALF01"}},{"product":{"display_name":"Clinique iD Aktif Kartuş Konsantresi - Yorgunluk - 10ml"},"quantity":1,"sku":{"shades":null,"sizes":[{"key":0,"value":"10ml"}],"sku_id":"KALH01"}},{"product":{"display_name":"Take The Day Off™ Makyaj Temizleyici Deluxe Seyahat Boy 30ml - 30 ml"},"quantity":1,"sku":{"shades":null,"sizes":[{"key":0,"value":"30 ml"}],"sku_id":"K97640"}}],"shade_groups":null,"shades":null,"sizes":[{"key":1,"value":"125 ml + 30 ml"}],"skin":{"tone":null,"type":null,"type_description":null},"sku_badge":null,"sku_badge_image":null,"sku_display_order":0,"sku_id":"CLTR17","sku_promo_messaging":null,"sku_type":"SE","sku_url":null,"tags":{"total":4,"items":[{"id":"13567","key":"499-tl-ve-alti-ci̇lt-bakimmakyajparfüm-setleri̇","value":"499 TL VE ALTI CİLT BAKIM&MAKYAJ&PARFÜM SETLERİ"},{"id":"1687","key":"yüz-nemlendi̇ri̇ci̇","value":"YÜZ NEMLENDİRİCİ"},{"id":"1667","key":"ci̇lt-bakimi","value":"CİLT BAKIMI"},{"id":"17860","key":"makyaj-ci̇lt-bakim-parfüm-setleri̇","value":"MAKYAJ & CİLT BAKIM & PARFÜM SETLERİ"}]},"texture":null,"undertone":null,"unit_of_measure":null,"unit_size":null,"unit_size_formatted":null,"upc":"023000000017","vto":{"is_color_experience":null,"is_foundation_experience":null}}]},"sub_display_name":null,"sub_header":null,"tags":{"total":4,"items":[{"id":"13567","key":"499-tl-ve-alti-ci̇lt-bakimmakyajparfüm-setleri̇","parent_tag_id":"13561","product_display_order":40,"value":"499 TL VE ALTI CİLT BAKIM&MAKYAJ&PARFÜM SETLERİ"},{"id":"1687","key":"yüz-nemlendi̇ri̇ci̇","parent_tag_id":"1667","product_display_order":94,"value":"YÜZ NEMLENDİRİCİ"},{"id":"1667","key":"ci̇lt-bakimi","parent_tag_id":null,"product_display_order":0,"value":"CİLT BAKIMI"},{"id":"17860","key":"makyaj-ci̇lt-bakim-parfüm-setleri̇","parent_tag_id":null,"product_display_order":16,"value":"MAKYAJ & CİLT BAKIM & PARFÜM SETLERİ"}]},"usage":[{"content":null,"label":"PRODUCT USAGE","type":"product_usage"},{"content":null,"label":"HOW DOES IT WORK","type":"how_does_it_work"},{"content":null,"label":"WHO IT IS FOR","type":"who_it_is_for"},{"content":null,"label":"GREAT TO KNOW","type":"great_to_know"},{"content":null,"label":"WHAT_IT_DOES","type":"what_it_does"},{"content":"<P>Dramatically Different™ Jelly - Tüm cilt tipleri için gün boyu nem sağlar. Cildi çevre kirliliğine karşı korur. / İçeriğindeki Taurin ile günlük streslere bağlı yorgunluk belirtilerini en aza indirmeye ve cilde canlı bir görünüm vermeye yardımcı olur.</P><P>Take The Day Off Göz ve Dudak Makyaj Temizleyicisi 30 ml- Oftalmolojik olarak test edilmiştir. Kontakt lens kullananlar için uygundur.Süt kıvamındaki temizleyici, hızlı ve etkili ve nazik bir şekilde makyajı temizler. İçerdiği doğal, bitkisel formülü ile makyajı, UV güneş koruyucusunu ve diğer tüm kirlilikleri kolayca temizlemeye yardımcı olur. temizleme sonrasında cilt yumuşak, pürüzsüz ve rahat hissetmesini destekler.</P>","label":"WHAT_IT_IS","type":"what_it_is"}],"objectID":"72083"},{"benefit":{"statement":null,"benefits":null},"brand":null,"collection":[{"key":"suerpdefense-collection","value":"suerpdefense_collection"}],"coverage":null,"cross_sell":null,"default_category":{"id":"1687","key":"yüz-nemlendi̇ri̇ci̇"},"description":"<BR>Yağ içermeyen formülü ile cildi zararlı dış etkenlere karşı korur, canlandırır ve yaşlanmanın ilk belirtileri olan ince çizgi ve kırışıklıkların görünümünü azaltır. Ter ve neme dayanıklıdır. </P><P>Formülündeki Stop Signs™ Teknolojisi ile cildi UV ışınlarından, kızılötesinden, mavi ışıktan, serbest radikallerden, kirden, toz ve polenden, prematüre yaşlanmayla oluşan ilk mimik çizgilerinden korumaya yardımcı olur. 8 saat boyunca zengin antioksidan içeriği ile cildi besler, içerisindeki inci ışıltısı yardımıyla cilt yorgunluğu izlerini anında yatıştırır.<BR>İnce çizgileri ve kırışıklıkların görünümünü gözle görünür derecede azaltır.<BR>Karnitin ile fermente bir enerji karışımı cildin enerji kaynağını destekler.<BR>Ayrıca, anında Hiyalüronik Asit, Trehaloz ve Sarıteçan özütü içeren nem bariyeri kompleksiyle uzun süre kalıcı nem sağlar</P>","display_mode":null,"display_name":"Superdefense™ SPF 25 Yorgunluk ve Yaşlanmanın İlk Belirtilerine Karşı Etkili Nemlendirici Krem","display_status":7,"finish":null,"form":[{"key":"cream-form","value":"cream_form"}],"formula_type":null,"fragrance_family":null,"indexable_keywords":null,"is_hazmat":false,"is_product_coming_soon":null,"is_product_displayable":true,"is_product_searchable":true,"is_product_shoppable":true,"is_product_sold_out":null,"is_product_temporarily_out_of_stock":null,"is_search_suppressed":null,"key_ingredient":null,"media":{"large":[{"alt":"Superdefense™ SPF 25 Yorgunluk ve Yaşlanmanın İlk Belirtilerine Karşı Etkili Nemlendirici Krem","height":1200,"position":0,"src":"/media/export/cms/products/1200x1500/cl_prod_72161_1200x1500_0.png","type":"image","width":1500},{"alt":"Superdefense™ SPF 25 Yorgunluk ve Yaşlanmanın İlk Belirtilerine Karşı Etkili Nemlendirici Krem","height":1200,"position":1,"src":"/media/export/cms/products/1200x1500/cl_prod_72161_1200x1500_1.png","type":"image","width":1500},{"alt":"Superdefense™ SPF 25 Yorgunluk ve Yaşlanmanın İlk Belirtilerine Karşı Etkili Nemlendirici Krem","height":1200,"position":2,"src":"/media/export/cms/products/1200x1500/cl_prod_72161_1200x1500_2.png","type":"image","width":1500}],"medium":null,"poster":null,"small":[{"alt":"Superdefense™ SPF 25 Yorgunluk ve Yaşlanmanın İlk Belirtilerine Karşı Etkili Nemlendirici Krem","height":1200,"position":3,"src":"/media/export/cms/products/1200x1500/cl_prod_72161_1200x1500_0.png","type":"image","width":1500},{"alt":"Superdefense™ SPF 25 Yorgunluk ve Yaşlanmanın İlk Belirtilerine Karşı Etkili Nemlendirici Krem","height":1200,"position":4,"src":"/media/export/cms/products/1200x1500/cl_prod_72161_1200x1500_1.png","type":"image","width":1500},{"alt":"Superdefense™ SPF 25 Yorgunluk ve Yaşlanmanın İlk Belirtilerine Karşı Etkili Nemlendirici Krem","height":1200,"position":5,"src":"/media/export/cms/products/1200x1500/cl_prod_72161_1200x1500_2.png","type":"image","width":1500}],"videos":[{"position":null,"poster":{"height":null,"src":null,"width":null},"provider":null,"src":null},{"position":null,"poster":{"height":null,"src":null,"width":null},"provider":null,"src":null},{"position":null,"poster":{"height":null,"src":null,"width":null},"provider":null,"src":null}],"xl":null},"meta":{"description":null,"keywords":null},"parent_category":[{"id":"1687","value":"YÜZ NEMLENDİRİCİ"},{"id":"1667","value":"CİLT BAKIMI"}],"product_badge":null,"product_id":"72161","product_title_tag":null,"product_type":"Sized","product_url":"/product/1687/72161/cilt-bakimi/yuz-nemlendirici/superdefensetm-spf-25-yorgunluk-ve-yaslanmann-ilk-belirtilerine-kars-etkili-nemlendirici-krem","reviews":{"average_rating":null,"number_of_questions":null,"number_of_reviews":null},"shade_groups":null,"short_description":null,"skin":{"concern":[{"key":"anti-aging-concern","value":"anti_aging_concern"},{"key":"oil-free-concern","value":"oil_free_concern"},{"key":"spf-concern","value":"spf_concern"},{"key":"fatigue-concern","value":"fatigue_concern"},{"key":"lineswrinkles-concern","value":"lineswrinkles_concern"}]},"skin_goal":null,"skus":{"total":4,"items":[{"color_family":null,"coverage_options":null,"cross_sell":null,"display_status":7,"finish":null,"finish_options":null,"fragrances":[{"family":null,"key":null,"value":null}],"iln_listing":null,"iln_version_number":null,"inventory_status":"Active","is_active":true,"is_coming_soon":null,"is_default_sku":false,"is_discountable":true,"is_displayable":null,"is_engravable":null,"is_fragrance":null,"is_giftable":null,"is_giftwrap":false,"is_inactive":null,"is_multi_shaded":null,"is_out_of_stock":null,"is_preorder":false,"is_preorderable":null,"is_promotional":null,"is_replenishable":false,"is_search_suppressed":null,"is_searchable":true,"is_shaded":null,"is_sized":null,"is_sold_out":null,"is_under_weight_hazmat":false,"is_vto_enabled":null,"life_of_product":"Limited life","material_code":"K5G0010000","media":{"large":[{"alt":"Superdefense™ SPF 25 Yorgunluk ve Yaşlanmanın İlk Belirtilerine Karşı Etkili Nemlendirici Krem","height":1200,"position":0,"src":"/media/export/cms/products/1200x1500/cl_sku_K5G001_1200x1500_0.png","type":"image","width":1500}],"medium":[{"alt":"Superdefense™ SPF 25 Yorgunluk ve Yaşlanmanın İlk Belirtilerine Karşı Etkili Nemlendirici Krem","height":600,"position":1,"src":"/media/export/cms/products/600x750/cl_sku_K5G001_600x750_0.png","type":"image","width":750}],"model":null,"poster":null,"small":[{"alt":"Superdefense™ SPF 25 Yorgunluk ve Yaşlanmanın İlk Belirtilerine Karşı Etkili Nemlendirici Krem","height":1200,"position":2,"src":"/media/export/cms/products/1200x1500/cl_sku_K5G001_1200x1500_0.png","type":"image","width":1500}],"smoosh":null,"xl":null},"out_of_stock_threshold":null,"perlgem":{"SKU_BASE_ID":111661},"preorder_date":null,"prices":[{"currency":"TRY","exclude_tax":{"original_price":409,"original_price_formatted":"409.00 TL","price":409,"price_formatted":"409.00 TL","price_per_unit":null,"price_per_unit_formatted":""},"include_tax":{"original_price":409,"original_price_formatted":"409.00 TL","price":409,"price_formatted":"409.00 TL","price_per_unit":null,"price_per_unit_formatted":""},"is_discounted":false}],"purchase_limit":null,"replenishment":{"message":null},"reviews":{"average_rating":null,"number_of_questions":null,"number_of_reviews":null},"set_components":null,"shade_groups":null,"shades":null,"sizes":[{"key":1,"value":"50 ml - Kuru/Kuru Karma"}],"skin":{"tone":null,"type":null,"type_description":null},"sku_badge":null,"sku_badge_image":null,"sku_display_order":0,"sku_id":"K5G001","sku_promo_messaging":null,"sku_type":"SE","sku_url":null,"tags":{"total":7,"items":[{"id":"25565","key":"justarrivednew","value":"justarrivednew"},{"id":"1667","key":"ci̇lt-bakimi","value":"CİLT BAKIMI"},{"id":"1628","key":"-evde-bakim","value":"# EVDE BAKIM"},{"id":"4323","key":"yeni̇-ürünler","value":"YENİ ÜRÜNLER"},{"id":"17859","key":"çok-satanlar","value":"ÇOK SATANLAR"},{"id":"1590","key":"i̇ndi̇ri̇mli̇-ürünler","value":"İNDİRİMLİ ÜRÜNLER"},{"id":"1687","key":"yüz-nemlendi̇ri̇ci̇","value":"YÜZ NEMLENDİRİCİ"}]},"texture":null,"undertone":null,"unit_of_measure":null,"unit_size":null,"unit_size_formatted":null,"upc":"020714904111","vto":{"is_color_experience":null,"is_foundation_experience":null}},{"color_family":null,"coverage_options":null,"cross_sell":null,"display_status":7,"finish":null,"finish_options":null,"fragrances":[{"family":null,"key":null,"value":null}],"iln_listing":null,"iln_version_number":null,"inventory_status":"Active","is_active":true,"is_coming_soon":null,"is_default_sku":false,"is_discountable":true,"is_displayable":null,"is_engravable":null,"is_fragrance":null,"is_giftable":null,"is_giftwrap":false,"is_inactive":null,"is_multi_shaded":null,"is_out_of_stock":null,"is_preorder":false,"is_preorderable":null,"is_promotional":null,"is_replenishable":false,"is_search_suppressed":null,"is_searchable":true,"is_shaded":null,"is_sized":null,"is_sold_out":null,"is_under_weight_hazmat":false,"is_vto_enabled":null,"life_of_product":"Limited life","material_code":"K5GR010000","media":{"large":[{"alt":"Superdefense™ SPF 25 Yorgunluk ve Yaşlanmanın İlk Belirtilerine Karşı Etkili Nemlendirici Krem","height":1200,"position":0,"src":"/media/export/cms/products/1200x1500/cl_sku_K5GR01_1200x1500_0.png","type":"image","width":1500}],"medium":[{"alt":"Superdefense™ SPF 25 Yorgunluk ve Yaşlanmanın İlk Belirtilerine Karşı Etkili Nemlendirici Krem","height":600,"position":1,"src":"/media/export/cms/products/600x750/cl_sku_K5GR01_600x750_0.png","type":"image","width":750}],"model":null,"poster":null,"small":[{"alt":"Superdefense™ SPF 25 Yorgunluk ve Yaşlanmanın İlk Belirtilerine Karşı Etkili Nemlendirici Krem","height":1200,"position":2,"src":"/media/export/cms/products/1200x1500/cl_sku_K5GR01_1200x1500_0.png","type":"image","width":1500}],"smoosh":null,"xl":null},"out_of_stock_threshold":null,"perlgem":{"SKU_BASE_ID":111740},"preorder_date":null,"prices":[{"currency":"TRY","exclude_tax":{"original_price":259,"original_price_formatted":"259.00 TL","price":259,"price_formatted":"259.00 TL","price_per_unit":null,"price_per_unit_formatted":""},"include_tax":{"original_price":259,"original_price_formatted":"259.00 TL","price":259,"price_formatted":"259.00 TL","price_per_unit":null,"price_per_unit_formatted":""},"is_discounted":false}],"purchase_limit":null,"replenishment":{"message":null},"reviews":{"average_rating":null,"number_of_questions":null,"number_of_reviews":null},"set_components":null,"shade_groups":null,"shades":null,"sizes":[{"key":1,"value":"30 ml - Kuru/Kuru Karma"}],"skin":{"tone":null,"type":null,"type_description":null},"sku_badge":null,"sku_badge_image":null,"sku_display_order":0,"sku_id":"K5GR01","sku_promo_messaging":null,"sku_type":"SE","sku_url":null,"tags":{"total":5,"items":[{"id":"1667","key":"ci̇lt-bakimi","value":"CİLT BAKIMI"},{"id":"1628","key":"-evde-bakim","value":"# EVDE BAKIM"},{"id":"4323","key":"yeni̇-ürünler","value":"YENİ ÜRÜNLER"},{"id":"17859","key":"çok-satanlar","value":"ÇOK SATANLAR"},{"id":"1687","key":"yüz-nemlendi̇ri̇ci̇","value":"YÜZ NEMLENDİRİCİ"}]},"texture":null,"undertone":null,"unit_of_measure":null,"unit_size":null,"unit_size_formatted":null,"upc":"020714904418","vto":{"is_color_experience":null,"is_foundation_experience":null}},{"color_family":null,"coverage_options":null,"cross_sell":null,"display_status":7,"finish":null,"finish_options":null,"fragrances":[{"family":null,"key":null,"value":null}],"iln_listing":null,"iln_version_number":null,"inventory_status":"Active","is_active":true,"is_coming_soon":null,"is_default_sku":false,"is_discountable":true,"is_displayable":null,"is_engravable":null,"is_fragrance":null,"is_giftable":null,"is_giftwrap":false,"is_inactive":null,"is_multi_shaded":null,"is_out_of_stock":null,"is_preorder":false,"is_preorderable":null,"is_promotional":null,"is_replenishable":false,"is_search_suppressed":null,"is_searchable":true,"is_shaded":null,"is_sized":null,"is_sold_out":null,"is_under_weight_hazmat":false,"is_vto_enabled":null,"life_of_product":"Limited life","material_code":"K5G2010000","media":{"large":[{"alt":"Superdefense™ SPF 25 Yorgunluk ve Yaşlanmanın İlk Belirtilerine Karşı Etkili Nemlendirici Krem","height":1200,"position":0,"src":"/media/export/cms/products/1200x1500/cl_sku_K5G201_1200x1500_0.png","type":"image","width":1500}],"medium":[{"alt":"Superdefense™ SPF 25 Yorgunluk ve Yaşlanmanın İlk Belirtilerine Karşı Etkili Nemlendirici Krem","height":600,"position":1,"src":"/media/export/cms/products/600x750/cl_sku_K5G201_600x750_0.png","type":"image","width":750}],"model":null,"poster":null,"small":[{"alt":"Superdefense™ SPF 25 Yorgunluk ve Yaşlanmanın İlk Belirtilerine Karşı Etkili Nemlendirici Krem","height":1200,"position":2,"src":"/media/export/cms/products/1200x1500/cl_sku_K5G201_1200x1500_0.png","type":"image","width":1500}],"smoosh":null,"xl":null},"out_of_stock_threshold":null,"perlgem":{"SKU_BASE_ID":111664},"preorder_date":null,"prices":[{"currency":"TRY","exclude_tax":{"original_price":409,"original_price_formatted":"409.00 TL","price":409,"price_formatted":"409.00 TL","price_per_unit":null,"price_per_unit_formatted":""},"include_tax":{"original_price":409,"original_price_formatted":"409.00 TL","price":409,"price_formatted":"409.00 TL","price_per_unit":null,"price_per_unit_formatted":""},"is_discounted":false}],"purchase_limit":null,"replenishment":{"message":null},"reviews":{"average_rating":null,"number_of_questions":null,"number_of_reviews":null},"set_components":null,"shade_groups":null,"shades":null,"sizes":[{"key":1,"value":"50 ml - Karma/Yağlı"}],"skin":{"tone":null,"type":null,"type_description":null},"sku_badge":null,"sku_badge_image":null,"sku_display_order":0,"sku_id":"K5G201","sku_promo_messaging":null,"sku_type":"SE","sku_url":null,"tags":{"total":6,"items":[{"id":"1667","key":"ci̇lt-bakimi","value":"CİLT BAKIMI"},{"id":"1628","key":"-evde-bakim","value":"# EVDE BAKIM"},{"id":"4323","key":"yeni̇-ürünler","value":"YENİ ÜRÜNLER"},{"id":"17859","key":"çok-satanlar","value":"ÇOK SATANLAR"},{"id":"1590","key":"i̇ndi̇ri̇mli̇-ürünler","value":"İNDİRİMLİ ÜRÜNLER"},{"id":"1687","key":"yüz-nemlendi̇ri̇ci̇","value":"YÜZ NEMLENDİRİCİ"}]},"texture":null,"undertone":null,"unit_of_measure":null,"unit_size":null,"unit_size_formatted":null,"upc":"020714904166","vto":{"is_color_experience":null,"is_foundation_experience":null}},{"color_family":null,"coverage_options":null,"cross_sell":null,"display_status":7,"finish":null,"finish_options":null,"fragrances":[{"family":null,"key":null,"value":null}],"iln_listing":null,"iln_version_number":null,"inventory_status":"Active","is_active":true,"is_coming_soon":null,"is_default_sku":false,"is_discountable":true,"is_displayable":null,"is_engravable":null,"is_fragrance":null,"is_giftable":null,"is_giftwrap":false,"is_inactive":null,"is_multi_shaded":null,"is_out_of_stock":null,"is_preorder":false,"is_preorderable":null,"is_promotional":null,"is_replenishable":false,"is_search_suppressed":null,"is_searchable":true,"is_shaded":null,"is_sized":null,"is_sold_out":null,"is_under_weight_hazmat":false,"is_vto_enabled":null,"life_of_product":"Limited life","material_code":"K5GP010000","media":{"large":[{"alt":"Superdefense™ SPF 25 Yorgunluk ve Yaşlanmanın İlk Belirtilerine Karşı Etkili Nemlendirici Krem","height":1200,"position":0,"src":"/media/export/cms/products/1200x1500/cl_sku_K5GP01_1200x1500_0.png","type":"image","width":1500}],"medium":[{"alt":"Superdefense™ SPF 25 Yorgunluk ve Yaşlanmanın İlk Belirtilerine Karşı Etkili Nemlendirici Krem","height":600,"position":1,"src":"/media/export/cms/products/600x750/cl_sku_K5GP01_600x750_0.png","type":"image","width":750}],"model":null,"poster":null,"small":[{"alt":"Superdefense™ SPF 25 Yorgunluk ve Yaşlanmanın İlk Belirtilerine Karşı Etkili Nemlendirici Krem","height":1200,"position":2,"src":"/media/export/cms/products/1200x1500/cl_sku_K5GP01_1200x1500_0.png","type":"image","width":1500}],"smoosh":null,"xl":null},"out_of_stock_threshold":null,"perlgem":{"SKU_BASE_ID":117481},"preorder_date":null,"prices":[{"currency":"TRY","exclude_tax":{"original_price":259,"original_price_formatted":"259.00 TL","price":259,"price_formatted":"259.00 TL","price_per_unit":259,"price_per_unit_formatted":"259.00 TL / 30ml"},"include_tax":{"original_price":259,"original_price_formatted":"259.00 TL","price":259,"price_formatted":"259.00 TL","price_per_unit":259,"price_per_unit_formatted":"259.00 TL / 30ml"},"is_discounted":false}],"purchase_limit":null,"replenishment":{"message":null},"reviews":{"average_rating":null,"number_of_questions":null,"number_of_reviews":null},"set_components":null,"shade_groups":null,"shades":null,"sizes":[{"key":1,"value":"30 ml - Karma/Yağlı"}],"skin":{"tone":null,"type":null,"type_description":null},"sku_badge":null,"sku_badge_image":null,"sku_display_order":0,"sku_id":"K5GP01","sku_promo_messaging":null,"sku_type":"SE","sku_url":null,"tags":{"total":4,"items":[{"id":"25565","key":"justarrivednew","value":"justarrivednew"},{"id":"4323","key":"yeni̇-ürünler","value":"YENİ ÜRÜNLER"},{"id":"17859","key":"çok-satanlar","value":"ÇOK SATANLAR"},{"id":"1687","key":"yüz-nemlendi̇ri̇ci̇","value":"YÜZ NEMLENDİRİCİ"}]},"texture":null,"undertone":null,"unit_of_measure":"ml","unit_size":30,"unit_size_formatted":"30ml","upc":"020714904401","vto":{"is_color_experience":null,"is_foundation_experience":null}}]},"sub_display_name":null,"sub_header":null,"tags":{"total":7,"items":[{"id":"25565","key":"justarrivednew","parent_tag_id":null,"product_display_order":0,"value":"justarrivednew"},{"id":"1667","key":"ci̇lt-bakimi","parent_tag_id":null,"product_display_order":0,"value":"CİLT BAKIMI"},{"id":"1628","key":"-evde-bakim","parent_tag_id":null,"product_display_order":243,"value":"# EVDE BAKIM"},{"id":"4323","key":"yeni̇-ürünler","parent_tag_id":null,"product_display_order":0,"value":"YENİ ÜRÜNLER"},{"id":"17859","key":"çok-satanlar","parent_tag_id":null,"product_display_order":17,"value":"ÇOK SATANLAR"},{"id":"1590","key":"i̇ndi̇ri̇mli̇-ürünler","parent_tag_id":null,"product_display_order":0,"value":"İNDİRİMLİ ÜRÜNLER"},{"id":"1687","key":"yüz-nemlendi̇ri̇ci̇","parent_tag_id":"1667","product_display_order":58,"value":"YÜZ NEMLENDİRİCİ"}]},"usage":[{"content":null,"label":"PRODUCT USAGE","type":"product_usage"},{"content":null,"label":"HOW DOES IT WORK","type":"how_does_it_work"},{"content":null,"label":"WHO IT IS FOR","type":"who_it_is_for"},{"content":null,"label":"GREAT TO KNOW","type":"great_to_know"},{"content":null,"label":"WHAT_IT_DOES","type":"what_it_does"},{"content":"<BR>Yağ içermeyen formülü ile cildi zararlı dış etkenlere karşı korur, canlandırır ve yaşlanmanın ilk belirtileri olan ince çizgi ve kırışıklıkların görünümünü azaltır. Ter ve neme dayanıklıdır. </P><P>Formülündeki Stop Signs™ Teknolojisi ile cildi UV ışınlarından, kızılötesinden, mavi ışıktan, serbest radikallerden, kirden, toz ve polenden, prematüre yaşlanmayla oluşan ilk mimik çizgilerinden korumaya yardımcı olur. 8 saat boyunca zengin antioksidan içeriği ile cildi besler, içerisindeki inci ışıltısı yardımıyla cilt yorgunluğu izlerini anında yatıştırır.<BR>İnce çizgileri ve kırışıklıkların görünümünü gözle görünür derecede azaltır.<BR>Karnitin ile fermente bir enerji karışımı cildin enerji kaynağını destekler.<BR>Ayrıca, anında Hiyalüronik Asit, Trehaloz ve Sarıteçan özütü içeren nem bariyeri kompleksiyle uzun süre kalıcı nem sağlar</P>","label":"WHAT_IT_IS","type":"what_it_is"}],"objectID":"72161"},{"benefit":{"statement":null,"benefits":null},"brand":null,"collection":null,"coverage":null,"cross_sell":null,"default_category":{"id":"1667","key":"ci̇lt-bakimi"},"description":"<P>Yağ içermeyen formülü ile cildi zararlı dış etkenlere karşı korur, canlandırır ve yaşlanmanın ilk belirtileri olan ince çizgi ve kırışıklıkların görünümünü azaltır. Ter ve neme dayanıklıdır. SPF 40 içeriği ile güneşin zararlı ışınlarına karşı tam koruma sağlar.</P><P>Formülündeki Stop Signs™ Teknolojisi ile cildi UV ışınlarından, kızılötesinden, mavi ışıktan, serbest radikallerden, kirden, toz ve polenden, prematüre yaşlanmayla oluşan ilk mimik çizgilerinden korumaya yardımcı olur. 8 saat boyunca zengin antioksidan içeriği ile cildi besler, içerisindeki inci ışıltısı yardımıyla cilt yorgunluğu izlerini anında yatıştırır.<BR>İnce çizgileri ve kırışıklıkların görünümünü gözle görünür derecede azaltır.<BR>Karnitin ile fermente bir enerji karışımı cildin enerji kaynağını destekler.<BR>Ayrıca, anında Hiyalüronik Asit, Trehaloz ve Sarıteçan özütü içeren nem bariyeri kompleksiyle uzun süre kalıcı nem sağlar.</P>","display_mode":null,"display_name":"Superdefense™ SPF 40 Yorgunluk ve Yaşlanmanın İlk Belirtilerine Karşı Etkili Nemlendirici Jel","display_status":7,"finish":null,"form":null,"formula_type":null,"fragrance_family":null,"indexable_keywords":null,"is_hazmat":false,"is_product_coming_soon":null,"is_product_displayable":true,"is_product_searchable":true,"is_product_shoppable":true,"is_product_sold_out":null,"is_product_temporarily_out_of_stock":null,"is_search_suppressed":null,"key_ingredient":null,"media":{"large":null,"medium":null,"poster":null,"small":null,"videos":[{"position":null,"poster":{"height":null,"src":null,"width":null},"provider":null,"src":null},{"position":null,"poster":{"height":null,"src":null,"width":null},"provider":null,"src":null},{"position":null,"poster":{"height":null,"src":null,"width":null},"provider":null,"src":null}],"xl":null},"meta":{"description":null,"keywords":null},"parent_category":[{"id":"1667","value":"CİLT BAKIMI"}],"product_badge":null,"product_id":"72166","product_title_tag":null,"product_type":"Sized","product_url":"/product/1667/72166/cilt-bakimi/superdefensetm-spf-40-yorgunluk-ve-yaslanmann-ilk-belirtilerine-kars-etkili-nemlendirici-jel","reviews":{"average_rating":null,"number_of_questions":null,"number_of_reviews":null},"shade_groups":null,"short_description":null,"skin":null,"skin_goal":null,"skus":{"total":2,"items":[{"color_family":null,"coverage_options":null,"cross_sell":null,"display_status":7,"finish":null,"finish_options":null,"fragrances":[{"family":null,"key":null,"value":null}],"iln_listing":null,"iln_version_number":null,"inventory_status":"Active","is_active":true,"is_coming_soon":null,"is_default_sku":false,"is_discountable":true,"is_displayable":null,"is_engravable":null,"is_fragrance":null,"is_giftable":null,"is_giftwrap":false,"is_inactive":null,"is_multi_shaded":null,"is_out_of_stock":null,"is_preorder":false,"is_preorderable":null,"is_promotional":null,"is_replenishable":false,"is_search_suppressed":null,"is_searchable":true,"is_shaded":null,"is_sized":null,"is_sold_out":null,"is_under_weight_hazmat":false,"is_vto_enabled":null,"life_of_product":"Limited life","material_code":"ZYYL010000","media":{"large":[{"alt":"Superdefense™ SPF 40 Yorgunluk ve Yaşlanmanın İlk Belirtilerine Karşı Etkili Nemlendirici Jel","height":1200,"position":0,"src":"/media/export/cms/products/1200x1500/cl_sku_ZYYL01_1200x1500_0.png","type":"image","width":1500}],"medium":[{"alt":"Superdefense™ SPF 40 Yorgunluk ve Yaşlanmanın İlk Belirtilerine Karşı Etkili Nemlendirici Jel","height":600,"position":1,"src":"/media/export/cms/products/600x750/cl_sku_ZYYL01_600x750_0.png","type":"image","width":750}],"model":null,"poster":null,"small":[{"alt":"Superdefense™ SPF 40 Yorgunluk ve Yaşlanmanın İlk Belirtilerine Karşı Etkili Nemlendirici Jel","height":1200,"position":2,"src":"/media/export/cms/products/1200x1500/cl_sku_ZYYL01_1200x1500_0.png","type":"image","width":1500}],"smoosh":null,"xl":null},"out_of_stock_threshold":null,"perlgem":{"SKU_BASE_ID":111666},"preorder_date":null,"prices":[{"currency":"TRY","exclude_tax":{"original_price":409,"original_price_formatted":"409.00 TL","price":409,"price_formatted":"409.00 TL","price_per_unit":null,"price_per_unit_formatted":""},"include_tax":{"original_price":409,"original_price_formatted":"409.00 TL","price":409,"price_formatted":"409.00 TL","price_per_unit":null,"price_per_unit_formatted":""},"is_discounted":false}],"purchase_limit":null,"replenishment":{"message":null},"reviews":{"average_rating":null,"number_of_questions":null,"number_of_reviews":null},"set_components":null,"shade_groups":null,"shades":null,"sizes":[{"key":1,"value":"50 ml - Tüm Cilt Tipleri"}],"skin":{"tone":null,"type":null,"type_description":null},"sku_badge":null,"sku_badge_image":null,"sku_display_order":0,"sku_id":"ZYYL01","sku_promo_messaging":null,"sku_type":"SE","sku_url":null,"tags":{"total":4,"items":[{"id":"1628","key":"-evde-bakim","value":"# EVDE BAKIM"},{"id":"17859","key":"çok-satanlar","value":"ÇOK SATANLAR"},{"id":"1590","key":"i̇ndi̇ri̇mli̇-ürünler","value":"İNDİRİMLİ ÜRÜNLER"},{"id":"1667","key":"ci̇lt-bakimi","value":"CİLT BAKIMI"}]},"texture":null,"undertone":null,"unit_of_measure":null,"unit_size":null,"unit_size_formatted":null,"upc":"020714858735","vto":{"is_color_experience":null,"is_foundation_experience":null}},{"color_family":null,"coverage_options":null,"cross_sell":null,"display_status":7,"finish":null,"finish_options":null,"fragrances":[{"family":null,"key":null,"value":null}],"iln_listing":null,"iln_version_number":null,"inventory_status":"Sold Out","is_active":null,"is_coming_soon":null,"is_default_sku":false,"is_discountable":true,"is_displayable":null,"is_engravable":null,"is_fragrance":null,"is_giftable":null,"is_giftwrap":false,"is_inactive":null,"is_multi_shaded":null,"is_out_of_stock":null,"is_preorder":false,"is_preorderable":null,"is_promotional":null,"is_replenishable":false,"is_search_suppressed":null,"is_searchable":true,"is_shaded":null,"is_sized":null,"is_sold_out":true,"is_under_weight_hazmat":false,"is_vto_enabled":null,"life_of_product":"Limited life","material_code":"K435010000","media":{"large":[{"alt":"Superdefense™ SPF 40 Yorgunluk ve Yaşlanmanın İlk Belirtilerine Karşı Etkili Nemlendirici Jel","height":1200,"position":0,"src":"/media/export/cms/products/1200x1500/cl_sku_K43501_1200x1500_0.png","type":"image","width":1500}],"medium":[{"alt":"Superdefense™ SPF 40 Yorgunluk ve Yaşlanmanın İlk Belirtilerine Karşı Etkili Nemlendirici Jel","height":600,"position":1,"src":"/media/export/cms/products/600x750/cl_sku_K43501_600x750_0.png","type":"image","width":750}],"model":null,"poster":null,"small":[{"alt":"Superdefense™ SPF 40 Yorgunluk ve Yaşlanmanın İlk Belirtilerine Karşı Etkili Nemlendirici Jel","height":1200,"position":2,"src":"/media/export/cms/products/1200x1500/cl_sku_K43501_1200x1500_0.png","type":"image","width":1500}],"smoosh":null,"xl":null},"out_of_stock_threshold":null,"perlgem":{"SKU_BASE_ID":117097},"preorder_date":null,"prices":[{"currency":"TRY","exclude_tax":{"original_price":239,"original_price_formatted":"239.00 TL","price":239,"price_formatted":"239.00 TL","price_per_unit":null,"price_per_unit_formatted":""},"include_tax":{"original_price":239,"original_price_formatted":"239.00 TL","price":239,"price_formatted":"239.00 TL","price_per_unit":null,"price_per_unit_formatted":""},"is_discounted":false}],"purchase_limit":null,"replenishment":{"message":null},"reviews":{"average_rating":null,"number_of_questions":null,"number_of_reviews":null},"set_components":null,"shade_groups":null,"shades":null,"sizes":[{"key":1,"value":"30 ml - Tüm Cilt Tipleri"}],"skin":{"tone":null,"type":null,"type_description":null},"sku_badge":null,"sku_badge_image":null,"sku_display_order":0,"sku_id":"K43501","sku_promo_messaging":null,"sku_type":"SE","sku_url":null,"tags":{"total":3,"items":[{"id":"1628","key":"-evde-bakim","value":"# EVDE BAKIM"},{"id":"1687","key":"yüz-nemlendi̇ri̇ci̇","value":"YÜZ NEMLENDİRİCİ"},{"id":"1667","key":"ci̇lt-bakimi","value":"CİLT BAKIMI"}]},"texture":null,"undertone":null,"unit_of_measure":null,"unit_size":null,"unit_size_formatted":null,"upc":"020714893514","vto":{"is_color_experience":null,"is_foundation_experience":null}}]},"sub_display_name":null,"sub_header":null,"tags":{"total":5,"items":[{"id":"1628","key":"-evde-bakim","parent_tag_id":null,"product_display_order":606,"value":"# EVDE BAKIM"},{"id":"17859","key":"çok-satanlar","parent_tag_id":null,"product_display_order":16,"value":"ÇOK SATANLAR"},{"id":"1687","key":"yüz-nemlendi̇ri̇ci̇","parent_tag_id":"1667","product_display_order":33,"value":"YÜZ NEMLENDİRİCİ"},{"id":"1590","key":"i̇ndi̇ri̇mli̇-ürünler","parent_tag_id":null,"product_display_order":0,"value":"İNDİRİMLİ ÜRÜNLER"},{"id":"1667","key":"ci̇lt-bakimi","parent_tag_id":null,"product_display_order":0,"value":"CİLT BAKIMI"}]},"usage":[{"content":null,"label":"PRODUCT USAGE","type":"product_usage"},{"content":null,"label":"HOW DOES IT WORK","type":"how_does_it_work"},{"content":null,"label":"WHO IT IS FOR","type":"who_it_is_for"},{"content":null,"label":"GREAT TO KNOW","type":"great_to_know"},{"content":null,"label":"WHAT_IT_DOES","type":"what_it_does"},{"content":"<P>Yağ içermeyen formülü ile cildi zararlı dış etkenlere karşı korur, canlandırır ve yaşlanmanın ilk belirtileri olan ince çizgi ve kırışıklıkların görünümünü azaltır. Ter ve neme dayanıklıdır. SPF 40 içeriği ile güneşin zararlı ışınlarına karşı tam koruma sağlar.</P><P>Formülündeki Stop Signs™ Teknolojisi ile cildi UV ışınlarından, kızılötesinden, mavi ışıktan, serbest radikallerden, kirden, toz ve polenden, prematüre yaşlanmayla oluşan ilk mimik çizgilerinden korumaya yardımcı olur. 8 saat boyunca zengin antioksidan içeriği ile cildi besler, içerisindeki inci ışıltısı yardımıyla cilt yorgunluğu izlerini anında yatıştırır.<BR>İnce çizgileri ve kırışıklıkların görünümünü gözle görünür derecede azaltır.<BR>Karnitin ile fermente bir enerji karışımı cildin enerji kaynağını destekler.<BR>Ayrıca, anında Hiyalüronik Asit, Trehaloz ve Sarıteçan özütü içeren nem bariyeri kompleksiyle uzun süre kalıcı nem sağlar.</P>","label":"WHAT_IT_IS","type":"what_it_is"}],"objectID":"72166"},{"benefit":{"statement":null,"benefits":null},"brand":null,"collection":null,"coverage":null,"cross_sell":null,"default_category":{"id":"13567","key":"499-tl-ve-alti-ci̇lt-bakimmakyajparfüm-setleri̇"},"description":"<P>Dramatically Different™ Nemlendirici losyon+ / Kuru ve kuru karma ciltler için gün boyu güçlü nemlendirme sağlar. / İçeriğindeki Taurin ile günlük streslere bağlı yorgunluk belirtilerini en aza indirmeye ve cilde canlı bir görünüm vermeye yardımcı olur. </P><P>Take The Day Off Göz ve Dudak Makyaj Temizleyicisi 30 ml- Oftalmolojik olarak test edilmiştir. Kontakt lens kullananlar için uygundur.Süt kıvamındaki temizleyici, hızlı ve etkili ve nazik bir şekilde makyajı temizler. İçerdiği doğal, bitkisel formülü ile makyajı, UV güneş koruyucusunu ve diğer tüm kirlilikleri kolayca temizlemeye yardımcı olur. temizleme sonrasında cilt yumuşak, pürüzsüz ve rahat hissetmesini destekler.</P>","display_mode":null,"display_name":"Clinique iD Dramatically Different™ Nemlendirici Losyon+ & Yorgunluk Karşıtı Set","display_status":7,"finish":null,"form":null,"formula_type":null,"fragrance_family":null,"indexable_keywords":null,"is_hazmat":false,"is_product_coming_soon":null,"is_product_displayable":true,"is_product_searchable":true,"is_product_shoppable":false,"is_product_sold_out":null,"is_product_temporarily_out_of_stock":null,"is_search_suppressed":null,"key_ingredient":null,"media":{"large":null,"medium":null,"poster":null,"small":null,"videos":[{"position":null,"poster":{"height":null,"src":null,"width":null},"provider":null,"src":null},{"position":null,"poster":{"height":null,"src":null,"width":null},"provider":null,"src":null},{"position":null,"poster":{"height":null,"src":null,"width":null},"provider":null,"src":null}],"xl":null},"meta":{"description":null,"keywords":null},"parent_category":[{"id":"13567","value":"499 TL VE ALTI CİLT BAKIM&MAKYAJ&PARFÜM SETLERİ"},{"id":"13561","value":"YENİ YIL BUTİĞİ"}],"product_badge":null,"product_id":"72177","product_title_tag":null,"product_type":"Other","product_url":"/product/13567/72177/yeni-yil-butigi/499-tl-ve-alti-cilt-bakimmakyajparfum-setleri/clinique-id-dramatically-differenttm-nemlendirici-losyon-yorgunluk-karst-set/online-ozel-set","reviews":{"average_rating":null,"number_of_questions":null,"number_of_reviews":null},"shade_groups":null,"short_description":null,"skin":null,"skin_goal":null,"skus":{"total":1,"items":[{"color_family":null,"coverage_options":null,"cross_sell":null,"display_status":7,"finish":null,"finish_options":null,"fragrances":[{"family":null,"key":null,"value":null}],"iln_listing":null,"iln_version_number":null,"inventory_status":"Sold Out","is_active":null,"is_coming_soon":null,"is_default_sku":false,"is_discountable":false,"is_displayable":null,"is_engravable":null,"is_fragrance":null,"is_giftable":null,"is_giftwrap":false,"is_inactive":null,"is_multi_shaded":null,"is_out_of_stock":null,"is_preorder":false,"is_preorderable":null,"is_promotional":null,"is_replenishable":false,"is_search_suppressed":null,"is_searchable":true,"is_shaded":null,"is_sized":null,"is_sold_out":true,"is_under_weight_hazmat":false,"is_vto_enabled":null,"life_of_product":"Limited life","material_code":"CLTR250001","media":{"large":[{"alt":"Clinique iD Dramatically Different™ Nemlendirici Losyon+ & Yorgunluk Karşıtı Set","height":1200,"position":0,"src":"/media/export/cms/products/1200x1500/cl_sku_CLTR25_1200x1500_0.png","type":"image","width":1500}],"medium":[{"alt":"Clinique iD Dramatically Different™ Nemlendirici Losyon+ & Yorgunluk Karşıtı Set","height":600,"position":1,"src":"/media/export/cms/products/600x750/cl_sku_CLTR25_600x750_0.png","type":"image","width":750}],"model":null,"poster":null,"small":[{"alt":"Clinique iD Dramatically Different™ Nemlendirici Losyon+ & Yorgunluk Karşıtı Set","height":1200,"position":2,"src":"/media/export/cms/products/1200x1500/cl_sku_CLTR25_1200x1500_0.png","type":"image","width":1500}],"smoosh":null,"xl":null},"out_of_stock_threshold":null,"perlgem":{"SKU_BASE_ID":111676},"preorder_date":null,"prices":[{"currency":"TRY","exclude_tax":{"original_price":385,"original_price_formatted":"385.00 TL","price":385,"price_formatted":"385.00 TL","price_per_unit":null,"price_per_unit_formatted":null},"include_tax":{"original_price":385,"original_price_formatted":"385.00 TL","price":385,"price_formatted":"385.00 TL","price_per_unit":null,"price_per_unit_formatted":null},"is_discounted":true}],"purchase_limit":null,"replenishment":{"message":null},"reviews":{"average_rating":null,"number_of_questions":null,"number_of_reviews":null},"set_components":[{"product":{"display_name":"Clinique iD Dramatically Different™ Nemlendirici Losyon+ - 115ml"},"quantity":1,"sku":{"shades":null,"sizes":[{"key":0,"value":"115ml"}],"sku_id":"KALC01"}},{"product":{"display_name":"Clinique iD Aktif Kartuş Konsantresi - Yorgunluk - 10ml"},"quantity":1,"sku":{"shades":null,"sizes":[{"key":0,"value":"10ml"}],"sku_id":"KALH01"}},{"product":{"display_name":"Take The Day Off™ Makyaj Temizleyici Deluxe Seyahat Boy 30ml - 30 ml"},"quantity":1,"sku":{"shades":null,"sizes":[{"key":0,"value":"30 ml"}],"sku_id":"K97640"}}],"shade_groups":null,"shades":null,"sizes":[{"key":1,"value":"125 ml + 30 ml"}],"skin":{"tone":null,"type":null,"type_description":null},"sku_badge":null,"sku_badge_image":null,"sku_display_order":0,"sku_id":"CLTR25","sku_promo_messaging":null,"sku_type":"SE","sku_url":null,"tags":{"total":4,"items":[{"id":"17860","key":"makyaj-ci̇lt-bakim-parfüm-setleri̇","value":"MAKYAJ & CİLT BAKIM & PARFÜM SETLERİ"},{"id":"13567","key":"499-tl-ve-alti-ci̇lt-bakimmakyajparfüm-setleri̇","value":"499 TL VE ALTI CİLT BAKIM&MAKYAJ&PARFÜM SETLERİ"},{"id":"1687","key":"yüz-nemlendi̇ri̇ci̇","value":"YÜZ NEMLENDİRİCİ"},{"id":"1667","key":"ci̇lt-bakimi","value":"CİLT BAKIMI"}]},"texture":null,"undertone":null,"unit_of_measure":null,"unit_size":null,"unit_size_formatted":null,"upc":"023000000025","vto":{"is_color_experience":null,"is_foundation_experience":null}}]},"sub_display_name":null,"sub_header":null,"tags":{"total":4,"items":[{"id":"17860","key":"makyaj-ci̇lt-bakim-parfüm-setleri̇","parent_tag_id":null,"product_display_order":22,"value":"MAKYAJ & CİLT BAKIM & PARFÜM SETLERİ"},{"id":"13567","key":"499-tl-ve-alti-ci̇lt-bakimmakyajparfüm-setleri̇","parent_tag_id":"13561","product_display_order":43,"value":"499 TL VE ALTI CİLT BAKIM&MAKYAJ&PARFÜM SETLERİ"},{"id":"1687","key":"yüz-nemlendi̇ri̇ci̇","parent_tag_id":"1667","product_display_order":127,"value":"YÜZ NEMLENDİRİCİ"},{"id":"1667","key":"ci̇lt-bakimi","parent_tag_id":null,"product_display_order":0,"value":"CİLT BAKIMI"}]},"usage":[{"content":null,"label":"PRODUCT USAGE","type":"product_usage"},{"content":null,"label":"HOW DOES IT WORK","type":"how_does_it_work"},{"content":null,"label":"WHO IT IS FOR","type":"who_it_is_for"},{"content":null,"label":"GREAT TO KNOW","type":"great_to_know"},{"content":null,"label":"WHAT_IT_DOES","type":"what_it_does"},{"content":"<P>Dramatically Different™ Nemlendirici losyon+ / Kuru ve kuru karma ciltler için gün boyu güçlü nemlendirme sağlar. / İçeriğindeki Taurin ile günlük streslere bağlı yorgunluk belirtilerini en aza indirmeye ve cilde canlı bir görünüm vermeye yardımcı olur. </P><P>Take The Day Off Göz ve Dudak Makyaj Temizleyicisi 30 ml- Oftalmolojik olarak test edilmiştir. Kontakt lens kullananlar için uygundur.Süt kıvamındaki temizleyici, hızlı ve etkili ve nazik bir şekilde makyajı temizler. İçerdiği doğal, bitkisel formülü ile makyajı, UV güneş koruyucusunu ve diğer tüm kirlilikleri kolayca temizlemeye yardımcı olur. temizleme sonrasında cilt yumuşak, pürüzsüz ve rahat hissetmesini destekler.</P>","label":"WHAT_IT_IS","type":"what_it_is"}],"objectID":"72177"},{"benefit":{"statement":null,"benefits":null},"brand":null,"collection":null,"coverage":null,"cross_sell":null,"default_category":{"id":"13567","key":"499-tl-ve-alti-ci̇lt-bakimmakyajparfüm-setleri̇"},"description":"<P>Dramatically Different™ Nemlendirici Jel - Yağlı ve karma ciltler için yağsız formülüyle gün boyu güçlü nemlendirme sağlar. / İçeriğindeki Taurin ile günlük streslere bağlı yorgunluk belirtilerini en aza indirmeye ve cilde canlı bir görünüm vermeye yardımcı olur. </P><P>Take The Day Off Göz ve Dudak Makyaj Temizleyicisi 30 ml- Oftalmolojik olarak test edilmiştir. Kontakt lens kullananlar için uygundur.Süt kıvamındaki temizleyici, hızlı ve etkili ve nazik bir şekilde makyajı temizler. İçerdiği doğal, bitkisel formülü ile makyajı, UV güneş koruyucusunu ve diğer tüm kirlilikleri kolayca temizlemeye yardımcı olur. temizleme sonrasında cilt yumuşak, pürüzsüz ve rahat hissetmesini destekler.</P>","display_mode":null,"display_name":"Clinique iD Dramatically Different™ Nemlendirici Jel + Yorgunluk Karşıtı Set","display_status":7,"finish":null,"form":null,"formula_type":null,"fragrance_family":null,"indexable_keywords":null,"is_hazmat":false,"is_product_coming_soon":null,"is_product_displayable":true,"is_product_searchable":true,"is_product_shoppable":false,"is_product_sold_out":null,"is_product_temporarily_out_of_stock":null,"is_search_suppressed":null,"key_ingredient":null,"media":{"large":null,"medium":null,"poster":null,"small":null,"videos":[{"position":null,"poster":{"height":null,"src":null,"width":null},"provider":null,"src":null},{"position":null,"poster":{"height":null,"src":null,"width":null},"provider":null,"src":null},{"position":null,"poster":{"height":null,"src":null,"width":null},"provider":null,"src":null}],"xl":null},"meta":{"description":null,"keywords":null},"parent_category":[{"id":"13567","value":"499 TL VE ALTI CİLT BAKIM&MAKYAJ&PARFÜM SETLERİ"},{"id":"13561","value":"YENİ YIL BUTİĞİ"}],"product_badge":null,"product_id":"72180","product_title_tag":null,"product_type":"Other","product_url":"/product/13567/72180/yeni-yil-butigi/499-tl-ve-alti-cilt-bakimmakyajparfum-setleri/clinique-id-dramatically-differenttm-nemlendirici-jel-yorgunluk-karst-set/online-ozel-set","reviews":{"average_rating":null,"number_of_questions":null,"number_of_reviews":null},"shade_groups":null,"short_description":null,"skin":null,"skin_goal":null,"skus":{"total":1,"items":[{"color_family":null,"coverage_options":null,"cross_sell":null,"display_status":7,"finish":null,"finish_options":null,"fragrances":[{"family":null,"key":null,"value":null}],"iln_listing":null,"iln_version_number":null,"inventory_status":"Sold Out","is_active":null,"is_coming_soon":null,"is_default_sku":false,"is_discountable":false,"is_displayable":null,"is_engravable":null,"is_fragrance":null,"is_giftable":null,"is_giftwrap":false,"is_inactive":null,"is_multi_shaded":null,"is_out_of_stock":null,"is_preorder":false,"is_preorderable":null,"is_promotional":null,"is_replenishable":false,"is_search_suppressed":null,"is_searchable":true,"is_shaded":null,"is_sized":null,"is_sold_out":true,"is_under_weight_hazmat":false,"is_vto_enabled":null,"life_of_product":"Discontinued","material_code":"CLTR280001","media":{"large":[{"alt":"Clinique iD Dramatically Different™ Nemlendirici Jel + Yorgunluk Karşıtı Set","height":1200,"position":0,"src":"/media/export/cms/products/1200x1500/cl_sku_CLTR28_1200x1500_0.png","type":"image","width":1500}],"medium":[{"alt":"Clinique iD Dramatically Different™ Nemlendirici Jel + Yorgunluk Karşıtı Set","height":600,"position":1,"src":"/media/export/cms/products/600x750/cl_sku_CLTR28_600x750_0.png","type":"image","width":750}],"model":null,"poster":null,"small":[{"alt":"Clinique iD Dramatically Different™ Nemlendirici Jel + Yorgunluk Karşıtı Set","height":1200,"position":2,"src":"/media/export/cms/products/1200x1500/cl_sku_CLTR28_1200x1500_0.png","type":"image","width":1500}],"smoosh":null,"xl":null},"out_of_stock_threshold":null,"perlgem":{"SKU_BASE_ID":111679},"preorder_date":null,"prices":[{"currency":"TRY","exclude_tax":{"original_price":345,"original_price_formatted":"345.00 TL","price":365,"price_formatted":"365.00 TL","price_per_unit":null,"price_per_unit_formatted":null},"include_tax":{"original_price":365,"original_price_formatted":"365.00 TL","price":365,"price_formatted":"365.00 TL","price_per_unit":null,"price_per_unit_formatted":null},"is_discounted":true}],"purchase_limit":null,"replenishment":{"message":null},"reviews":{"average_rating":null,"number_of_questions":null,"number_of_reviews":null},"set_components":[{"product":{"display_name":"Clinique iD Dramatically Different™ Nemlendirici Jel - 115ml"},"quantity":1,"sku":{"shades":null,"sizes":[{"key":0,"value":"115ml"}],"sku_id":"KALE01"}},{"product":{"display_name":"Clinique iD Aktif Kartuş Konsantresi - Yorgunluk - 10ml"},"quantity":1,"sku":{"shades":null,"sizes":[{"key":0,"value":"10ml"}],"sku_id":"KALH01"}},{"product":{"display_name":"Take The Day Off™ Makyaj Temizleyici Deluxe Seyahat Boy 30ml - 30 ml"},"quantity":1,"sku":{"shades":null,"sizes":[{"key":0,"value":"30 ml"}],"sku_id":"K97640"}}],"shade_groups":null,"shades":null,"sizes":[{"key":1,"value":"125 ml + 30 ml"}],"skin":{"tone":null,"type":null,"type_description":null},"sku_badge":null,"sku_badge_image":null,"sku_display_order":0,"sku_id":"CLTR28","sku_promo_messaging":null,"sku_type":"SE","sku_url":null,"tags":{"total":4,"items":[{"id":"1667","key":"ci̇lt-bakimi","value":"CİLT BAKIMI"},{"id":"13567","key":"499-tl-ve-alti-ci̇lt-bakimmakyajparfüm-setleri̇","value":"499 TL VE ALTI CİLT BAKIM&MAKYAJ&PARFÜM SETLERİ"},{"id":"17860","key":"makyaj-ci̇lt-bakim-parfüm-setleri̇","value":"MAKYAJ & CİLT BAKIM & PARFÜM SETLERİ"},{"id":"1687","key":"yüz-nemlendi̇ri̇ci̇","value":"YÜZ NEMLENDİRİCİ"}]},"texture":null,"undertone":null,"unit_of_measure":null,"unit_size":null,"unit_size_formatted":null,"upc":"023000000028","vto":{"is_color_experience":null,"is_foundation_experience":null}}]},"sub_display_name":null,"sub_header":null,"tags":{"total":4,"items":[{"id":"1667","key":"ci̇lt-bakimi","parent_tag_id":null,"product_display_order":0,"value":"CİLT BAKIMI"},{"id":"13567","key":"499-tl-ve-alti-ci̇lt-bakimmakyajparfüm-setleri̇","parent_tag_id":"13561","product_display_order":93,"value":"499 TL VE ALTI CİLT BAKIM&MAKYAJ&PARFÜM SETLERİ"},{"id":"17860","key":"makyaj-ci̇lt-bakim-parfüm-setleri̇","parent_tag_id":null,"product_display_order":25,"value":"MAKYAJ & CİLT BAKIM & PARFÜM SETLERİ"},{"id":"1687","key":"yüz-nemlendi̇ri̇ci̇","parent_tag_id":"1667","product_display_order":128,"value":"YÜZ NEMLENDİRİCİ"}]},"usage":[{"content":null,"label":"PRODUCT USAGE","type":"product_usage"},{"content":null,"label":"HOW DOES IT WORK","type":"how_does_it_work"},{"content":null,"label":"WHO IT IS FOR","type":"who_it_is_for"},{"content":null,"label":"GREAT TO KNOW","type":"great_to_know"},{"content":null,"label":"WHAT_IT_DOES","type":"what_it_does"},{"content":"<P>Dramatically Different™ Nemlendirici Jel - Yağlı ve karma ciltler için yağsız formülüyle gün boyu güçlü nemlendirme sağlar. / İçeriğindeki Taurin ile günlük streslere bağlı yorgunluk belirtilerini en aza indirmeye ve cilde canlı bir görünüm vermeye yardımcı olur. </P><P>Take The Day Off Göz ve Dudak Makyaj Temizleyicisi 30 ml- Oftalmolojik olarak test edilmiştir. Kontakt lens kullananlar için uygundur.Süt kıvamındaki temizleyici, hızlı ve etkili ve nazik bir şekilde makyajı temizler. İçerdiği doğal, bitkisel formülü ile makyajı, UV güneş koruyucusunu ve diğer tüm kirlilikleri kolayca temizlemeye yardımcı olur. temizleme sonrasında cilt yumuşak, pürüzsüz ve rahat hissetmesini destekler.</P>","label":"WHAT_IT_IS","type":"what_it_is"}],"objectID":"72180"},{"benefit":{"statement":null,"benefits":null},"brand":null,"collection":null,"coverage":null,"cross_sell":null,"default_category":{"id":"17860","key":"makyaj-ci̇lt-bakim-parfüm-setleri̇"},"description":"<P>İçerik;</P><P>All About Clean™ Likit Yüz Temizleme Sabunu 30 ml</P><P>Clarifying Arındırıcı Losyon Tonik 2 30 ml</P><P>Dramatically Different™ Yağsız Jel Nemlendirici+ 30 ml </P><P>High Impact™ Mascara&nbsp; 3.5 ml Shade: Black</P>","display_mode":null,"display_name":"Canlandırıcı Cilt Bakım Seti","display_status":7,"finish":null,"form":null,"formula_type":null,"fragrance_family":null,"indexable_keywords":null,"is_hazmat":false,"is_product_coming_soon":null,"is_product_displayable":true,"is_product_searchable":true,"is_product_shoppable":false,"is_product_sold_out":null,"is_product_temporarily_out_of_stock":null,"is_search_suppressed":null,"key_ingredient":null,"media":{"large":null,"medium":null,"poster":null,"small":null,"videos":[{"position":null,"poster":{"height":null,"src":null,"width":null},"provider":"YouTube","src":null},{"position":null,"poster":{"height":null,"src":null,"width":null},"provider":"YouTube","src":null},{"position":null,"poster":{"height":null,"src":null,"width":null},"provider":"YouTube","src":null}],"xl":null},"meta":{"description":null,"keywords":null},"parent_category":[{"id":"17860","value":"MAKYAJ & CİLT BAKIM & PARFÜM SETLERİ"}],"product_badge":null,"product_id":"72483","product_title_tag":null,"product_type":"Other","product_url":"/product/17860/72483/makyaj-cilt-bakim-parfum-setleri/canlandrc-cilt-bakm-seti","reviews":{"average_rating":null,"number_of_questions":null,"number_of_reviews":null},"shade_groups":null,"short_description":null,"skin":null,"skin_goal":null,"skus":{"total":1,"items":[{"color_family":null,"coverage_options":null,"cross_sell":null,"display_status":7,"finish":null,"finish_options":null,"fragrances":[{"family":null,"key":null,"value":null}],"iln_listing":null,"iln_version_number":null,"inventory_status":"Sold Out","is_active":null,"is_coming_soon":null,"is_default_sku":false,"is_discountable":true,"is_displayable":null,"is_engravable":null,"is_fragrance":null,"is_giftable":null,"is_giftwrap":false,"is_inactive":null,"is_multi_shaded":null,"is_out_of_stock":null,"is_preorder":false,"is_preorderable":null,"is_promotional":null,"is_replenishable":false,"is_search_suppressed":null,"is_searchable":true,"is_shaded":null,"is_sized":null,"is_sold_out":true,"is_under_weight_hazmat":false,"is_vto_enabled":null,"life_of_product":"Limited life","material_code":"KRLF900000","media":{"large":[{"alt":"Canlandırıcı Cilt Bakım Seti","height":1200,"position":0,"src":"/media/export/cms/products/1200x1500/cl_sku_KRLF90_1200x1500_0.png","type":"image","width":1500}],"medium":[{"alt":"Canlandırıcı Cilt Bakım Seti","height":600,"position":1,"src":"/media/export/cms/products/600x750/cl_sku_KRLF90_600x750_0.png","type":"image","width":750}],"model":null,"poster":null,"small":[{"alt":"Canlandırıcı Cilt Bakım Seti","height":1200,"position":2,"src":"/media/export/cms/products/1200x1500/cl_sku_KRLF90_1200x1500_0.png","type":"image","width":1500}],"smoosh":null,"xl":null},"out_of_stock_threshold":null,"perlgem":{"SKU_BASE_ID":112049},"preorder_date":null,"prices":[{"currency":"TRY","exclude_tax":{"original_price":129,"original_price_formatted":"129.00 TL","price":129,"price_formatted":"129.00 TL","price_per_unit":null,"price_per_unit_formatted":""},"include_tax":{"original_price":129,"original_price_formatted":"129.00 TL","price":129,"price_formatted":"129.00 TL","price_per_unit":null,"price_per_unit_formatted":""},"is_discounted":false}],"purchase_limit":null,"replenishment":{"message":null},"reviews":{"average_rating":null,"number_of_questions":null,"number_of_reviews":null},"set_components":null,"shade_groups":null,"shades":null,"sizes":[{"key":1,"value":null}],"skin":{"tone":null,"type":null,"type_description":null},"sku_badge":null,"sku_badge_image":null,"sku_display_order":0,"sku_id":"KRLF90","sku_promo_messaging":null,"sku_type":"SE","sku_url":null,"tags":{"total":2,"items":[{"id":"17860","key":"makyaj-ci̇lt-bakim-parfüm-setleri̇","value":"MAKYAJ & CİLT BAKIM & PARFÜM SETLERİ"},{"id":"17859","key":"çok-satanlar","value":"ÇOK SATANLAR"}]},"texture":null,"undertone":null,"unit_of_measure":null,"unit_size":null,"unit_size_formatted":null,"upc":"192333049730","vto":{"is_color_experience":null,"is_foundation_experience":null}}]},"sub_display_name":null,"sub_header":null,"tags":{"total":2,"items":[{"id":"17860","key":"makyaj-ci̇lt-bakim-parfüm-setleri̇","parent_tag_id":null,"product_display_order":0,"value":"MAKYAJ & CİLT BAKIM & PARFÜM SETLERİ"},{"id":"17859","key":"çok-satanlar","parent_tag_id":null,"product_display_order":0,"value":"ÇOK SATANLAR"}]},"usage":[{"content":null,"label":"PRODUCT USAGE","type":"product_usage"},{"content":null,"label":"HOW DOES IT WORK","type":"how_does_it_work"},{"content":null,"label":"WHO IT IS FOR","type":"who_it_is_for"},{"content":null,"label":"GREAT TO KNOW","type":"great_to_know"},{"content":null,"label":"WHAT_IT_DOES","type":"what_it_does"},{"content":null,"label":"WHAT_IT_IS","type":"what_it_is"}],"objectID":"72483"},{"benefit":{"statement":null,"benefits":null},"brand":null,"collection":null,"coverage":null,"cross_sell":null,"default_category":{"id":"2644","key":"alışverişi-tamamla"},"description":null,"display_mode":null,"display_name":"Mini Zoom Ready Kit","display_status":7,"finish":null,"form":null,"formula_type":null,"fragrance_family":null,"indexable_keywords":null,"is_hazmat":false,"is_product_coming_soon":null,"is_product_displayable":true,"is_product_searchable":true,"is_product_shoppable":false,"is_product_sold_out":null,"is_product_temporarily_out_of_stock":null,"is_search_suppressed":null,"key_ingredient":null,"media":{"large":null,"medium":null,"poster":null,"small":null,"videos":[{"position":null,"poster":{"height":null,"src":null,"width":null},"provider":"YouTube","src":null},{"position":null,"poster":{"height":null,"src":null,"width":null},"provider":"YouTube","src":null},{"position":null,"poster":{"height":null,"src":null,"width":null},"provider":"YouTube","src":null}],"xl":null},"meta":{"description":null,"keywords":null},"parent_category":[{"id":"2644","value":"Alışverişi Tamamla"}],"product_badge":null,"product_id":"72484","product_title_tag":null,"product_type":"Other","product_url":"/product/2644/72484/alsverisi-tamamla/mini-zoom-ready-kit","reviews":{"average_rating":null,"number_of_questions":null,"number_of_reviews":null},"shade_groups":null,"short_description":null,"skin":null,"skin_goal":null,"skus":{"total":1,"items":[{"color_family":null,"coverage_options":null,"cross_sell":null,"display_status":7,"finish":null,"finish_options":null,"fragrances":[{"family":null,"key":null,"value":null}],"iln_listing":null,"iln_version_number":null,"inventory_status":"Sold Out","is_active":null,"is_coming_soon":null,"is_default_sku":false,"is_discountable":false,"is_displayable":null,"is_engravable":null,"is_fragrance":null,"is_giftable":null,"is_giftwrap":false,"is_inactive":null,"is_multi_shaded":null,"is_out_of_stock":null,"is_preorder":false,"is_preorderable":null,"is_promotional":null,"is_replenishable":false,"is_search_suppressed":null,"is_searchable":false,"is_shaded":null,"is_sized":null,"is_sold_out":true,"is_under_weight_hazmat":false,"is_vto_enabled":null,"life_of_product":"Limited life","material_code":"KRLG900000","media":{"large":[{"alt":"Mini Zoom Ready Kit","height":1200,"position":0,"src":"/media/export/cms/products/1200x1500/cl_sku_KRLG90_1200x1500_0.png","type":"image","width":1500}],"medium":[{"alt":"Mini Zoom Ready Kit","height":600,"position":1,"src":"/media/export/cms/products/600x750/cl_sku_KRLG90_600x750_0.png","type":"image","width":750}],"model":null,"poster":null,"small":[{"alt":"Mini Zoom Ready Kit","height":1200,"position":2,"src":"/media/export/cms/products/1200x1500/cl_sku_KRLG90_1200x1500_0.png","type":"image","width":1500}],"smoosh":null,"xl":null},"out_of_stock_threshold":null,"perlgem":{"SKU_BASE_ID":112050},"preorder_date":null,"prices":[{"currency":"TRY","exclude_tax":{"original_price":0,"original_price_formatted":"0.00 TL","price":0,"price_formatted":"0.00 TL","price_per_unit":null,"price_per_unit_formatted":""},"include_tax":{"original_price":0,"original_price_formatted":"0.00 TL","price":0,"price_formatted":"0.00 TL","price_per_unit":null,"price_per_unit_formatted":""},"is_discounted":false}],"purchase_limit":null,"replenishment":{"message":null},"reviews":{"average_rating":null,"number_of_questions":null,"number_of_reviews":null},"set_components":null,"shade_groups":null,"shades":null,"sizes":[{"key":1,"value":null}],"skin":{"tone":null,"type":null,"type_description":null},"sku_badge":null,"sku_badge_image":null,"sku_display_order":0,"sku_id":"KRLG90","sku_promo_messaging":null,"sku_type":"SE","sku_url":null,"tags":{"total":1,"items":[{"id":"2644","key":"alışverişi-tamamla","value":"Alışverişi Tamamla"}]},"texture":null,"undertone":null,"unit_of_measure":null,"unit_size":null,"unit_size_formatted":null,"upc":"192333049747","vto":{"is_color_experience":null,"is_foundation_experience":null}}]},"sub_display_name":null,"sub_header":null,"tags":{"total":1,"items":[{"id":"2644","key":"alışverişi-tamamla","parent_tag_id":null,"product_display_order":0,"value":"Alışverişi Tamamla"}]},"usage":[{"content":null,"label":"PRODUCT USAGE","type":"product_usage"},{"content":null,"label":"HOW DOES IT WORK","type":"how_does_it_work"},{"content":null,"label":"WHO IT IS FOR","type":"who_it_is_for"},{"content":null,"label":"GREAT TO KNOW","type":"great_to_know"},{"content":null,"label":"WHAT_IT_DOES","type":"what_it_does"},{"content":null,"label":"WHAT_IT_IS","type":"what_it_is"}],"objectID":"72484"},{"benefit":{"statement":null,"benefits":null},"brand":null,"collection":null,"coverage":null,"cross_sell":null,"default_category":{"id":"17860","key":"makyaj-ci̇lt-bakim-parfüm-setleri̇"},"description":null,"display_mode":null,"display_name":"4 Ürünlü Superdefense SPF25 Cilt Bakım ve Makyaj Seti","display_status":7,"finish":null,"form":null,"formula_type":null,"fragrance_family":null,"indexable_keywords":null,"is_hazmat":false,"is_product_coming_soon":null,"is_product_displayable":true,"is_product_searchable":true,"is_product_shoppable":true,"is_product_sold_out":null,"is_product_temporarily_out_of_stock":null,"is_search_suppressed":null,"key_ingredient":null,"media":{"large":null,"medium":null,"poster":null,"small":null,"videos":[{"position":null,"poster":{"height":null,"src":null,"width":null},"provider":"YouTube","src":null},{"position":null,"poster":{"height":null,"src":null,"width":null},"provider":"YouTube","src":null},{"position":null,"poster":{"height":null,"src":null,"width":null},"provider":"YouTube","src":null}],"xl":null},"meta":{"description":null,"keywords":null},"parent_category":[{"id":"17860","value":"MAKYAJ & CİLT BAKIM & PARFÜM SETLERİ"}],"product_badge":null,"product_id":"72487","product_title_tag":null,"product_type":"Other","product_url":"/product/17860/72487/makyaj-cilt-bakim-parfum-setleri/4-urunlu-superdefense-spf25-cilt-bakm-ve-makyaj-seti","reviews":{"average_rating":null,"number_of_questions":null,"number_of_reviews":null},"shade_groups":null,"short_description":null,"skin":null,"skin_goal":null,"skus":{"total":1,"items":[{"color_family":null,"coverage_options":null,"cross_sell":null,"display_status":7,"finish":null,"finish_options":null,"fragrances":[{"family":null,"key":null,"value":null}],"iln_listing":null,"iln_version_number":null,"inventory_status":"Active","is_active":true,"is_coming_soon":null,"is_default_sku":false,"is_discountable":true,"is_displayable":null,"is_engravable":null,"is_fragrance":null,"is_giftable":null,"is_giftwrap":false,"is_inactive":null,"is_multi_shaded":null,"is_out_of_stock":null,"is_preorder":false,"is_preorderable":null,"is_promotional":null,"is_replenishable":false,"is_search_suppressed":null,"is_searchable":true,"is_shaded":null,"is_sized":null,"is_sold_out":null,"is_under_weight_hazmat":false,"is_vto_enabled":null,"life_of_product":"Limited life","material_code":"KRLL900000","media":{"large":[{"alt":"4 Ürünlü Superdefense SPF25 Cilt Bakım ve Makyaj Seti","height":1200,"position":0,"src":"/media/export/cms/products/1200x1500/cl_sku_KRLL90_1200x1500_0.png","type":"image","width":1500}],"medium":[{"alt":"4 Ürünlü Superdefense SPF25 Cilt Bakım ve Makyaj Seti","height":600,"position":1,"src":"/media/export/cms/products/600x750/cl_sku_KRLL90_600x750_0.png","type":"image","width":750}],"model":null,"poster":null,"small":[{"alt":"4 Ürünlü Superdefense SPF25 Cilt Bakım ve Makyaj Seti","height":1200,"position":2,"src":"/media/export/cms/products/1200x1500/cl_sku_KRLL90_1200x1500_0.png","type":"image","width":1500}],"smoosh":null,"xl":null},"out_of_stock_threshold":null,"perlgem":{"SKU_BASE_ID":112055},"preorder_date":null,"prices":[{"currency":"TRY","exclude_tax":{"original_price":349,"original_price_formatted":"349.00 TL","price":149,"price_formatted":"149.00 TL","price_per_unit":null,"price_per_unit_formatted":""},"include_tax":{"original_price":349,"original_price_formatted":"349.00 TL","price":149,"price_formatted":"149.00 TL","price_per_unit":null,"price_per_unit_formatted":""},"is_discounted":true}],"purchase_limit":null,"replenishment":{"message":null},"reviews":{"average_rating":null,"number_of_questions":null,"number_of_reviews":null},"set_components":null,"shade_groups":null,"shades":null,"sizes":[{"key":1,"value":null}],"skin":{"tone":null,"type":null,"type_description":null},"sku_badge":null,"sku_badge_image":null,"sku_display_order":0,"sku_id":"KRLL90","sku_promo_messaging":null,"sku_type":"SE","sku_url":null,"tags":{"total":2,"items":[{"id":"17860","key":"makyaj-ci̇lt-bakim-parfüm-setleri̇","value":"MAKYAJ & CİLT BAKIM & PARFÜM SETLERİ"},{"id":"1590","key":"i̇ndi̇ri̇mli̇-ürünler","value":"İNDİRİMLİ ÜRÜNLER"}]},"texture":null,"undertone":null,"unit_of_measure":null,"unit_size":null,"unit_size_formatted":null,"upc":"192333049785","vto":{"is_color_experience":null,"is_foundation_experience":null}}]},"sub_display_name":null,"sub_header":null,"tags":{"total":2,"items":[{"id":"17860","key":"makyaj-ci̇lt-bakim-parfüm-setleri̇","parent_tag_id":null,"product_display_order":0,"value":"MAKYAJ & CİLT BAKIM & PARFÜM SETLERİ"},{"id":"1590","key":"i̇ndi̇ri̇mli̇-ürünler","parent_tag_id":null,"product_display_order":3,"value":"İNDİRİMLİ ÜRÜNLER"}]},"usage":[{"content":null,"label":"PRODUCT USAGE","type":"product_usage"},{"content":null,"label":"HOW DOES IT WORK","type":"how_does_it_work"},{"content":null,"label":"WHO IT IS FOR","type":"who_it_is_for"},{"content":null,"label":"GREAT TO KNOW","type":"great_to_know"},{"content":null,"label":"WHAT_IT_DOES","type":"what_it_does"},{"content":"All About Clean™ Likit Yüz Yıkama Sabunu 30ml Clinique 3 Adımlı Cilt Bakım Sistemi'nin ilk adımı olan Likit Yüz Temizleme Jeli Superdefense™ SPF 25 7ml Yağ içermeyen formülü ile cildi zararlı dış etkenlere karşı korur, canlandırır ve yaşlanmanın ilk belirtileri olan ince çizgi ve kırışıklıkların görünümünü azaltır. Ter ve neme dayanıklıdır. Clinique Pop™ Ruj: Nude Pop High Impact™ Maskara Siyah","label":"WHAT_IT_IS","type":"what_it_is"}],"objectID":"72487"},{"benefit":{"statement":null,"benefits":null},"brand":null,"collection":null,"coverage":null,"cross_sell":null,"default_category":{"id":"2644","key":"alışverişi-tamamla"},"description":null,"display_mode":null,"display_name":"FALL2020 GWP Pop Lip Color","display_status":7,"finish":null,"form":null,"formula_type":null,"fragrance_family":null,"indexable_keywords":null,"is_hazmat":false,"is_product_coming_soon":null,"is_product_displayable":true,"is_product_searchable":true,"is_product_shoppable":false,"is_product_sold_out":null,"is_product_temporarily_out_of_stock":null,"is_search_suppressed":null,"key_ingredient":null,"media":{"large":null,"medium":null,"poster":null,"small":null,"videos":[{"position":null,"poster":{"height":null,"src":null,"width":null},"provider":"YouTube","src":null},{"position":null,"poster":{"height":null,"src":null,"width":null},"provider":"YouTube","src":null},{"position":null,"poster":{"height":null,"src":null,"width":null},"provider":"YouTube","src":null}],"xl":null},"meta":{"description":null,"keywords":null},"parent_category":[{"id":"2644","value":"Alışverişi Tamamla"}],"product_badge":null,"product_id":"72505","product_title_tag":null,"product_type":"Shaded","product_url":"/product/2644/72505/alsverisi-tamamla/fall2020-gwp-pop-lip-color","reviews":{"average_rating":null,"number_of_questions":null,"number_of_reviews":null},"shade_groups":null,"short_description":null,"skin":null,"skin_goal":null,"skus":{"total":1,"items":[{"color_family":null,"coverage_options":null,"cross_sell":null,"display_status":7,"finish":null,"finish_options":null,"fragrances":[{"family":null,"key":null,"value":null}],"iln_listing":null,"iln_version_number":null,"inventory_status":"Sold Out","is_active":null,"is_coming_soon":null,"is_default_sku":false,"is_discountable":false,"is_displayable":null,"is_engravable":null,"is_fragrance":null,"is_giftable":null,"is_giftwrap":false,"is_inactive":null,"is_multi_shaded":null,"is_out_of_stock":null,"is_preorder":false,"is_preorderable":null,"is_promotional":null,"is_replenishable":false,"is_search_suppressed":null,"is_searchable":false,"is_shaded":null,"is_sized":null,"is_sold_out":true,"is_under_weight_hazmat":false,"is_vto_enabled":null,"life_of_product":"Limited life","material_code":"KRP3900000","media":{"large":[{"alt":"FALL2020 GWP Pop Lip Color","height":1200,"position":0,"src":"/media/export/cms/products/1200x1500/cl_sku_KRP390_1200x1500_0.png","type":"image","width":1500}],"medium":[{"alt":"FALL2020 GWP Pop Lip Color","height":600,"position":1,"src":"/media/export/cms/products/600x750/cl_sku_KRP390_600x750_0.png","type":"image","width":750}],"model":null,"poster":null,"small":[{"alt":"FALL2020 GWP Pop Lip Color","height":1200,"position":2,"src":"/media/export/cms/products/1200x1500/cl_sku_KRP390_1200x1500_0.png","type":"image","width":1500}],"smoosh":null,"xl":null},"out_of_stock_threshold":null,"perlgem":{"SKU_BASE_ID":112073},"preorder_date":null,"prices":[{"currency":"TRY","exclude_tax":{"original_price":0,"original_price_formatted":"0.00 TL","price":0,"price_formatted":"0.00 TL","price_per_unit":null,"price_per_unit_formatted":""},"include_tax":{"original_price":0,"original_price_formatted":"0.00 TL","price":0,"price_formatted":"0.00 TL","price_per_unit":null,"price_per_unit_formatted":""},"is_discounted":false}],"purchase_limit":null,"replenishment":{"message":null},"reviews":{"average_rating":null,"number_of_questions":null,"number_of_reviews":null},"set_components":null,"shade_groups":null,"shades":null,"sizes":[{"key":1,"value":null}],"skin":{"tone":null,"type":null,"type_description":null},"sku_badge":null,"sku_badge_image":null,"sku_display_order":0,"sku_id":"KRP390","sku_promo_messaging":null,"sku_type":"SE","sku_url":null,"tags":{"total":1,"items":[{"id":"2644","key":"alışverişi-tamamla","value":"Alışverişi Tamamla"}]},"texture":null,"undertone":null,"unit_of_measure":null,"unit_size":null,"unit_size_formatted":null,"upc":"192333050453","vto":{"is_color_experience":null,"is_foundation_experience":null}}]},"sub_display_name":null,"sub_header":null,"tags":{"total":1,"items":[{"id":"2644","key":"alışverişi-tamamla","parent_tag_id":null,"product_display_order":0,"value":"Alışverişi Tamamla"}]},"usage":[{"content":null,"label":"PRODUCT USAGE","type":"product_usage"},{"content":null,"label":"HOW DOES IT WORK","type":"how_does_it_work"},{"content":null,"label":"WHO IT IS FOR","type":"who_it_is_for"},{"content":null,"label":"GREAT TO KNOW","type":"great_to_know"},{"content":null,"label":"WHAT_IT_DOES","type":"what_it_does"},{"content":null,"label":"WHAT_IT_IS","type":"what_it_is"}],"objectID":"72505"},{"benefit":null,"brand":null,"collection":null,"coverage":null,"cross_sell":null,"default_category":{"id":"17860","key":"makyaj-ci̇lt-bakim-parfüm-setleri̇"},"description":"<P class=MsoNormal style=\"MARGIN: 0cm 0cm 8pt\"><FONT size=3><FONT face=Calibri>Set İçeriği:<?xml:namespace prefix = \"o\" ns = \"urn:schemas-microsoft-com:office:office\" /><o:p></o:p></FONT></FONT></P><P class=MsoNormal style=\"MARGIN: 0cm 0cm 8pt\"><FONT size=3><FONT face=Calibri>Moisture Surge Nemlendirici Yüz Spreyi, 1.0oz / 30ml<o:p></o:p></FONT></FONT></P><P class=MsoNormal style=\"MARGIN: 0cm 0cm 8pt\"><FONT size=3><FONT face=Calibri>Moisture Surge 72 Saat Nem Koruma Teknolojili Nemlendirici Krem 15 ml<o:p></o:p></FONT></FONT></P><P class=MsoNormal style=\"MARGIN: 0cm 0cm 8pt\"><FONT size=3 face=Calibri>Chubby Stick™Kalem Aydınlatıcı 0.12oz / 3.6g</FONT><o:p></o:p></P>","display_mode":null,"display_name":"Moisture Surge SOS Cilt Bakım ve Makyaj Seti","display_status":7,"finish":null,"form":null,"formula_type":null,"fragrance_family":null,"indexable_keywords":null,"is_hazmat":false,"is_product_coming_soon":null,"is_product_displayable":true,"is_product_searchable":true,"is_product_shoppable":false,"is_product_sold_out":null,"is_product_temporarily_out_of_stock":null,"is_search_suppressed":null,"key_ingredient":null,"media":{"large":null,"medium":null,"poster":null,"small":null,"videos":[{"position":null,"poster":{"height":null,"src":null,"width":null},"provider":null,"src":null},{"position":null,"poster":{"height":null,"src":null,"width":null},"provider":null,"src":null},{"position":null,"poster":{"height":null,"src":null,"width":null},"provider":null,"src":null}],"xl":null},"meta":{"description":null,"keywords":null},"parent_category":[{"id":"17860","value":"MAKYAJ & CİLT BAKIM & PARFÜM SETLERİ"}],"product_badge":null,"product_id":"73891","product_title_tag":null,"product_type":"Other","product_url":"/product/17860/73891/makyaj-cilt-bakim-parfum-setleri/moisture-surge-sos-cilt-bakm-ve-makyaj-seti","reviews":{"average_rating":null,"number_of_questions":null,"number_of_reviews":null},"shade_groups":null,"short_description":null,"skin":null,"skin_goal":null,"skus":{"total":1,"items":[{"color_family":null,"coverage_options":null,"cross_sell":null,"display_status":7,"finish":null,"finish_options":null,"fragrances":[{"family":null,"key":null,"value":null}],"iln_listing":null,"iln_version_number":null,"inventory_status":"Sold Out","is_active":null,"is_coming_soon":null,"is_default_sku":false,"is_discountable":true,"is_displayable":null,"is_engravable":null,"is_fragrance":null,"is_giftable":null,"is_giftwrap":false,"is_inactive":null,"is_multi_shaded":null,"is_out_of_stock":null,"is_preorder":false,"is_preorderable":null,"is_promotional":null,"is_replenishable":false,"is_search_suppressed":null,"is_searchable":true,"is_shaded":null,"is_sized":null,"is_sold_out":true,"is_under_weight_hazmat":false,"is_vto_enabled":null,"life_of_product":"Limited life","material_code":"KNGL010000","media":{"large":[{"alt":"Moisture Surge SOS Cilt Bakım ve Makyaj Seti","height":1200,"position":0,"src":"/media/export/cms/products/1200x1500/cl_sku_KNGL01_1200x1500_0.png","type":"image","width":1500}],"medium":[{"alt":"Moisture Surge SOS Cilt Bakım ve Makyaj Seti","height":600,"position":1,"src":"/media/export/cms/products/600x750/cl_sku_KNGL01_600x750_0.png","type":"image","width":750}],"model":null,"poster":null,"small":[{"alt":"Moisture Surge SOS Cilt Bakım ve Makyaj Seti","height":1200,"position":2,"src":"/media/export/cms/products/1200x1500/cl_sku_KNGL01_1200x1500_0.png","type":"image","width":1500}],"smoosh":null,"xl":null},"out_of_stock_threshold":null,"perlgem":{"SKU_BASE_ID":113767},"preorder_date":null,"prices":[{"currency":"TRY","exclude_tax":{"original_price":169,"original_price_formatted":"169.00 TL","price":169,"price_formatted":"169.00 TL","price_per_unit":null,"price_per_unit_formatted":""},"include_tax":{"original_price":169,"original_price_formatted":"169.00 TL","price":169,"price_formatted":"169.00 TL","price_per_unit":null,"price_per_unit_formatted":""},"is_discounted":false}],"purchase_limit":null,"replenishment":{"message":null},"reviews":{"average_rating":null,"number_of_questions":null,"number_of_reviews":null},"set_components":null,"shade_groups":null,"shades":null,"sizes":[{"key":1,"value":null}],"skin":{"tone":null,"type":null,"type_description":null},"sku_badge":null,"sku_badge_image":null,"sku_display_order":0,"sku_id":"KNGL01","sku_promo_messaging":null,"sku_type":"SE","sku_url":null,"tags":{"total":2,"items":[{"id":"19288","key":"sale","value":"sale"},{"id":"17860","key":"makyaj-ci̇lt-bakim-parfüm-setleri̇","value":"MAKYAJ & CİLT BAKIM & PARFÜM SETLERİ"}]},"texture":null,"undertone":null,"unit_of_measure":null,"unit_size":null,"unit_size_formatted":null,"upc":"192333031568","vto":{"is_color_experience":null,"is_foundation_experience":null}}]},"sub_display_name":null,"sub_header":null,"tags":{"total":2,"items":[{"id":"19288","key":"sale","parent_tag_id":"1590","product_display_order":0,"value":"sale"},{"id":"17860","key":"makyaj-ci̇lt-bakim-parfüm-setleri̇","parent_tag_id":null,"product_display_order":11,"value":"MAKYAJ & CİLT BAKIM & PARFÜM SETLERİ"}]},"usage":[{"content":null,"label":"PRODUCT USAGE","type":"product_usage"},{"content":null,"label":"HOW DOES IT WORK","type":"how_does_it_work"},{"content":null,"label":"WHO IT IS FOR","type":"who_it_is_for"},{"content":null,"label":"GREAT TO KNOW","type":"great_to_know"},{"content":null,"label":"WHAT_IT_DOES","type":"what_it_does"},{"content":"<P class=MsoNormal style=\"MARGIN: 0cm 0cm 8pt\"><FONT size=3><FONT face=Calibri>Set İçeriği:<?xml:namespace prefix = \"o\" ns = \"urn:schemas-microsoft-com:office:office\" /><o:p></o:p></FONT></FONT></P><P class=MsoNormal style=\"MARGIN: 0cm 0cm 8pt\"><FONT size=3><FONT face=Calibri>Moisture Surge Nemlendirici Yüz Spreyi, 1.0oz / 30ml<o:p></o:p></FONT></FONT></P><P class=MsoNormal style=\"MARGIN: 0cm 0cm 8pt\"><FONT size=3><FONT face=Calibri>Moisture Surge 72 Saat Nem Koruma Teknolojili Nemlendirici Krem 15 ml<o:p></o:p></FONT></FONT></P><P class=MsoNormal style=\"MARGIN: 0cm 0cm 8pt\"><FONT size=3 face=Calibri>Chubby Stick™Kalem Aydınlatıcı 0.12oz / 3.6g</FONT><o:p></o:p></P>","label":"WHAT_IT_IS","type":"what_it_is"}],"objectID":"73891"},{"benefit":null,"brand":null,"collection":null,"coverage":null,"cross_sell":null,"default_category":{"id":"17860","key":"makyaj-ci̇lt-bakim-parfüm-setleri̇"},"description":"Dramatically Different Hydrating Jelly Nemlendirici 30ml <BR>City Block Detoks Kömür Bazlı Kil Maskesi & Peeling 30ml<BR>Moisture Surge Lip Balm 7ml","display_mode":null,"display_name":"Detoks ve Koruma Kiti","display_status":7,"finish":null,"form":null,"formula_type":null,"fragrance_family":null,"indexable_keywords":null,"is_hazmat":false,"is_product_coming_soon":null,"is_product_displayable":true,"is_product_searchable":true,"is_product_shoppable":false,"is_product_sold_out":null,"is_product_temporarily_out_of_stock":null,"is_search_suppressed":null,"key_ingredient":null,"media":{"large":null,"medium":null,"poster":null,"small":null,"videos":[{"position":null,"poster":{"height":null,"src":null,"width":null},"provider":null,"src":null},{"position":null,"poster":{"height":null,"src":null,"width":null},"provider":null,"src":null},{"position":null,"poster":{"height":null,"src":null,"width":null},"provider":null,"src":null}],"xl":null},"meta":{"description":null,"keywords":null},"parent_category":[{"id":"17860","value":"MAKYAJ & CİLT BAKIM & PARFÜM SETLERİ"}],"product_badge":null,"product_id":"73903","product_title_tag":null,"product_type":"Other","product_url":"/product/17860/73903/makyaj-cilt-bakim-parfum-setleri/detoks-ve-koruma-kiti","reviews":{"average_rating":null,"number_of_questions":null,"number_of_reviews":null},"shade_groups":null,"short_description":null,"skin":null,"skin_goal":null,"skus":{"total":1,"items":[{"color_family":null,"coverage_options":null,"cross_sell":null,"display_status":7,"finish":null,"finish_options":null,"fragrances":[{"family":null,"key":null,"value":null}],"iln_listing":null,"iln_version_number":null,"inventory_status":"Sold Out","is_active":null,"is_coming_soon":null,"is_default_sku":false,"is_discountable":true,"is_displayable":null,"is_engravable":null,"is_fragrance":null,"is_giftable":null,"is_giftwrap":false,"is_inactive":null,"is_multi_shaded":null,"is_out_of_stock":null,"is_preorder":false,"is_preorderable":null,"is_promotional":null,"is_replenishable":false,"is_search_suppressed":null,"is_searchable":true,"is_shaded":null,"is_sized":null,"is_sold_out":true,"is_under_weight_hazmat":false,"is_vto_enabled":null,"life_of_product":"Limited life","material_code":"KNH2010000","media":{"large":[{"alt":"Detoks ve Koruma Kiti","height":1200,"position":0,"src":"/media/export/cms/products/1200x1500/cl_sku_KNH201_1200x1500_0.png","type":"image","width":1500}],"medium":[{"alt":"Detoks ve Koruma Kiti","height":600,"position":1,"src":"/media/export/cms/products/600x750/cl_sku_KNH201_600x750_0.png","type":"image","width":750}],"model":null,"poster":null,"small":[{"alt":"Detoks ve Koruma Kiti","height":1200,"position":2,"src":"/media/export/cms/products/1200x1500/cl_sku_KNH201_1200x1500_0.png","type":"image","width":1500}],"smoosh":null,"xl":null},"out_of_stock_threshold":null,"perlgem":{"SKU_BASE_ID":113779},"preorder_date":null,"prices":[{"currency":"TRY","exclude_tax":{"original_price":149,"original_price_formatted":"149.00 TL","price":149,"price_formatted":"149.00 TL","price_per_unit":null,"price_per_unit_formatted":""},"include_tax":{"original_price":149,"original_price_formatted":"149.00 TL","price":149,"price_formatted":"149.00 TL","price_per_unit":null,"price_per_unit_formatted":""},"is_discounted":false}],"purchase_limit":null,"replenishment":{"message":null},"reviews":{"average_rating":null,"number_of_questions":null,"number_of_reviews":null},"set_components":null,"shade_groups":null,"shades":null,"sizes":[{"key":1,"value":null}],"skin":{"tone":null,"type":null,"type_description":null},"sku_badge":null,"sku_badge_image":null,"sku_display_order":0,"sku_id":"KNH201","sku_promo_messaging":null,"sku_type":"SE","sku_url":null,"tags":{"total":1,"items":[{"id":"17860","key":"makyaj-ci̇lt-bakim-parfüm-setleri̇","value":"MAKYAJ & CİLT BAKIM & PARFÜM SETLERİ"}]},"texture":null,"undertone":null,"unit_of_measure":null,"unit_size":null,"unit_size_formatted":null,"upc":"192333031643","vto":{"is_color_experience":null,"is_foundation_experience":null}}]},"sub_display_name":null,"sub_header":null,"tags":{"total":1,"items":[{"id":"17860","key":"makyaj-ci̇lt-bakim-parfüm-setleri̇","parent_tag_id":null,"product_display_order":0,"value":"MAKYAJ & CİLT BAKIM & PARFÜM SETLERİ"}]},"usage":[{"content":null,"label":"PRODUCT USAGE","type":"product_usage"},{"content":null,"label":"HOW DOES IT WORK","type":"how_does_it_work"},{"content":null,"label":"WHO IT IS FOR","type":"who_it_is_for"},{"content":null,"label":"GREAT TO KNOW","type":"great_to_know"},{"content":null,"label":"WHAT_IT_DOES","type":"what_it_does"},{"content":null,"label":"WHAT_IT_IS","type":"what_it_is"}],"objectID":"73903"},{"benefit":{"statement":null,"benefits":null},"brand":null,"collection":null,"coverage":null,"cross_sell":null,"default_category":{"id":"17860","key":"makyaj-ci̇lt-bakim-parfüm-setleri̇"},"description":"<P><SPAN style=\"FONT-SIZE: 15px; FONT-FAMILY: HelveticaNeueLTStd45Light, Arial, sans-serif; WHITE-SPACE: normal; WORD-SPACING: 0px; TEXT-TRANSFORM: none; FLOAT: none; FONT-WEIGHT: 400; COLOR: rgb(0,0,0); FONT-STYLE: normal; ORPHANS: 2; WIDOWS: 2; DISPLAY: inline !important; LETTER-SPACING: normal; BACKGROUND-COLOR: rgb(255,255,255); TEXT-INDENT: 0px; font-variant-ligatures: normal; font-variant-caps: normal; -webkit-text-stroke-width: 0px; text-decoration-style: initial; text-decoration-color: initial\">Set içeriği:</SPAN></P><P><SPAN style=\"FONT-SIZE: 15px; FONT-FAMILY: HelveticaNeueLTStd45Light, Arial, sans-serif; WHITE-SPACE: normal; WORD-SPACING: 0px; TEXT-TRANSFORM: none; FLOAT: none; FONT-WEIGHT: 400; COLOR: rgb(0,0,0); FONT-STYLE: normal; ORPHANS: 2; WIDOWS: 2; DISPLAY: inline !important; LETTER-SPACING: normal; BACKGROUND-COLOR: rgb(255,255,255); TEXT-INDENT: 0px; font-variant-ligatures: normal; font-variant-caps: normal; -webkit-text-stroke-width: 0px; text-decoration-style: initial; text-decoration-color: initial\">Moisture Surge Nemlendirici Yüz&nbsp;Spreyi 30ml;</SPAN><BR style=\"BOX-SIZING: border-box; FONT-SIZE: 15px; FONT-FAMILY: HelveticaNeueLTStd45Light, Arial, sans-serif; WHITE-SPACE: normal; WORD-SPACING: 0px; TEXT-TRANSFORM: none; FONT-WEIGHT: 400; COLOR: rgb(0,0,0); FONT-STYLE: normal; ORPHANS: 2; WIDOWS: 2; LETTER-SPACING: normal; BACKGROUND-COLOR: rgb(255,255,255); TEXT-INDENT: 0px; font-variant-ligatures: normal; font-variant-caps: normal; -webkit-text-stroke-width: 0px; text-decoration-style: initial; text-decoration-color: initial\"><SPAN style=\"FONT-SIZE: 15px; FONT-FAMILY: HelveticaNeueLTStd45Light, Arial, sans-serif; WHITE-SPACE: normal; WORD-SPACING: 0px; TEXT-TRANSFORM: none; FLOAT: none; FONT-WEIGHT: 400; COLOR: rgb(0,0,0); FONT-STYLE: normal; ORPHANS: 2; WIDOWS: 2; DISPLAY: inline !important; LETTER-SPACING: normal; BACKGROUND-COLOR: rgb(255,255,255); TEXT-INDENT: 0px; font-variant-ligatures: normal; font-variant-caps: normal; -webkit-text-stroke-width: 0px; text-decoration-style: initial; text-decoration-color: initial\">Moisture Surge Dudak Bakım Balmı 7ml;</SPAN><BR style=\"BOX-SIZING: border-box; FONT-SIZE: 15px; FONT-FAMILY: HelveticaNeueLTStd45Light, Arial, sans-serif; WHITE-SPACE: normal; WORD-SPACING: 0px; TEXT-TRANSFORM: none; FONT-WEIGHT: 400; COLOR: rgb(0,0,0); FONT-STYLE: normal; ORPHANS: 2; WIDOWS: 2; LETTER-SPACING: normal; BACKGROUND-COLOR: rgb(255,255,255); TEXT-INDENT: 0px; font-variant-ligatures: normal; font-variant-caps: normal; -webkit-text-stroke-width: 0px; text-decoration-style: initial; text-decoration-color: initial\"><SPAN style=\"FONT-SIZE: 15px; FONT-FAMILY: HelveticaNeueLTStd45Light, Arial, sans-serif; WHITE-SPACE: normal; WORD-SPACING: 0px; TEXT-TRANSFORM: none; FLOAT: none; FONT-WEIGHT: 400; COLOR: rgb(0,0,0); FONT-STYLE: normal; ORPHANS: 2; WIDOWS: 2; DISPLAY: inline !important; LETTER-SPACING: normal; BACKGROUND-COLOR: rgb(255,255,255); TEXT-INDENT: 0px; font-variant-ligatures: normal; font-variant-caps: normal; -webkit-text-stroke-width: 0px; text-decoration-style: initial; text-decoration-color: initial\">Güneş Sonrası Bakım&nbsp;Balmı 75ml</SPAN></P>","display_mode":null,"display_name":"Güneş Sonrası Bakım Seti","display_status":7,"finish":null,"form":null,"formula_type":null,"fragrance_family":null,"indexable_keywords":null,"is_hazmat":false,"is_product_coming_soon":null,"is_product_displayable":true,"is_product_searchable":true,"is_product_shoppable":false,"is_product_sold_out":null,"is_product_temporarily_out_of_stock":null,"is_search_suppressed":null,"key_ingredient":null,"media":{"large":null,"medium":null,"poster":null,"small":null,"videos":[{"position":null,"poster":{"height":null,"src":null,"width":null},"provider":null,"src":null},{"position":null,"poster":{"height":null,"src":null,"width":null},"provider":null,"src":null},{"position":null,"poster":{"height":null,"src":null,"width":null},"provider":null,"src":null}],"xl":null},"meta":{"description":null,"keywords":null},"parent_category":[{"id":"17860","value":"MAKYAJ & CİLT BAKIM & PARFÜM SETLERİ"}],"product_badge":null,"product_id":"73905","product_title_tag":null,"product_type":"Other","product_url":"/product/17860/73905/makyaj-cilt-bakim-parfum-setleri/gunes-sonras-bakm-seti","reviews":{"average_rating":null,"number_of_questions":null,"number_of_reviews":null},"shade_groups":null,"short_description":null,"skin":null,"skin_goal":null,"skus":{"total":1,"items":[{"color_family":null,"coverage_options":null,"cross_sell":null,"display_status":7,"finish":null,"finish_options":null,"fragrances":[{"family":null,"key":null,"value":null}],"iln_listing":null,"iln_version_number":null,"inventory_status":"Sold Out","is_active":null,"is_coming_soon":null,"is_default_sku":false,"is_discountable":true,"is_displayable":null,"is_engravable":null,"is_fragrance":null,"is_giftable":null,"is_giftwrap":false,"is_inactive":null,"is_multi_shaded":null,"is_out_of_stock":null,"is_preorder":false,"is_preorderable":null,"is_promotional":null,"is_replenishable":false,"is_search_suppressed":null,"is_searchable":true,"is_shaded":null,"is_sized":null,"is_sold_out":true,"is_under_weight_hazmat":false,"is_vto_enabled":null,"life_of_product":"Limited life","material_code":"KNH4010000","media":{"large":[{"alt":"Güneş Sonrası Bakım Seti","height":1200,"position":0,"src":"/media/export/cms/products/1200x1500/cl_sku_KNH401_1200x1500_0.png","type":"image","width":1500}],"medium":[{"alt":"Güneş Sonrası Bakım Seti","height":600,"position":1,"src":"/media/export/cms/products/600x750/cl_sku_KNH401_600x750_0.png","type":"image","width":750}],"model":null,"poster":null,"small":[{"alt":"Güneş Sonrası Bakım Seti","height":1200,"position":2,"src":"/media/export/cms/products/1200x1500/cl_sku_KNH401_1200x1500_0.png","type":"image","width":1500}],"smoosh":null,"xl":null},"out_of_stock_threshold":null,"perlgem":{"SKU_BASE_ID":113781},"preorder_date":null,"prices":[{"currency":"TRY","exclude_tax":{"original_price":189,"original_price_formatted":"189.00 TL","price":189,"price_formatted":"189.00 TL","price_per_unit":null,"price_per_unit_formatted":""},"include_tax":{"original_price":189,"original_price_formatted":"189.00 TL","price":189,"price_formatted":"189.00 TL","price_per_unit":null,"price_per_unit_formatted":""},"is_discounted":false}],"purchase_limit":null,"replenishment":{"message":null},"reviews":{"average_rating":null,"number_of_questions":null,"number_of_reviews":null},"set_components":null,"shade_groups":null,"shades":null,"sizes":[{"key":1,"value":null}],"skin":{"tone":null,"type":null,"type_description":null},"sku_badge":null,"sku_badge_image":null,"sku_display_order":0,"sku_id":"KNH401","sku_promo_messaging":null,"sku_type":"SE","sku_url":null,"tags":{"total":9,"items":[{"id":"16422","key":"gifts","value":"Gifts"},{"id":"1685","key":"hedi̇yeler-setler","value":"HEDİYELER & SETLER"},{"id":"17860","key":"makyaj-ci̇lt-bakim-parfüm-setleri̇","value":"MAKYAJ & CİLT BAKIM & PARFÜM SETLERİ"},{"id":"1684","key":"hediyeler","value":"Hediyeler"},{"id":"1687","key":"yüz-nemlendi̇ri̇ci̇","value":"YÜZ NEMLENDİRİCİ"},{"id":"1659","key":"güneş","value":"GÜNEŞ"},{"id":"1667","key":"ci̇lt-bakimi","value":"CİLT BAKIMI"},{"id":"4323","key":"yeni̇-ürünler","value":"YENİ ÜRÜNLER"},{"id":"2623","key":"güneş-sonrası-bakım","value":"güneş sonrası bakım"}]},"texture":null,"undertone":null,"unit_of_measure":null,"unit_size":null,"unit_size_formatted":null,"upc":"192333031667","vto":{"is_color_experience":null,"is_foundation_experience":null}}]},"sub_display_name":null,"sub_header":null,"tags":{"total":9,"items":[{"id":"16422","key":"gifts","parent_tag_id":"1585","product_display_order":0,"value":"Gifts"},{"id":"1685","key":"hedi̇yeler-setler","parent_tag_id":"1684","product_display_order":0,"value":"HEDİYELER & SETLER"},{"id":"17860","key":"makyaj-ci̇lt-bakim-parfüm-setleri̇","parent_tag_id":null,"product_display_order":11,"value":"MAKYAJ & CİLT BAKIM & PARFÜM SETLERİ"},{"id":"1684","key":"hediyeler","parent_tag_id":"1667","product_display_order":0,"value":"Hediyeler"},{"id":"1687","key":"yüz-nemlendi̇ri̇ci̇","parent_tag_id":"1667","product_display_order":35,"value":"YÜZ NEMLENDİRİCİ"},{"id":"1659","key":"güneş","parent_tag_id":null,"product_display_order":0,"value":"GÜNEŞ"},{"id":"1667","key":"ci̇lt-bakimi","parent_tag_id":null,"product_display_order":0,"value":"CİLT BAKIMI"},{"id":"4323","key":"yeni̇-ürünler","parent_tag_id":null,"product_display_order":0,"value":"YENİ ÜRÜNLER"},{"id":"2623","key":"güneş-sonrası-bakım","parent_tag_id":"1659","product_display_order":0,"value":"güneş sonrası bakım"}]},"usage":[{"content":null,"label":"PRODUCT USAGE","type":"product_usage"},{"content":null,"label":"HOW DOES IT WORK","type":"how_does_it_work"},{"content":null,"label":"WHO IT IS FOR","type":"who_it_is_for"},{"content":null,"label":"GREAT TO KNOW","type":"great_to_know"},{"content":null,"label":"WHAT_IT_DOES","type":"what_it_does"},{"content":"<P><SPAN style=\"FONT-SIZE: 15px; FONT-FAMILY: HelveticaNeueLTStd45Light, Arial, sans-serif; WHITE-SPACE: normal; WORD-SPACING: 0px; TEXT-TRANSFORM: none; FLOAT: none; FONT-WEIGHT: 400; COLOR: rgb(0,0,0); FONT-STYLE: normal; ORPHANS: 2; WIDOWS: 2; DISPLAY: inline !important; LETTER-SPACING: normal; BACKGROUND-COLOR: rgb(255,255,255); TEXT-INDENT: 0px; font-variant-ligatures: normal; font-variant-caps: normal; -webkit-text-stroke-width: 0px; text-decoration-style: initial; text-decoration-color: initial\">Set içeriği:</SPAN></P><P><SPAN style=\"FONT-SIZE: 15px; FONT-FAMILY: HelveticaNeueLTStd45Light, Arial, sans-serif; WHITE-SPACE: normal; WORD-SPACING: 0px; TEXT-TRANSFORM: none; FLOAT: none; FONT-WEIGHT: 400; COLOR: rgb(0,0,0); FONT-STYLE: normal; ORPHANS: 2; WIDOWS: 2; DISPLAY: inline !important; LETTER-SPACING: normal; BACKGROUND-COLOR: rgb(255,255,255); TEXT-INDENT: 0px; font-variant-ligatures: normal; font-variant-caps: normal; -webkit-text-stroke-width: 0px; text-decoration-style: initial; text-decoration-color: initial\">Moisture Surge Nemlendirici Yüz&nbsp;Spreyi 30ml;</SPAN><BR style=\"BOX-SIZING: border-box; FONT-SIZE: 15px; FONT-FAMILY: HelveticaNeueLTStd45Light, Arial, sans-serif; WHITE-SPACE: normal; WORD-SPACING: 0px; TEXT-TRANSFORM: none; FONT-WEIGHT: 400; COLOR: rgb(0,0,0); FONT-STYLE: normal; ORPHANS: 2; WIDOWS: 2; LETTER-SPACING: normal; BACKGROUND-COLOR: rgb(255,255,255); TEXT-INDENT: 0px; font-variant-ligatures: normal; font-variant-caps: normal; -webkit-text-stroke-width: 0px; text-decoration-style: initial; text-decoration-color: initial\"><SPAN style=\"FONT-SIZE: 15px; FONT-FAMILY: HelveticaNeueLTStd45Light, Arial, sans-serif; WHITE-SPACE: normal; WORD-SPACING: 0px; TEXT-TRANSFORM: none; FLOAT: none; FONT-WEIGHT: 400; COLOR: rgb(0,0,0); FONT-STYLE: normal; ORPHANS: 2; WIDOWS: 2; DISPLAY: inline !important; LETTER-SPACING: normal; BACKGROUND-COLOR: rgb(255,255,255); TEXT-INDENT: 0px; font-variant-ligatures: normal; font-variant-caps: normal; -webkit-text-stroke-width: 0px; text-decoration-style: initial; text-decoration-color: initial\">Moisture Surge Dudak Bakım Balmı 7ml;</SPAN><BR style=\"BOX-SIZING: border-box; FONT-SIZE: 15px; FONT-FAMILY: HelveticaNeueLTStd45Light, Arial, sans-serif; WHITE-SPACE: normal; WORD-SPACING: 0px; TEXT-TRANSFORM: none; FONT-WEIGHT: 400; COLOR: rgb(0,0,0); FONT-STYLE: normal; ORPHANS: 2; WIDOWS: 2; LETTER-SPACING: normal; BACKGROUND-COLOR: rgb(255,255,255); TEXT-INDENT: 0px; font-variant-ligatures: normal; font-variant-caps: normal; -webkit-text-stroke-width: 0px; text-decoration-style: initial; text-decoration-color: initial\"><SPAN style=\"FONT-SIZE: 15px; FONT-FAMILY: HelveticaNeueLTStd45Light, Arial, sans-serif; WHITE-SPACE: normal; WORD-SPACING: 0px; TEXT-TRANSFORM: none; FLOAT: none; FONT-WEIGHT: 400; COLOR: rgb(0,0,0); FONT-STYLE: normal; ORPHANS: 2; WIDOWS: 2; DISPLAY: inline !important; LETTER-SPACING: normal; BACKGROUND-COLOR: rgb(255,255,255); TEXT-INDENT: 0px; font-variant-ligatures: normal; font-variant-caps: normal; -webkit-text-stroke-width: 0px; text-decoration-style: initial; text-decoration-color: initial\">Güneş Sonrası Bakım&nbsp;Balmı 75ml</SPAN></P>","label":"WHAT_IT_IS","type":"what_it_is"}],"objectID":"73905"},{"benefit":{"statement":null,"benefits":null},"brand":null,"collection":null,"coverage":null,"cross_sell":null,"default_category":{"id":"25564","key":"cliniqueids"},"description":"Cildi güçlendiren bileşenler ile gün boyu yağsız nemlendirme sağlar. Yağlı cildi dengeler ve canlandırır.&nbsp; Kolayca nüfus eder, hızlıca emilir. Cildi çevre kirliliğinin zararlı etkilerine karşı korur.","display_mode":null,"display_name":"Clinique iD™: Dramatically Different™ Yağsız Jel Nemlendirici","display_status":7,"finish":null,"form":null,"formula_type":null,"fragrance_family":null,"indexable_keywords":null,"is_hazmat":false,"is_product_coming_soon":null,"is_product_displayable":true,"is_product_searchable":true,"is_product_shoppable":true,"is_product_sold_out":null,"is_product_temporarily_out_of_stock":null,"is_search_suppressed":null,"key_ingredient":null,"media":{"large":null,"medium":null,"poster":null,"small":null,"videos":[{"position":null,"poster":{"height":null,"src":null,"width":null},"provider":null,"src":null},{"position":null,"poster":{"height":null,"src":null,"width":null},"provider":null,"src":null},{"position":null,"poster":{"height":null,"src":null,"width":null},"provider":null,"src":null}],"xl":null},"meta":{"description":null,"keywords":null},"parent_category":[{"id":"25564","value":"cliniqueIds"}],"product_badge":null,"product_id":"74835","product_title_tag":null,"product_type":"Other","product_url":"/product/25564/74835/cliniqueids/clinique-idtm-dramatically-differenttm-yagsz-jel-nemlendirici","reviews":{"average_rating":null,"number_of_questions":null,"number_of_reviews":null},"shade_groups":null,"short_description":"8 saate kadar yağ içermeyen nemlendirme","skin":null,"skin_goal":null,"skus":{"total":1,"items":[{"color_family":null,"coverage_options":null,"cross_sell":null,"display_status":7,"finish":null,"finish_options":null,"fragrances":[{"family":null,"key":null,"value":null}],"iln_listing":null,"iln_version_number":null,"inventory_status":"Active","is_active":true,"is_coming_soon":null,"is_default_sku":false,"is_discountable":true,"is_displayable":null,"is_engravable":null,"is_fragrance":null,"is_giftable":null,"is_giftwrap":true,"is_inactive":null,"is_multi_shaded":null,"is_out_of_stock":null,"is_preorder":false,"is_preorderable":null,"is_promotional":null,"is_replenishable":false,"is_search_suppressed":null,"is_searchable":true,"is_shaded":null,"is_sized":null,"is_sold_out":null,"is_under_weight_hazmat":false,"is_vto_enabled":null,"life_of_product":"Basic Reorder","material_code":"KRFL010000","media":{"large":[{"alt":"Clinique iD™: Dramatically Different™ Yağsız Jel Nemlendirici","height":1200,"position":0,"src":"/media/export/cms/products/1200x1500/cl_sku_KRFL01_1200x1500_0.png","type":"image","width":1500}],"medium":[{"alt":"Clinique iD™: Dramatically Different™ Yağsız Jel Nemlendirici","height":600,"position":1,"src":"/media/export/cms/products/600x750/cl_sku_KRFL01_600x750_0.png","type":"image","width":750}],"model":null,"poster":null,"small":[{"alt":"Clinique iD™: Dramatically Different™ Yağsız Jel Nemlendirici","height":1200,"position":2,"src":"/media/export/cms/products/1200x1500/cl_sku_KRFL01_1200x1500_0.png","type":"image","width":1500}],"smoosh":null,"xl":null},"out_of_stock_threshold":null,"perlgem":{"SKU_BASE_ID":115052},"preorder_date":null,"prices":[{"currency":"TRY","exclude_tax":{"original_price":285,"original_price_formatted":"285.00 TL","price":285,"price_formatted":"285.00 TL","price_per_unit":null,"price_per_unit_formatted":""},"include_tax":{"original_price":285,"original_price_formatted":"285.00 TL","price":285,"price_formatted":"285.00 TL","price_per_unit":null,"price_per_unit_formatted":""},"is_discounted":false}],"purchase_limit":null,"replenishment":{"message":null},"reviews":{"average_rating":null,"number_of_questions":null,"number_of_reviews":null},"set_components":null,"shade_groups":null,"shades":null,"sizes":[{"key":1,"value":"115 ml"}],"skin":{"tone":null,"type":null,"type_description":null},"sku_badge":null,"sku_badge_image":null,"sku_display_order":0,"sku_id":"KRFL01","sku_promo_messaging":null,"sku_type":"SE","sku_url":null,"tags":{"total":2,"items":[{"id":"25564","key":"cliniqueids","value":"cliniqueIds"},{"id":"1590","key":"i̇ndi̇ri̇mli̇-ürünler","value":"İNDİRİMLİ ÜRÜNLER"}]},"texture":null,"undertone":null,"unit_of_measure":null,"unit_size":0,"unit_size_formatted":null,"upc":"192333048160","vto":{"is_color_experience":null,"is_foundation_experience":null}}]},"sub_display_name":null,"sub_header":null,"tags":{"total":2,"items":[{"id":"25564","key":"cliniqueids","parent_tag_id":null,"product_display_order":0,"value":"cliniqueIds"},{"id":"1590","key":"i̇ndi̇ri̇mli̇-ürünler","parent_tag_id":null,"product_display_order":0,"value":"İNDİRİMLİ ÜRÜNLER"}]},"usage":[{"content":null,"label":"PRODUCT USAGE","type":"product_usage"},{"content":null,"label":"HOW DOES IT WORK","type":"how_does_it_work"},{"content":null,"label":"WHO IT IS FOR","type":"who_it_is_for"},{"content":null,"label":"GREAT TO KNOW","type":"great_to_know"},{"content":null,"label":"WHAT_IT_DOES","type":"what_it_does"},{"content":"Cildi güçlendiren bileşenler ile gün boyu yağsız nemlendirme sağlar. Yağlı cildi dengeler ve canlandırır.&nbsp; Kolayca nüfus eder, hızlıca emilir. Cildi çevre kirliliğinin zararlı etkilerine karşı korur.","label":"WHAT_IT_IS","type":"what_it_is"}],"objectID":"74835"},{"benefit":{"statement":null,"benefits":null},"brand":null,"collection":null,"coverage":null,"cross_sell":null,"default_category":{"id":"1585","key":"hediye-merkezi"},"description":"Cilde doğal görünümlü bir renk ve nemli bir görünüm kazandırır.Cilde renk verirken sağlıklı görünmesine yardımcı olur. Doğal görünümlü bronzluk için istediğiniz yere uygulayın. Kontürlü etki için elmacık kemikleri altına, saç çizgisi boyunca, burnun yanlarından ve çene çizgisinin altına uygulayın.","display_mode":null,"display_name":"Powder Pop Bronzer Solar Pop ","display_status":7,"finish":null,"form":null,"formula_type":null,"fragrance_family":null,"indexable_keywords":null,"is_hazmat":false,"is_product_coming_soon":null,"is_product_displayable":true,"is_product_searchable":true,"is_product_shoppable":true,"is_product_sold_out":null,"is_product_temporarily_out_of_stock":null,"is_search_suppressed":null,"key_ingredient":null,"media":{"large":[{"alt":"Powder Pop Bronzer Solar Pop ","height":1200,"position":0,"src":"/media/export/cms/products/1200x1500/cl_prod_74963_1200x1500_0.png","type":"image","width":1500},{"alt":"Powder Pop Bronzer Solar Pop ","height":1200,"position":1,"src":"/media/export/cms/products/1200x1500/cl_prod_74963_1200x1500_1.png","type":"image","width":1500},{"alt":"Powder Pop Bronzer Solar Pop ","height":1200,"position":2,"src":"/media/export/cms/products/1200x1500/cl_prod_74963_1200x1500_2.png","type":"image","width":1500},{"alt":"Powder Pop Bronzer Solar Pop ","height":1200,"position":3,"src":"/media/export/cms/products/1200x1500/cl_prod_74963_1200x1500_3.png","type":"image","width":1500}],"medium":null,"poster":null,"small":[{"alt":"Powder Pop Bronzer Solar Pop ","height":1200,"position":4,"src":"/media/export/cms/products/1200x1500/cl_prod_74963_1200x1500_0.png","type":"image","width":1500},{"alt":"Powder Pop Bronzer Solar Pop ","height":1200,"position":5,"src":"/media/export/cms/products/1200x1500/cl_prod_74963_1200x1500_1.png","type":"image","width":1500},{"alt":"Powder Pop Bronzer Solar Pop ","height":1200,"position":6,"src":"/media/export/cms/products/1200x1500/cl_prod_74963_1200x1500_2.png","type":"image","width":1500},{"alt":"Powder Pop Bronzer Solar Pop ","height":1200,"position":7,"src":"/media/export/cms/products/1200x1500/cl_prod_74963_1200x1500_3.png","type":"image","width":1500}],"videos":[{"position":null,"poster":{"height":null,"src":null,"width":null},"provider":null,"src":null},{"position":null,"poster":{"height":null,"src":null,"width":null},"provider":null,"src":null},{"position":null,"poster":{"height":null,"src":null,"width":null},"provider":null,"src":null}],"xl":null},"meta":{"description":null,"keywords":null},"parent_category":[{"id":"1585","value":"Hediye Merkezi"}],"product_badge":null,"product_id":"74963","product_title_tag":null,"product_type":"Other","product_url":"/product/1585/74963/hediye-merkezi/powder-pop-bronzer-solar-pop","reviews":{"average_rating":null,"number_of_questions":null,"number_of_reviews":null},"shade_groups":null,"short_description":null,"skin":null,"skin_goal":null,"skus":{"total":1,"items":[{"color_family":null,"coverage_options":null,"cross_sell":null,"display_status":7,"finish":null,"finish_options":null,"fragrances":[{"family":null,"key":null,"value":null}],"iln_listing":null,"iln_version_number":null,"inventory_status":"Active","is_active":true,"is_coming_soon":null,"is_default_sku":false,"is_discountable":true,"is_displayable":null,"is_engravable":null,"is_fragrance":null,"is_giftable":null,"is_giftwrap":true,"is_inactive":null,"is_multi_shaded":null,"is_out_of_stock":null,"is_preorder":false,"is_preorderable":null,"is_promotional":null,"is_replenishable":false,"is_search_suppressed":null,"is_searchable":true,"is_shaded":null,"is_sized":null,"is_sold_out":null,"is_under_weight_hazmat":false,"is_vto_enabled":null,"life_of_product":"Limited life","material_code":"KR6E010000","media":{"large":[{"alt":"Powder Pop Bronzer Solar Pop ","height":1200,"position":1,"src":"/media/export/cms/products/1200x1500/cl_sku_KR6E01_1200x1500_0.png","type":"image","width":1500}],"medium":[{"alt":"Powder Pop Bronzer Solar Pop ","height":600,"position":2,"src":"/media/export/cms/products/600x750/cl_sku_KR6E01_600x750_0.png","type":"image","width":750}],"model":null,"poster":null,"small":[{"alt":"Powder Pop Bronzer Solar Pop ","height":1200,"position":3,"src":"/media/export/cms/products/1200x1500/cl_sku_KR6E01_1200x1500_0.png","type":"image","width":1500}],"smoosh":[{"alt":"Powder Pop Bronzer Solar Pop ","height":1200,"position":0,"src":"/media/export/cms/products/1200x1500/swatches_v3/57_ns_ng.png","type":"image","width":1500}],"xl":null},"out_of_stock_threshold":null,"perlgem":{"SKU_BASE_ID":115222},"preorder_date":null,"prices":[{"currency":"TRY","exclude_tax":{"original_price":169,"original_price_formatted":"169.00 TL","price":169,"price_formatted":"169.00 TL","price_per_unit":null,"price_per_unit_formatted":""},"include_tax":{"original_price":169,"original_price_formatted":"169.00 TL","price":169,"price_formatted":"169.00 TL","price_per_unit":null,"price_per_unit_formatted":""},"is_discounted":false}],"purchase_limit":null,"replenishment":{"message":null},"reviews":{"average_rating":null,"number_of_questions":null,"number_of_reviews":null},"set_components":null,"shade_groups":null,"shades":[{"description":"","hex_val":"#ba7b5b","image":{"height":null,"src":"","width":null},"name":"Solar Pop","smoosh_design":{"group_id":null,"name":"57::none::none"}}],"sizes":[{"key":1,"value":"9g"}],"skin":{"tone":null,"type":null,"type_description":null},"sku_badge":null,"sku_badge_image":null,"sku_display_order":0,"sku_id":"KR6E01","sku_promo_messaging":null,"sku_type":"SE","sku_url":null,"tags":{"total":11,"items":[{"id":"27171","key":"day4flashsale","value":"Day4FlashSale"},{"id":"17859","key":"çok-satanlar","value":"ÇOK SATANLAR"},{"id":"1585","key":"hediye-merkezi","value":"Hediye Merkezi"},{"id":"27172","key":"day5flashsale","value":"Day5FlashSale"},{"id":"4323","key":"yeni̇-ürünler","value":"YENİ ÜRÜNLER"},{"id":"1594","key":"bronzlaştirici","value":"BRONZLAŞTIRICI"},{"id":"1685","key":"hedi̇yeler-setler","value":"HEDİYELER & SETLER"},{"id":"27174","key":"day7flashsale","value":"Day7FlashSale"},{"id":"12520","key":"çiçeklerin-gücü-serisi","value":"Çiçeklerin Gücü Serisi"},{"id":"14346","key":"contouring","value":"Contouring"},{"id":"1659","key":"güneş","value":"GÜNEŞ"}]},"texture":null,"undertone":null,"unit_of_measure":null,"unit_size":null,"unit_size_formatted":null,"upc":"192333046005","vto":{"is_color_experience":null,"is_foundation_experience":null}}]},"sub_display_name":null,"sub_header":null,"tags":{"total":11,"items":[{"id":"27171","key":"day4flashsale","parent_tag_id":"1590","product_display_order":0,"value":"Day4FlashSale"},{"id":"17859","key":"çok-satanlar","parent_tag_id":null,"product_display_order":52,"value":"ÇOK SATANLAR"},{"id":"1585","key":"hediye-merkezi","parent_tag_id":null,"product_display_order":0,"value":"Hediye Merkezi"},{"id":"27172","key":"day5flashsale","parent_tag_id":"1590","product_display_order":97,"value":"Day5FlashSale"},{"id":"4323","key":"yeni̇-ürünler","parent_tag_id":null,"product_display_order":0,"value":"YENİ ÜRÜNLER"},{"id":"1594","key":"bronzlaştirici","parent_tag_id":"1592","product_display_order":0,"value":"BRONZLAŞTIRICI"},{"id":"1685","key":"hedi̇yeler-setler","parent_tag_id":"1684","product_display_order":0,"value":"HEDİYELER & SETLER"},{"id":"27174","key":"day7flashsale","parent_tag_id":"1590","product_display_order":0,"value":"Day7FlashSale"},{"id":"12520","key":"çiçeklerin-gücü-serisi","parent_tag_id":"1608","product_display_order":0,"value":"Çiçeklerin Gücü Serisi"},{"id":"14346","key":"contouring","parent_tag_id":"1592","product_display_order":0,"value":"Contouring"},{"id":"1659","key":"güneş","parent_tag_id":null,"product_display_order":0,"value":"GÜNEŞ"}]},"usage":[{"content":null,"label":"PRODUCT USAGE","type":"product_usage"},{"content":null,"label":"HOW DOES IT WORK","type":"how_does_it_work"},{"content":null,"label":"WHO IT IS FOR","type":"who_it_is_for"},{"content":null,"label":"GREAT TO KNOW","type":"great_to_know"},{"content":null,"label":"WHAT_IT_DOES","type":"what_it_does"},{"content":"Cilde doğal görünümlü bir renk ve nemli bir görünüm kazandırır.Cilde renk verirken sağlıklı görünmesine yardımcı olur. Doğal görünümlü bronzluk için istediğiniz yere uygulayın. Kontürlü etki için elmacık kemikleri altına, saç çizgisi boyunca, burnun yanlarından ve çene çizgisinin altına uygulayın.","label":"WHAT_IT_IS","type":"what_it_is"}],"objectID":"74963"},{"benefit":null,"brand":null,"collection":null,"coverage":null,"cross_sell":null,"default_category":{"id":"1585","key":"hediye-merkezi"},"description":"<b>What It Is</b><br>Unique de-aging Booster harnesses the full power of pure, fresh Vitamin C at our highest concentration to brighten, even and retexturize skin.<br><br><b>What It Does</b><br>Just like your morning fresh-pressed juice or vitamin helps you stay healthy on the inside, this super-potent Booster was designed as a daily supplement to visibly rejuvenate skin from the outside—and a simple, seamless way to reinvigorate your de-aging routine without changing a thing. Simply mix 2 drops with your moisturizer AM & PM and see:<ul><li>Brighter skin with first application,</li><li>Reduction of age spots, and</li><li>Reduction in the look of lines and wrinkles over time.</li></ul><b>Great To Know</b><br> Fresh means powerful. Pure Vitamin C naturally degrades when exposed to oxygen, so it's most powerful when fresh. Stay-fresh packaging isolates the pure Vitamin C until activation, maintaining its freshness and full power for maximum results.<br><br><b>Quantity</b><br>28-day supply in four 7-day vials","display_mode":null,"display_name":"Clinique Fresh Pressed™ Daily Booster with Pure Vitamin C 10%","display_status":1,"finish":null,"form":null,"formula_type":null,"fragrance_family":null,"indexable_keywords":null,"is_hazmat":false,"is_product_coming_soon":null,"is_product_displayable":true,"is_product_searchable":true,"is_product_shoppable":true,"is_product_sold_out":null,"is_product_temporarily_out_of_stock":null,"is_search_suppressed":null,"key_ingredient":null,"media":{"large":null,"medium":null,"poster":null,"small":null,"videos":[{"position":null,"poster":{"height":null,"src":null,"width":null},"provider":null,"src":null},{"position":null,"poster":{"height":null,"src":null,"width":null},"provider":null,"src":null},{"position":null,"poster":{"height":null,"src":null,"width":null},"provider":null,"src":null}],"xl":null},"meta":{"description":null,"keywords":null},"parent_category":[{"id":"1585","value":"Hediye Merkezi"}],"product_badge":null,"product_id":"75086","product_title_tag":null,"product_type":"Other","product_url":"/product/1585/75086/hediye-merkezi/clinique-fresh-pressedtm-daily-booster-with-pure-vitamin-c-10","reviews":{"average_rating":null,"number_of_questions":null,"number_of_reviews":null},"shade_groups":null,"short_description":"Use with your favorite Clinique moisturizer to instantly brighten skin's look.","skin":null,"skin_goal":null,"skus":{"total":1,"items":[{"color_family":null,"coverage_options":null,"cross_sell":null,"display_status":1,"finish":null,"finish_options":null,"fragrances":[{"family":null,"key":null,"value":null}],"iln_listing":null,"iln_version_number":null,"inventory_status":"Active","is_active":true,"is_coming_soon":null,"is_default_sku":false,"is_discountable":true,"is_displayable":null,"is_engravable":null,"is_fragrance":null,"is_giftable":null,"is_giftwrap":true,"is_inactive":null,"is_multi_shaded":null,"is_out_of_stock":null,"is_preorder":false,"is_preorderable":null,"is_promotional":null,"is_replenishable":false,"is_search_suppressed":null,"is_searchable":true,"is_shaded":null,"is_sized":null,"is_sold_out":null,"is_under_weight_hazmat":false,"is_vto_enabled":null,"life_of_product":"Limited life","material_code":"CLNAMF0000","media":{"large":[{"alt":"Clinique Fresh Pressed™ Daily Booster with Pure Vitamin C 10%","height":1200,"position":0,"src":"/media/export/cms/products/1200x1500/cl_sku_CLNAMF_1200x1500_0.png","type":"image","width":1500}],"medium":[{"alt":"Clinique Fresh Pressed™ Daily Booster with Pure Vitamin C 10%","height":600,"position":1,"src":"/media/export/cms/products/600x750/cl_sku_CLNAMF_600x750_0.png","type":"image","width":750}],"model":null,"poster":null,"small":[{"alt":"Clinique Fresh Pressed™ Daily Booster with Pure Vitamin C 10%","height":1200,"position":2,"src":"/media/export/cms/products/1200x1500/cl_sku_CLNAMF_1200x1500_0.png","type":"image","width":1500}],"smoosh":null,"xl":null},"out_of_stock_threshold":null,"perlgem":{"SKU_BASE_ID":115476},"preorder_date":null,"prices":[{"currency":"TRY","exclude_tax":{"original_price":76.5,"original_price_formatted":"76.50 TL","price":76.5,"price_formatted":"76.50 TL","price_per_unit":null,"price_per_unit_formatted":""},"include_tax":{"original_price":76.5,"original_price_formatted":"76.50 TL","price":76.5,"price_formatted":"76.50 TL","price_per_unit":null,"price_per_unit_formatted":""},"is_discounted":false}],"purchase_limit":null,"replenishment":{"message":null},"reviews":{"average_rating":null,"number_of_questions":null,"number_of_reviews":null},"set_components":null,"shade_groups":null,"shades":null,"sizes":[{"key":1,"value":" 4 x 8.5ml"}],"skin":{"tone":null,"type":null,"type_description":null},"sku_badge":null,"sku_badge_image":null,"sku_display_order":0,"sku_id":"CLNAMF","sku_promo_messaging":null,"sku_type":"SE","sku_url":null,"tags":{"total":1,"items":[{"id":"1585","key":"hediye-merkezi","value":"Hediye Merkezi"}]},"texture":null,"undertone":null,"unit_of_measure":null,"unit_size":null,"unit_size_formatted":null,"upc":"020000000545","vto":{"is_color_experience":null,"is_foundation_experience":null}}]},"sub_display_name":null,"sub_header":null,"tags":{"total":1,"items":[{"id":"1585","key":"hediye-merkezi","parent_tag_id":null,"product_display_order":0,"value":"Hediye Merkezi"}]},"usage":[{"content":"<ul><li>Each 7-day supply assures you of fresh-pressed power.</li><li> The dual-chambered design keeps the Vitamin C fresh, you mix it.</li><li> To activate, leave cap on and remove foil. Firmly press inner bulb twice. Shake 15 seconds.</li><li>Use 2 drops, AM and PM, with your Clinique moisturizer. Avoid eye area.</li> <li>Shake before each use. For full potency, use within 7 days then discard.</li></ul>","label":"PRODUCT USAGE","type":"product_usage"},{"content":null,"label":"HOW DOES IT WORK","type":"how_does_it_work"},{"content":"All Skin Types","label":"WHO IT IS FOR","type":"who_it_is_for"},{"content":"Fresh means powerful. Pure Vitamin C naturally degrades when exposed to oxygen, so it's most powerful when fresh. Stay-fresh packaging isolates the pure Vitamin C until activation, maintaining its freshness and full power for maximum results.","label":"GREAT TO KNOW","type":"great_to_know"},{"content":"Just like your morning fresh-pressed juice or vitamin helps you stay healthy on the inside, this super-potent Booster was designed as a daily supplement to visibly rejuvenate skin from the outside—and a simple, seamless way to reinvigorate your de-aging routine without changing a thing. Simply mix 2 drops with your moisturizer AM & PM and see:<ul><li>Brighter skin with first application,</li><li>Reduction of age spots, and</li><li>Reduction in the look of lines and wrinkles over time.</li></ul><b>Quantity</b><br>28-day supply in four 7-day vials","label":"WHAT_IT_DOES","type":"what_it_does"},{"content":"<b>What It Is</b><br>Unique de-aging Booster harnesses the full power of pure, fresh Vitamin C at our highest concentration to brighten, even and retexturize skin.<br><br><b>What It Does</b><br>Just like your morning fresh-pressed juice or vitamin helps you stay healthy on the inside, this super-potent Booster was designed as a daily supplement to visibly rejuvenate skin from the outside—and a simple, seamless way to reinvigorate your de-aging routine without changing a thing. Simply mix 2 drops with your moisturizer AM & PM and see:<ul><li>Brighter skin with first application,</li><li>Reduction of age spots, and</li><li>Reduction in the look of lines and wrinkles over time.</li></ul><b>Great To Know</b><br> Fresh means powerful. Pure Vitamin C naturally degrades when exposed to oxygen, so it's most powerful when fresh. Stay-fresh packaging isolates the pure Vitamin C until activation, maintaining its freshness and full power for maximum results.<br><br><b>Quantity</b><br>28-day supply in four 7-day vials","label":"WHAT_IT_IS","type":"what_it_is"}],"objectID":"75086"},{"benefit":{"statement":null,"benefits":null},"brand":null,"collection":null,"coverage":null,"cross_sell":null,"default_category":{"id":"17860","key":"makyaj-ci̇lt-bakim-parfüm-setleri̇"},"description":"<P class=MsoNormal style=\"MARGIN: 0cm 0cm 8pt\"><FONT size=3><FONT face=Calibri><SPAN lang=EN-US style=\"mso-ansi-language: EN-US\">Smart SPF15 Custom-Repair Onarıcı Nemlendirici Krem 50ml </SPAN><SPAN lang=EN-US><SPAN style=\"mso-spacerun: yes\">&nbsp;</SPAN></SPAN>Akıllı teknolojisi sayesinde zararlı UV ışınlarına karşı korumada ilk adım olarak önerilir. Aynı zamanda çizgi, kırışıklık, donukluk görünümü ve esneklik kaybı gibi birden fazla endişenin görünen etkileri bakımından fark yaratmaya yardımcı olur. Görünen kırışıklıkların azalmasına ve cildin daha gergin gözükmesine yardımcı olur. Vitamin C ve Ergothioneine ile birlikte aydınlatıcı bitkiler Dianella Ensifolia ve Scutellaria Baicelensis Root Özü koyu leke görünümünü ve cilt renk tonu eşitsizliğini azaltmaya ve daha eşit renk tonlu bir cilt yaratmaya yardımcı olur. Smart Custom-Repair Onarıcı Serum 10ml Güçlü serum, yaşlanmanın temel belirtilerinin görünümünü belirgin şekilde azaltmaya yardımcı olur. Ne Yapar? Daha eşit bir ton, arındırılmış bir doku ve çizgilerin görünümünde belirgin bir azalma dahil cilt görünümünüzde gözle görülür şekilde aşama kaydetmek için düzenli olarak günde iki kez kullanın. Temel İçerik Maddeleri / Teknoloji: Patentli Clinique Smart teknolojisi, cildinizin maruz kaldığı hasara özel şekildebakımını yapmaya yardımcı olur. Diğer içerik maddeleri arasında bir peptit karışımı, patentli enzimler, doğal kolajen destekleyici maddeler ve cilt görünümünü aydınlatıcı bitkisel maddeler yer alır. <SPAN lang=EN-US style=\"mso-ansi-language: EN-US\">Smart Custom-Repair Onarıcı Göz Bakım Kremi 5m</SPAN>l Bu güçlü bakım kremi, göz çevresindeki hassas ciltte gözle görülür yaşlanma belirtilerinin görünümünü azaltır. Ne Yapar? Göz çevresinin daha genç bir görünüme kavuşmasına katkı sağlar. Belirgin biçimde daha aydınlık, konturlanmış ve sıkı bir görünüm elde etmeye yardımcı olur. Dolgun bir görünüm sağlamaya ve kaz ayağı çizgilerinin görünümünü azaltmaya katkıda bulunur. Cildin nemlendirilmiş, rahatlatılmış ve yatıştırılmış bir hisse kavuşmasına destek verir. Oftalmolojik olarak test edilmiştir. Lens kullananlar için de uygundur.</FONT></FONT><?xml:namespace prefix = \"o\" ns = \"urn:schemas-microsoft-com:office:office\" /><o:p></o:p></P>","display_mode":null,"display_name":"Smart Yaşlanma Karşıtı Cilt Bakım Seti","display_status":7,"finish":null,"form":null,"formula_type":null,"fragrance_family":null,"indexable_keywords":null,"is_hazmat":false,"is_product_coming_soon":null,"is_product_displayable":true,"is_product_searchable":true,"is_product_shoppable":false,"is_product_sold_out":null,"is_product_temporarily_out_of_stock":null,"is_search_suppressed":null,"key_ingredient":null,"media":{"large":null,"medium":null,"poster":null,"small":null,"videos":[{"position":null,"poster":{"height":null,"src":null,"width":null},"provider":null,"src":null},{"position":null,"poster":{"height":null,"src":null,"width":null},"provider":null,"src":null},{"position":null,"poster":{"height":null,"src":null,"width":null},"provider":null,"src":null}],"xl":null},"meta":{"description":null,"keywords":null},"parent_category":[{"id":"17860","value":"MAKYAJ & CİLT BAKIM & PARFÜM SETLERİ"}],"product_badge":null,"product_id":"75178","product_title_tag":null,"product_type":"Other","product_url":"/product/17860/75178/makyaj-cilt-bakim-parfum-setleri/smart-yaslanma-karst-cilt-bakm-seti","reviews":{"average_rating":null,"number_of_questions":null,"number_of_reviews":null},"shade_groups":null,"short_description":null,"skin":null,"skin_goal":null,"skus":{"total":1,"items":[{"color_family":null,"coverage_options":null,"cross_sell":null,"display_status":7,"finish":null,"finish_options":null,"fragrances":[{"family":null,"key":null,"value":null}],"iln_listing":null,"iln_version_number":null,"inventory_status":"Sold Out","is_active":null,"is_coming_soon":null,"is_default_sku":false,"is_discountable":true,"is_displayable":null,"is_engravable":null,"is_fragrance":null,"is_giftable":null,"is_giftwrap":false,"is_inactive":null,"is_multi_shaded":null,"is_out_of_stock":null,"is_preorder":false,"is_preorderable":null,"is_promotional":null,"is_replenishable":false,"is_search_suppressed":null,"is_searchable":true,"is_shaded":null,"is_sized":null,"is_sold_out":true,"is_under_weight_hazmat":false,"is_vto_enabled":null,"life_of_product":"Limited life","material_code":"KNXG010000","media":{"large":[{"alt":"Smart Yaşlanma Karşıtı Cilt Bakım Seti","height":1200,"position":0,"src":"/media/export/cms/products/1200x1500/cl_sku_KNXG01_1200x1500_0.png","type":"image","width":1500}],"medium":[{"alt":"Smart Yaşlanma Karşıtı Cilt Bakım Seti","height":600,"position":1,"src":"/media/export/cms/products/600x750/cl_sku_KNXG01_600x750_0.png","type":"image","width":750}],"model":null,"poster":null,"small":[{"alt":"Smart Yaşlanma Karşıtı Cilt Bakım Seti","height":1200,"position":2,"src":"/media/export/cms/products/1200x1500/cl_sku_KNXG01_1200x1500_0.png","type":"image","width":1500}],"smoosh":null,"xl":null},"out_of_stock_threshold":null,"perlgem":{"SKU_BASE_ID":115577},"preorder_date":null,"prices":[{"currency":"TRY","exclude_tax":{"original_price":605,"original_price_formatted":"605.00 TL","price":605,"price_formatted":"605.00 TL","price_per_unit":null,"price_per_unit_formatted":""},"include_tax":{"original_price":605,"original_price_formatted":"605.00 TL","price":605,"price_formatted":"605.00 TL","price_per_unit":null,"price_per_unit_formatted":""},"is_discounted":false}],"purchase_limit":null,"replenishment":{"message":null},"reviews":{"average_rating":null,"number_of_questions":null,"number_of_reviews":null},"set_components":null,"shade_groups":null,"shades":null,"sizes":[{"key":1,"value":null}],"skin":{"tone":null,"type":null,"type_description":null},"sku_badge":null,"sku_badge_image":null,"sku_display_order":0,"sku_id":"KNXG01","sku_promo_messaging":null,"sku_type":"SE","sku_url":null,"tags":{"total":3,"items":[{"id":"17860","key":"makyaj-ci̇lt-bakim-parfüm-setleri̇","value":"MAKYAJ & CİLT BAKIM & PARFÜM SETLERİ"},{"id":"1628","key":"-evde-bakim","value":"# EVDE BAKIM"},{"id":"1605","key":"ruj","value":"RUJ"}]},"texture":null,"undertone":null,"unit_of_measure":null,"unit_size":null,"unit_size_formatted":null,"upc":"192333034507","vto":{"is_color_experience":null,"is_foundation_experience":null}}]},"sub_display_name":null,"sub_header":null,"tags":{"total":3,"items":[{"id":"17860","key":"makyaj-ci̇lt-bakim-parfüm-setleri̇","parent_tag_id":null,"product_display_order":9,"value":"MAKYAJ & CİLT BAKIM & PARFÜM SETLERİ"},{"id":"1628","key":"-evde-bakim","parent_tag_id":null,"product_display_order":616,"value":"# EVDE BAKIM"},{"id":"1605","key":"ruj","parent_tag_id":"1592","product_display_order":0,"value":"RUJ"}]},"usage":[{"content":null,"label":"PRODUCT USAGE","type":"product_usage"},{"content":null,"label":"HOW DOES IT WORK","type":"how_does_it_work"},{"content":null,"label":"WHO IT IS FOR","type":"who_it_is_for"},{"content":null,"label":"GREAT TO KNOW","type":"great_to_know"},{"content":null,"label":"WHAT_IT_DOES","type":"what_it_does"},{"content":"<P class=MsoNormal style=\"MARGIN: 0cm 0cm 8pt\"><FONT size=3><FONT face=Calibri><SPAN lang=EN-US style=\"mso-ansi-language: EN-US\">Smart SPF15 Custom-Repair Onarıcı Nemlendirici Krem 50ml </SPAN><SPAN lang=EN-US><SPAN style=\"mso-spacerun: yes\">&nbsp;</SPAN></SPAN>Akıllı teknolojisi sayesinde zararlı UV ışınlarına karşı korumada ilk adım olarak önerilir. Aynı zamanda çizgi, kırışıklık, donukluk görünümü ve esneklik kaybı gibi birden fazla endişenin görünen etkileri bakımından fark yaratmaya yardımcı olur. Görünen kırışıklıkların azalmasına ve cildin daha gergin gözükmesine yardımcı olur. Vitamin C ve Ergothioneine ile birlikte aydınlatıcı bitkiler Dianella Ensifolia ve Scutellaria Baicelensis Root Özü koyu leke görünümünü ve cilt renk tonu eşitsizliğini azaltmaya ve daha eşit renk tonlu bir cilt yaratmaya yardımcı olur. Smart Custom-Repair Onarıcı Serum 10ml Güçlü serum, yaşlanmanın temel belirtilerinin görünümünü belirgin şekilde azaltmaya yardımcı olur. Ne Yapar? Daha eşit bir ton, arındırılmış bir doku ve çizgilerin görünümünde belirgin bir azalma dahil cilt görünümünüzde gözle görülür şekilde aşama kaydetmek için düzenli olarak günde iki kez kullanın. Temel İçerik Maddeleri / Teknoloji: Patentli Clinique Smart teknolojisi, cildinizin maruz kaldığı hasara özel şekildebakımını yapmaya yardımcı olur. Diğer içerik maddeleri arasında bir peptit karışımı, patentli enzimler, doğal kolajen destekleyici maddeler ve cilt görünümünü aydınlatıcı bitkisel maddeler yer alır. <SPAN lang=EN-US style=\"mso-ansi-language: EN-US\">Smart Custom-Repair Onarıcı Göz Bakım Kremi 5m</SPAN>l Bu güçlü bakım kremi, göz çevresindeki hassas ciltte gözle görülür yaşlanma belirtilerinin görünümünü azaltır. Ne Yapar? Göz çevresinin daha genç bir görünüme kavuşmasına katkı sağlar. Belirgin biçimde daha aydınlık, konturlanmış ve sıkı bir görünüm elde etmeye yardımcı olur. Dolgun bir görünüm sağlamaya ve kaz ayağı çizgilerinin görünümünü azaltmaya katkıda bulunur. Cildin nemlendirilmiş, rahatlatılmış ve yatıştırılmış bir hisse kavuşmasına destek verir. Oftalmolojik olarak test edilmiştir. Lens kullananlar için de uygundur.</FONT></FONT><?xml:namespace prefix = \"o\" ns = \"urn:schemas-microsoft-com:office:office\" /><o:p></o:p></P>","label":"WHAT_IT_IS","type":"what_it_is"}],"objectID":"75178"},{"benefit":{"statement":null,"benefits":null},"brand":null,"collection":null,"coverage":null,"cross_sell":[{"sku_id":"KNE401","sort_key":1},{"sku_id":"KNE501","sort_key":2},{"sku_id":"KNG101","sort_key":3}],"default_category":{"id":"17860","key":"makyaj-ci̇lt-bakim-parfüm-setleri̇"},"description":"Set İçeriği:<BR><UL type=disc><LI>High Impact Maskara, Black, 7ml</LI><LI>Quickliner For Eyes Intense Göz Kalemi, Intense Ebony, 0.14g</LI><LI>Take The Day Off Makyaj Temizleme Balmı, 15ml</LI></UL>","display_mode":null,"display_name":"Clinique High Impact Favourites Göz Seti","display_status":7,"finish":null,"form":null,"formula_type":null,"fragrance_family":null,"indexable_keywords":[{"value":"high impact mascara"},{"value":" mascara"},{"value":" tddo"},{"value":" take the day off"},{"value":" cleansing balm"},{"value":" balm"},{"value":" makeup remover"},{"value":" quickliner"},{"value":" eyes"}],"is_hazmat":false,"is_product_coming_soon":null,"is_product_displayable":true,"is_product_searchable":true,"is_product_shoppable":false,"is_product_sold_out":null,"is_product_temporarily_out_of_stock":null,"is_search_suppressed":null,"key_ingredient":null,"media":{"large":null,"medium":null,"poster":null,"small":null,"videos":[{"position":null,"poster":{"height":null,"src":null,"width":null},"provider":null,"src":null},{"position":null,"poster":{"height":null,"src":null,"width":null},"provider":null,"src":null},{"position":null,"poster":{"height":null,"src":null,"width":null},"provider":null,"src":null}],"xl":null},"meta":{"description":null,"keywords":"high impact mascara, mascara, tddo, take the day off, cleansing balm, balm, makeup remover, quickliner, eyes"},"parent_category":[{"id":"17860","value":"MAKYAJ & CİLT BAKIM & PARFÜM SETLERİ"}],"product_badge":null,"product_id":"75809","product_title_tag":null,"product_type":"Other","product_url":"/product/17860/75809/makyaj-cilt-bakim-parfum-setleri/clinique-high-impact-favourites-goz-seti","reviews":{"average_rating":null,"number_of_questions":null,"number_of_reviews":null},"shade_groups":null,"short_description":null,"skin":null,"skin_goal":null,"skus":{"total":1,"items":[{"color_family":null,"coverage_options":null,"cross_sell":null,"display_status":7,"finish":null,"finish_options":null,"fragrances":[{"family":null,"key":null,"value":null}],"iln_listing":null,"iln_version_number":null,"inventory_status":"Sold Out","is_active":null,"is_coming_soon":null,"is_default_sku":false,"is_discountable":true,"is_displayable":null,"is_engravable":null,"is_fragrance":null,"is_giftable":null,"is_giftwrap":false,"is_inactive":null,"is_multi_shaded":null,"is_out_of_stock":null,"is_preorder":false,"is_preorderable":null,"is_promotional":null,"is_replenishable":false,"is_search_suppressed":null,"is_searchable":true,"is_shaded":null,"is_sized":null,"is_sold_out":true,"is_under_weight_hazmat":false,"is_vto_enabled":null,"life_of_product":"Limited life","material_code":"KNE9010000","media":{"large":[{"alt":"Clinique High Impact Favourites Göz Seti","height":1200,"position":0,"src":"/media/export/cms/products/1200x1500/cl_sku_KNE901_1200x1500_0.png","type":"image","width":1500}],"medium":[{"alt":"Clinique High Impact Favourites Göz Seti","height":600,"position":1,"src":"/media/export/cms/products/600x750/cl_sku_KNE901_600x750_0.png","type":"image","width":750}],"model":null,"poster":null,"small":[{"alt":"Clinique High Impact Favourites Göz Seti","height":1200,"position":2,"src":"/media/export/cms/products/1200x1500/cl_sku_KNE901_1200x1500_0.png","type":"image","width":1500}],"smoosh":null,"xl":null},"out_of_stock_threshold":null,"perlgem":{"SKU_BASE_ID":116452},"preorder_date":null,"prices":[{"currency":"TRY","exclude_tax":{"original_price":205,"original_price_formatted":"205.00 TL","price":205,"price_formatted":"205.00 TL","price_per_unit":null,"price_per_unit_formatted":""},"include_tax":{"original_price":205,"original_price_formatted":"205.00 TL","price":205,"price_formatted":"205.00 TL","price_per_unit":null,"price_per_unit_formatted":""},"is_discounted":false}],"purchase_limit":null,"replenishment":{"message":null},"reviews":{"average_rating":null,"number_of_questions":null,"number_of_reviews":null},"set_components":null,"shade_groups":null,"shades":null,"sizes":[{"key":1,"value":null}],"skin":{"tone":null,"type":null,"type_description":null},"sku_badge":null,"sku_badge_image":null,"sku_display_order":0,"sku_id":"KNE901","sku_promo_messaging":null,"sku_type":"SE","sku_url":null,"tags":{"total":7,"items":[{"id":"17860","key":"makyaj-ci̇lt-bakim-parfüm-setleri̇","value":"MAKYAJ & CİLT BAKIM & PARFÜM SETLERİ"},{"id":"27170","key":"day3flashsale","value":"Day3FlashSale"},{"id":"16422","key":"gifts","value":"Gifts"},{"id":"17859","key":"çok-satanlar","value":"ÇOK SATANLAR"},{"id":"13563","key":"yeni̇-yil-ci̇lt-bakimi","value":"YENİ YIL CİLT BAKIMI"},{"id":"1590","key":"i̇ndi̇ri̇mli̇-ürünler","value":"İNDİRİMLİ ÜRÜNLER"},{"id":"19288","key":"sale","value":"sale"}]},"texture":null,"undertone":null,"unit_of_measure":null,"unit_size":100,"unit_size_formatted":null,"upc":"192333030943","vto":{"is_color_experience":null,"is_foundation_experience":null}}]},"sub_display_name":null,"sub_header":null,"tags":{"total":7,"items":[{"id":"17860","key":"makyaj-ci̇lt-bakim-parfüm-setleri̇","parent_tag_id":null,"product_display_order":13,"value":"MAKYAJ & CİLT BAKIM & PARFÜM SETLERİ"},{"id":"27170","key":"day3flashsale","parent_tag_id":"1590","product_display_order":0,"value":"Day3FlashSale"},{"id":"16422","key":"gifts","parent_tag_id":"1585","product_display_order":0,"value":"Gifts"},{"id":"17859","key":"çok-satanlar","parent_tag_id":null,"product_display_order":29,"value":"ÇOK SATANLAR"},{"id":"13563","key":"yeni̇-yil-ci̇lt-bakimi","parent_tag_id":"13561","product_display_order":0,"value":"YENİ YIL CİLT BAKIMI"},{"id":"1590","key":"i̇ndi̇ri̇mli̇-ürünler","parent_tag_id":null,"product_display_order":0,"value":"İNDİRİMLİ ÜRÜNLER"},{"id":"19288","key":"sale","parent_tag_id":"1590","product_display_order":0,"value":"sale"}]},"usage":[{"content":null,"label":"PRODUCT USAGE","type":"product_usage"},{"content":null,"label":"HOW DOES IT WORK","type":"how_does_it_work"},{"content":null,"label":"WHO IT IS FOR","type":"who_it_is_for"},{"content":null,"label":"GREAT TO KNOW","type":"great_to_know"},{"content":null,"label":"WHAT_IT_DOES","type":"what_it_does"},{"content":"Set İçeriği:<BR><UL type=disc><LI>High Impact Maskara, Black, 7ml</LI><LI>Quickliner For Eyes Intense Göz Kalemi, Intense Ebony, 0.14g</LI><LI>Take The Day Off Makyaj Temizleme Balmı, 15ml</LI></UL>","label":"WHAT_IT_IS","type":"what_it_is"}],"objectID":"75809"},{"benefit":{"statement":null,"benefits":[{"key":"addsshine-benefit","value":"addsshine_benefit"},{"key":"hydrating-benefit","value":"hydrating_benefit"},{"key":"moisturizing-benefit","value":"moisturizing_benefit"}]},"brand":null,"collection":[{"key":"moisture-surge-collection","value":"moisture_surge_collection"}],"coverage":null,"cross_sell":null,"default_category":{"id":"1605","key":"ruj"},"description":"<DIV><FONT face=\"PMingLiU, serif\"><P class=MsoNormal style=\"MARGIN: 0cm 0cm 8pt\"><FONT size=3><FONT face=Calibri>Moisture surge lip balm ilk 3’ü 1 arada lip balm!Dudağınızı nemlendirirken, renklendirir ve parlaklık vererek dolgun gözükmesine yardımcı olur. Dudağınızı 72 saat boyunca nemlendirir. Ağırlık hissi yaratmaz ve kolay uygulanır. Tek uygulamada bile eşit dudağınıza eşit renk tonu sağlar. Yenilikçi ürün merkezi sistemiyle içeride renk veren içeriği, ortada bakım yapan balm içeriği ve en dışarıda da parlaklık veren içeriği bulundurur. İçeriğindeki Aloe yağı, nemsiz ciltteki <SPAN lang=EN-US style=\"mso-ansi-language: EN-US\">ciltteki</SPAN><BR><SPAN lang=EN-US style=\"mso-ansi-language: EN-US\">lipidleri </SPAN>y<SPAN lang=EN-US style=\"mso-ansi-language: EN-US\">apılandırır</SPAN><SPAN lang=EN-US> </SPAN><SPAN lang=EN-US style=\"mso-ansi-language: EN-US\">ve</SPAN><SPAN lang=EN-US> </SPAN><SPAN lang=EN-US style=\"mso-ansi-language: EN-US\">güçlendirir</SPAN>, dudağınızın ihtiyacı olan nemi sağlar. E vitamini ile dudağı besler ve nemlendirir. Shea yağı ile dudağınızı pürüzsüzleştirir ve nemlendirir. <?xml:namespace prefix = \"o\" ns = \"urn:schemas-microsoft-com:office:office\" /><o:p></o:p></FONT></FONT></P><P class=MsoNormal style=\"MARGIN: 0cm 0cm 8pt\"><FONT size=3 face=Calibri>Favori serimiz Moisture Surge ailesinin yeni lip balmıyla tanışın!</FONT><o:p></o:p></P></FONT></DIV>","display_mode":null,"display_name":"Moisture Surge Pop 3’ü 1 Arada Dudak Balmı","display_status":7,"finish":null,"form":null,"formula_type":null,"fragrance_family":null,"indexable_keywords":null,"is_hazmat":false,"is_product_coming_soon":null,"is_product_displayable":true,"is_product_searchable":true,"is_product_shoppable":true,"is_product_sold_out":null,"is_product_temporarily_out_of_stock":null,"is_search_suppressed":null,"key_ingredient":null,"media":{"large":null,"medium":null,"poster":null,"small":null,"videos":[{"position":null,"poster":{"height":null,"src":null,"width":null},"provider":null,"src":null},{"position":null,"poster":{"height":null,"src":null,"width":null},"provider":null,"src":null},{"position":null,"poster":{"height":null,"src":null,"width":null},"provider":null,"src":null}],"xl":null},"meta":{"description":null,"keywords":null},"parent_category":[{"id":"1605","value":"RUJ"},{"id":"1592","value":"MAKYAJ"}],"product_badge":null,"product_id":"76196","product_title_tag":null,"product_type":"Shaded","product_url":"/product/1605/76196/makyaj/ruj/moisture-surge-pop-3u-1-arada-dudak-balm","reviews":{"average_rating":null,"number_of_questions":null,"number_of_reviews":null},"shade_groups":null,"short_description":null,"skin":null,"skin_goal":null,"skus":{"total":5,"items":[{"color_family":null,"coverage_options":null,"cross_sell":null,"display_status":7,"finish":null,"finish_options":null,"fragrances":[{"family":null,"key":null,"value":null}],"iln_listing":null,"iln_version_number":null,"inventory_status":"Active","is_active":true,"is_coming_soon":null,"is_default_sku":false,"is_discountable":true,"is_displayable":null,"is_engravable":null,"is_fragrance":null,"is_giftable":null,"is_giftwrap":false,"is_inactive":null,"is_multi_shaded":null,"is_out_of_stock":null,"is_preorder":false,"is_preorderable":null,"is_promotional":null,"is_replenishable":false,"is_search_suppressed":null,"is_searchable":true,"is_shaded":null,"is_sized":null,"is_sold_out":null,"is_under_weight_hazmat":false,"is_vto_enabled":null,"life_of_product":"Basic Reorder","material_code":"KLL7020000","media":{"large":[{"alt":"Moisture Surge Pop 3’ü 1 Arada Dudak Balmı","height":1200,"position":1,"src":"/media/export/cms/products/1200x1500/cl_sku_KLL702_1200x1500_0.png","type":"image","width":1500}],"medium":[{"alt":"Moisture Surge Pop 3’ü 1 Arada Dudak Balmı","height":600,"position":2,"src":"/media/export/cms/products/600x750/cl_sku_KLL702_600x750_0.png","type":"image","width":750}],"model":null,"poster":null,"small":[{"alt":"Moisture Surge Pop 3’ü 1 Arada Dudak Balmı","height":1200,"position":3,"src":"/media/export/cms/products/1200x1500/cl_sku_KLL702_1200x1500_0.png","type":"image","width":1500}],"smoosh":[{"alt":"Moisture Surge Pop 3’ü 1 Arada Dudak Balmı","height":1200,"position":0,"src":"/media/export/cms/products/1200x1500/swatches_v3/74_ns_ng.png","type":"image","width":1500}],"xl":null},"out_of_stock_threshold":null,"perlgem":{"SKU_BASE_ID":117132},"preorder_date":null,"prices":[{"currency":"TRY","exclude_tax":{"original_price":165,"original_price_formatted":"165.00 TL","price":165,"price_formatted":"165.00 TL","price_per_unit":null,"price_per_unit_formatted":""},"include_tax":{"original_price":165,"original_price_formatted":"165.00 TL","price":165,"price_formatted":"165.00 TL","price_per_unit":null,"price_per_unit_formatted":""},"is_discounted":false}],"purchase_limit":null,"replenishment":{"message":null},"reviews":{"average_rating":null,"number_of_questions":null,"number_of_reviews":null},"set_components":null,"shade_groups":null,"shades":[{"description":"","hex_val":"#f2788b","image":{"height":null,"src":"","width":null},"name":"Dragon Fruit","smoosh_design":{"group_id":null,"name":"74::none::none"}}],"sizes":[{"key":1,"value":"3.8 g"}],"skin":{"tone":null,"type":null,"type_description":null},"sku_badge":null,"sku_badge_image":null,"sku_display_order":0,"sku_id":"KLL702","sku_promo_messaging":null,"sku_type":"SE","sku_url":null,"tags":{"total":6,"items":[{"id":"25356","key":"lip-care","value":"Lip Care"},{"id":"17859","key":"çok-satanlar","value":"ÇOK SATANLAR"},{"id":"4323","key":"yeni̇-ürünler","value":"YENİ ÜRÜNLER"},{"id":"12520","key":"çiçeklerin-gücü-serisi","value":"Çiçeklerin Gücü Serisi"},{"id":"1590","key":"i̇ndi̇ri̇mli̇-ürünler","value":"İNDİRİMLİ ÜRÜNLER"},{"id":"1605","key":"ruj","value":"RUJ"}]},"texture":null,"undertone":null,"unit_of_measure":null,"unit_size":null,"unit_size_formatted":null,"upc":"192333016381","vto":{"is_color_experience":null,"is_foundation_experience":null}},{"color_family":null,"coverage_options":null,"cross_sell":null,"display_status":7,"finish":null,"finish_options":null,"fragrances":[{"family":null,"key":null,"value":null}],"iln_listing":null,"iln_version_number":null,"inventory_status":"Active","is_active":true,"is_coming_soon":null,"is_default_sku":false,"is_discountable":true,"is_displayable":null,"is_engravable":null,"is_fragrance":null,"is_giftable":null,"is_giftwrap":false,"is_inactive":null,"is_multi_shaded":null,"is_out_of_stock":null,"is_preorder":false,"is_preorderable":null,"is_promotional":null,"is_replenishable":false,"is_search_suppressed":null,"is_searchable":true,"is_shaded":null,"is_sized":null,"is_sold_out":null,"is_under_weight_hazmat":false,"is_vto_enabled":null,"life_of_product":"Basic Reorder","material_code":"KLL7030000","media":{"large":[{"alt":"Moisture Surge Pop 3’ü 1 Arada Dudak Balmı","height":1200,"position":1,"src":"/media/export/cms/products/1200x1500/cl_sku_KLL703_1200x1500_0.png","type":"image","width":1500}],"medium":[{"alt":"Moisture Surge Pop 3’ü 1 Arada Dudak Balmı","height":600,"position":2,"src":"/media/export/cms/products/600x750/cl_sku_KLL703_600x750_0.png","type":"image","width":750}],"model":null,"poster":null,"small":[{"alt":"Moisture Surge Pop 3’ü 1 Arada Dudak Balmı","height":1200,"position":3,"src":"/media/export/cms/products/1200x1500/cl_sku_KLL703_1200x1500_0.png","type":"image","width":1500}],"smoosh":[{"alt":"Moisture Surge Pop 3’ü 1 Arada Dudak Balmı","height":1200,"position":0,"src":"/media/export/cms/products/1200x1500/swatches_v3/74_ns_ng.png","type":"image","width":1500}],"xl":null},"out_of_stock_threshold":null,"perlgem":{"SKU_BASE_ID":117133},"preorder_date":null,"prices":[{"currency":"TRY","exclude_tax":{"original_price":165,"original_price_formatted":"165.00 TL","price":165,"price_formatted":"165.00 TL","price_per_unit":null,"price_per_unit_formatted":""},"include_tax":{"original_price":165,"original_price_formatted":"165.00 TL","price":165,"price_formatted":"165.00 TL","price_per_unit":null,"price_per_unit_formatted":""},"is_discounted":false}],"purchase_limit":null,"replenishment":{"message":null},"reviews":{"average_rating":null,"number_of_questions":null,"number_of_reviews":null},"set_components":null,"shade_groups":null,"shades":[{"description":"","hex_val":"#e08ebc","image":{"height":null,"src":"","width":null},"name":"Acai","smoosh_design":{"group_id":null,"name":"74::none::none"}}],"sizes":[{"key":1,"value":"3.8 g"}],"skin":{"tone":null,"type":null,"type_description":null},"sku_badge":null,"sku_badge_image":null,"sku_display_order":0,"sku_id":"KLL703","sku_promo_messaging":null,"sku_type":"SE","sku_url":null,"tags":{"total":6,"items":[{"id":"25356","key":"lip-care","value":"Lip Care"},{"id":"17859","key":"çok-satanlar","value":"ÇOK SATANLAR"},{"id":"4323","key":"yeni̇-ürünler","value":"YENİ ÜRÜNLER"},{"id":"12520","key":"çiçeklerin-gücü-serisi","value":"Çiçeklerin Gücü Serisi"},{"id":"1590","key":"i̇ndi̇ri̇mli̇-ürünler","value":"İNDİRİMLİ ÜRÜNLER"},{"id":"1605","key":"ruj","value":"RUJ"}]},"texture":null,"undertone":null,"unit_of_measure":null,"unit_size":null,"unit_size_formatted":null,"upc":"192333016398","vto":{"is_color_experience":null,"is_foundation_experience":null}},{"color_family":null,"coverage_options":null,"cross_sell":null,"display_status":7,"finish":null,"finish_options":null,"fragrances":[{"family":null,"key":null,"value":null}],"iln_listing":null,"iln_version_number":null,"inventory_status":"Active","is_active":true,"is_coming_soon":null,"is_default_sku":false,"is_discountable":true,"is_displayable":null,"is_engravable":null,"is_fragrance":null,"is_giftable":null,"is_giftwrap":false,"is_inactive":null,"is_multi_shaded":null,"is_out_of_stock":null,"is_preorder":false,"is_preorderable":null,"is_promotional":null,"is_replenishable":false,"is_search_suppressed":null,"is_searchable":true,"is_shaded":null,"is_sized":null,"is_sold_out":null,"is_under_weight_hazmat":false,"is_vto_enabled":null,"life_of_product":"Basic Reorder","material_code":"KLL7010000","media":{"large":[{"alt":"Moisture Surge Pop 3’ü 1 Arada Dudak Balmı","height":1200,"position":1,"src":"/media/export/cms/products/1200x1500/cl_sku_KLL701_1200x1500_0.png","type":"image","width":1500}],"medium":[{"alt":"Moisture Surge Pop 3’ü 1 Arada Dudak Balmı","height":600,"position":2,"src":"/media/export/cms/products/600x750/cl_sku_KLL701_600x750_0.png","type":"image","width":750}],"model":null,"poster":null,"small":[{"alt":"Moisture Surge Pop 3’ü 1 Arada Dudak Balmı","height":1200,"position":3,"src":"/media/export/cms/products/1200x1500/cl_sku_KLL701_1200x1500_0.png","type":"image","width":1500}],"smoosh":[{"alt":"Moisture Surge Pop 3’ü 1 Arada Dudak Balmı","height":1200,"position":0,"src":"/media/export/cms/products/1200x1500/swatches_v3/74_ns_ng.png","type":"image","width":1500}],"xl":null},"out_of_stock_threshold":null,"perlgem":{"SKU_BASE_ID":117131},"preorder_date":null,"prices":[{"currency":"TRY","exclude_tax":{"original_price":165,"original_price_formatted":"165.00 TL","price":165,"price_formatted":"165.00 TL","price_per_unit":null,"price_per_unit_formatted":""},"include_tax":{"original_price":165,"original_price_formatted":"165.00 TL","price":165,"price_formatted":"165.00 TL","price_per_unit":null,"price_per_unit_formatted":""},"is_discounted":false}],"purchase_limit":null,"replenishment":{"message":null},"reviews":{"average_rating":null,"number_of_questions":null,"number_of_reviews":null},"set_components":null,"shade_groups":null,"shades":[{"description":"","hex_val":"#d75468","image":{"height":null,"src":"","width":null},"name":"Goji Berry","smoosh_design":{"group_id":null,"name":"74::none::none"}}],"sizes":[{"key":1,"value":"3.8 g"}],"skin":{"tone":null,"type":null,"type_description":null},"sku_badge":null,"sku_badge_image":null,"sku_display_order":0,"sku_id":"KLL701","sku_promo_messaging":null,"sku_type":"SE","sku_url":null,"tags":{"total":6,"items":[{"id":"25356","key":"lip-care","value":"Lip Care"},{"id":"17859","key":"çok-satanlar","value":"ÇOK SATANLAR"},{"id":"4323","key":"yeni̇-ürünler","value":"YENİ ÜRÜNLER"},{"id":"12520","key":"çiçeklerin-gücü-serisi","value":"Çiçeklerin Gücü Serisi"},{"id":"1605","key":"ruj","value":"RUJ"},{"id":"25565","key":"justarrivednew","value":"justarrivednew"}]},"texture":null,"undertone":null,"unit_of_measure":null,"unit_size":null,"unit_size_formatted":null,"upc":"192333016374","vto":{"is_color_experience":null,"is_foundation_experience":null}},{"color_family":null,"coverage_options":null,"cross_sell":null,"display_status":7,"finish":null,"finish_options":null,"fragrances":[{"family":null,"key":null,"value":null}],"iln_listing":null,"iln_version_number":null,"inventory_status":"Active","is_active":true,"is_coming_soon":null,"is_default_sku":false,"is_discountable":true,"is_displayable":null,"is_engravable":null,"is_fragrance":null,"is_giftable":null,"is_giftwrap":false,"is_inactive":null,"is_multi_shaded":null,"is_out_of_stock":null,"is_preorder":false,"is_preorderable":null,"is_promotional":null,"is_replenishable":false,"is_search_suppressed":null,"is_searchable":true,"is_shaded":null,"is_sized":null,"is_sold_out":null,"is_under_weight_hazmat":false,"is_vto_enabled":null,"life_of_product":"Basic Reorder","material_code":"KLL7050000","media":{"large":[{"alt":"Moisture Surge Pop 3’ü 1 Arada Dudak Balmı","height":1200,"position":1,"src":"/media/export/cms/products/1200x1500/cl_sku_KLL705_1200x1500_0.png","type":"image","width":1500}],"medium":[{"alt":"Moisture Surge Pop 3’ü 1 Arada Dudak Balmı","height":600,"position":2,"src":"/media/export/cms/products/600x750/cl_sku_KLL705_600x750_0.png","type":"image","width":750}],"model":null,"poster":null,"small":[{"alt":"Moisture Surge Pop 3’ü 1 Arada Dudak Balmı","height":1200,"position":3,"src":"/media/export/cms/products/1200x1500/cl_sku_KLL705_1200x1500_0.png","type":"image","width":1500}],"smoosh":[{"alt":"Moisture Surge Pop 3’ü 1 Arada Dudak Balmı","height":1200,"position":0,"src":"/media/export/cms/products/1200x1500/swatches_v3/74_ns_ng.png","type":"image","width":1500}],"xl":null},"out_of_stock_threshold":null,"perlgem":{"SKU_BASE_ID":117135},"preorder_date":null,"prices":[{"currency":"TRY","exclude_tax":{"original_price":165,"original_price_formatted":"165.00 TL","price":165,"price_formatted":"165.00 TL","price_per_unit":null,"price_per_unit_formatted":""},"include_tax":{"original_price":165,"original_price_formatted":"165.00 TL","price":165,"price_formatted":"165.00 TL","price_per_unit":null,"price_per_unit_formatted":""},"is_discounted":false}],"purchase_limit":null,"replenishment":{"message":null},"reviews":{"average_rating":null,"number_of_questions":null,"number_of_reviews":null},"set_components":null,"shade_groups":null,"shades":[{"description":"","hex_val":"#d28d88","image":{"height":null,"src":"","width":null},"name":"Black Honey","smoosh_design":{"group_id":null,"name":"74::none::none"}}],"sizes":[{"key":1,"value":"3.8 g"}],"skin":{"tone":null,"type":null,"type_description":null},"sku_badge":null,"sku_badge_image":null,"sku_display_order":0,"sku_id":"KLL705","sku_promo_messaging":null,"sku_type":"SE","sku_url":null,"tags":{"total":6,"items":[{"id":"25356","key":"lip-care","value":"Lip Care"},{"id":"17859","key":"çok-satanlar","value":"ÇOK SATANLAR"},{"id":"4323","key":"yeni̇-ürünler","value":"YENİ ÜRÜNLER"},{"id":"12520","key":"çiçeklerin-gücü-serisi","value":"Çiçeklerin Gücü Serisi"},{"id":"1590","key":"i̇ndi̇ri̇mli̇-ürünler","value":"İNDİRİMLİ ÜRÜNLER"},{"id":"1605","key":"ruj","value":"RUJ"}]},"texture":null,"undertone":null,"unit_of_measure":null,"unit_size":null,"unit_size_formatted":null,"upc":"192333016411","vto":{"is_color_experience":null,"is_foundation_experience":null}},{"color_family":null,"coverage_options":null,"cross_sell":null,"display_status":7,"finish":null,"finish_options":null,"fragrances":[{"family":null,"key":null,"value":null}],"iln_listing":null,"iln_version_number":null,"inventory_status":"Active","is_active":true,"is_coming_soon":null,"is_default_sku":false,"is_discountable":true,"is_displayable":null,"is_engravable":null,"is_fragrance":null,"is_giftable":null,"is_giftwrap":false,"is_inactive":null,"is_multi_shaded":null,"is_out_of_stock":null,"is_preorder":false,"is_preorderable":null,"is_promotional":null,"is_replenishable":false,"is_search_suppressed":null,"is_searchable":true,"is_shaded":null,"is_sized":null,"is_sold_out":null,"is_under_weight_hazmat":false,"is_vto_enabled":null,"life_of_product":"Basic Reorder","material_code":"KLL7040000","media":{"large":[{"alt":"Moisture Surge Pop 3’ü 1 Arada Dudak Balmı","height":1200,"position":1,"src":"/media/export/cms/products/1200x1500/cl_sku_KLL704_1200x1500_0.png","type":"image","width":1500}],"medium":[{"alt":"Moisture Surge Pop 3’ü 1 Arada Dudak Balmı","height":600,"position":2,"src":"/media/export/cms/products/600x750/cl_sku_KLL704_600x750_0.png","type":"image","width":750}],"model":null,"poster":null,"small":[{"alt":"Moisture Surge Pop 3’ü 1 Arada Dudak Balmı","height":1200,"position":3,"src":"/media/export/cms/products/1200x1500/cl_sku_KLL704_1200x1500_0.png","type":"image","width":1500}],"smoosh":[{"alt":"Moisture Surge Pop 3’ü 1 Arada Dudak Balmı","height":1200,"position":0,"src":"/media/export/cms/products/1200x1500/swatches_v3/74_ns_ng.png","type":"image","width":1500}],"xl":null},"out_of_stock_threshold":null,"perlgem":{"SKU_BASE_ID":117134},"preorder_date":null,"prices":[{"currency":"TRY","exclude_tax":{"original_price":165,"original_price_formatted":"165.00 TL","price":165,"price_formatted":"165.00 TL","price_per_unit":null,"price_per_unit_formatted":""},"include_tax":{"original_price":165,"original_price_formatted":"165.00 TL","price":165,"price_formatted":"165.00 TL","price_per_unit":null,"price_per_unit_formatted":""},"is_discounted":false}],"purchase_limit":null,"replenishment":{"message":null},"reviews":{"average_rating":null,"number_of_questions":null,"number_of_reviews":null},"set_components":null,"shade_groups":null,"shades":[{"description":"","hex_val":"#f2a897","image":{"height":null,"src":"","width":null},"name":"Lychee","smoosh_design":{"group_id":null,"name":"74::none::none"}}],"sizes":[{"key":1,"value":"3.8 g"}],"skin":{"tone":null,"type":null,"type_description":null},"sku_badge":null,"sku_badge_image":null,"sku_display_order":0,"sku_id":"KLL704","sku_promo_messaging":null,"sku_type":"SE","sku_url":null,"tags":{"total":5,"items":[{"id":"25356","key":"lip-care","value":"Lip Care"},{"id":"17859","key":"çok-satanlar","value":"ÇOK SATANLAR"},{"id":"4323","key":"yeni̇-ürünler","value":"YENİ ÜRÜNLER"},{"id":"12520","key":"çiçeklerin-gücü-serisi","value":"Çiçeklerin Gücü Serisi"},{"id":"1605","key":"ruj","value":"RUJ"}]},"texture":null,"undertone":null,"unit_of_measure":null,"unit_size":null,"unit_size_formatted":null,"upc":"192333016404","vto":{"is_color_experience":null,"is_foundation_experience":null}}]},"sub_display_name":"balm","sub_header":null,"tags":{"total":7,"items":[{"id":"25356","key":"lip-care","parent_tag_id":"1667","product_display_order":0,"value":"Lip Care"},{"id":"17859","key":"çok-satanlar","parent_tag_id":null,"product_display_order":12,"value":"ÇOK SATANLAR"},{"id":"4323","key":"yeni̇-ürünler","parent_tag_id":null,"product_display_order":0,"value":"YENİ ÜRÜNLER"},{"id":"12520","key":"çiçeklerin-gücü-serisi","parent_tag_id":"1608","product_display_order":0,"value":"Çiçeklerin Gücü Serisi"},{"id":"1590","key":"i̇ndi̇ri̇mli̇-ürünler","parent_tag_id":null,"product_display_order":0,"value":"İNDİRİMLİ ÜRÜNLER"},{"id":"1605","key":"ruj","parent_tag_id":"1592","product_display_order":0,"value":"RUJ"},{"id":"25565","key":"justarrivednew","parent_tag_id":null,"product_display_order":4,"value":"justarrivednew"}]},"usage":[{"content":null,"label":"PRODUCT USAGE","type":"product_usage"},{"content":null,"label":"HOW DOES IT WORK","type":"how_does_it_work"},{"content":null,"label":"WHO IT IS FOR","type":"who_it_is_for"},{"content":null,"label":"GREAT TO KNOW","type":"great_to_know"},{"content":null,"label":"WHAT_IT_DOES","type":"what_it_does"},{"content":"<DIV><FONT face=\"PMingLiU, serif\"><P class=MsoNormal style=\"MARGIN: 0cm 0cm 8pt\"><FONT size=3><FONT face=Calibri>Moisture surge lip balm ilk 3’ü 1 arada lip balm!Dudağınızı nemlendirirken, renklendirir ve parlaklık vererek dolgun gözükmesine yardımcı olur. Dudağınızı 72 saat boyunca nemlendirir. Ağırlık hissi yaratmaz ve kolay uygulanır. Tek uygulamada bile eşit dudağınıza eşit renk tonu sağlar. Yenilikçi ürün merkezi sistemiyle içeride renk veren içeriği, ortada bakım yapan balm içeriği ve en dışarıda da parlaklık veren içeriği bulundurur. İçeriğindeki Aloe yağı, nemsiz ciltteki <SPAN lang=EN-US style=\"mso-ansi-language: EN-US\">ciltteki</SPAN><BR><SPAN lang=EN-US style=\"mso-ansi-language: EN-US\">lipidleri </SPAN>y<SPAN lang=EN-US style=\"mso-ansi-language: EN-US\">apılandırır</SPAN><SPAN lang=EN-US> </SPAN><SPAN lang=EN-US style=\"mso-ansi-language: EN-US\">ve</SPAN><SPAN lang=EN-US> </SPAN><SPAN lang=EN-US style=\"mso-ansi-language: EN-US\">güçlendirir</SPAN>, dudağınızın ihtiyacı olan nemi sağlar. E vitamini ile dudağı besler ve nemlendirir. Shea yağı ile dudağınızı pürüzsüzleştirir ve nemlendirir. <?xml:namespace prefix = \"o\" ns = \"urn:schemas-microsoft-com:office:office\" /><o:p></o:p></FONT></FONT></P><P class=MsoNormal style=\"MARGIN: 0cm 0cm 8pt\"><FONT size=3 face=Calibri>Favori serimiz Moisture Surge ailesinin yeni lip balmıyla tanışın!</FONT><o:p></o:p></P></FONT></DIV>","label":"WHAT_IT_IS","type":"what_it_is"}],"objectID":"76196"},{"benefit":null,"brand":null,"collection":null,"coverage":null,"cross_sell":null,"default_category":{"id":"23296","key":"yüz-ci̇lt-temi̇zleyi̇ci̇"},"description":"İçten dışa iyilik. Hem cildine hem de doğaya iyi gelecek sürdürülebilir ambalajlı temiz içerikli Clinique formüllerini keşfedin. Süt içeren formülü ile makyajı nazikçe cildinizden temizlerken hem cildinize hem de çevreye iyi gelir. Daha sürdürülebilir: Şişe% 96 bitki kökenli plastiktir. Kapak% 25'dir. Lütfen geri dönüştürün","display_mode":null,"display_name":"All About Clean Micellar Makyaj Temizleyici Cilt Tipi","display_status":7,"finish":null,"form":[{"key":"liquid-form","value":"liquid_form"}],"formula_type":null,"fragrance_family":null,"indexable_keywords":null,"is_hazmat":false,"is_product_coming_soon":null,"is_product_displayable":true,"is_product_searchable":true,"is_product_shoppable":true,"is_product_sold_out":null,"is_product_temporarily_out_of_stock":null,"is_search_suppressed":null,"key_ingredient":null,"media":{"large":[{"alt":"All About Clean Micellar Makyaj Temizleyici Cilt Tipi","height":1200,"position":0,"src":"/media/export/cms/products/1200x1500/cl_prod_76253_1200x1500_0.png","type":"image","width":1500},{"alt":"All About Clean Micellar Makyaj Temizleyici Cilt Tipi","height":1200,"position":1,"src":"/media/export/cms/products/1200x1500/cl_prod_76253_1200x1500_1.png","type":"image","width":1500}],"medium":null,"poster":null,"small":[{"alt":"All About Clean Micellar Makyaj Temizleyici Cilt Tipi","height":1200,"position":2,"src":"/media/export/cms/products/1200x1500/cl_prod_76253_1200x1500_0.png","type":"image","width":1500},{"alt":"All About Clean Micellar Makyaj Temizleyici Cilt Tipi","height":1200,"position":3,"src":"/media/export/cms/products/1200x1500/cl_prod_76253_1200x1500_1.png","type":"image","width":1500}],"videos":[{"position":null,"poster":{"height":null,"src":null,"width":null},"provider":"YouTube","src":null},{"position":null,"poster":{"height":null,"src":null,"width":null},"provider":"YouTube","src":null},{"position":null,"poster":{"height":null,"src":null,"width":null},"provider":"YouTube","src":null}],"xl":null},"meta":{"description":null,"keywords":null},"parent_category":[{"id":"23296","value":"YÜZ & CİLT TEMİZLEYİCİ"},{"id":"1667","value":"CİLT BAKIMI"}],"product_badge":null,"product_id":"76253","product_title_tag":null,"product_type":"Other","product_url":"/product/23296/76253/cilt-bakimi/yuz-cilt-temizleyici/all-about-clean-micellar-makyaj-temizleyici-cilt-tipi","reviews":{"average_rating":null,"number_of_questions":null,"number_of_reviews":null},"shade_groups":null,"short_description":null,"skin":null,"skin_goal":null,"skus":{"total":2,"items":[{"color_family":null,"coverage_options":null,"cross_sell":null,"display_status":7,"finish":null,"finish_options":null,"fragrances":[{"family":null,"key":null,"value":null}],"iln_listing":null,"iln_version_number":null,"inventory_status":"Sold Out","is_active":null,"is_coming_soon":null,"is_default_sku":false,"is_discountable":true,"is_displayable":null,"is_engravable":null,"is_fragrance":null,"is_giftable":null,"is_giftwrap":false,"is_inactive":null,"is_multi_shaded":null,"is_out_of_stock":null,"is_preorder":false,"is_preorderable":null,"is_promotional":null,"is_replenishable":false,"is_search_suppressed":null,"is_searchable":true,"is_shaded":null,"is_sized":null,"is_sold_out":true,"is_under_weight_hazmat":false,"is_vto_enabled":null,"life_of_product":"Limited life","material_code":"KL69010000","media":{"large":[{"alt":"All About Clean Micellar Makyaj Temizleyici Cilt Tipi","height":1200,"position":0,"src":"/media/export/cms/products/1200x1500/cl_sku_KL6901_1200x1500_0.png","type":"image","width":1500}],"medium":[{"alt":"All About Clean Micellar Makyaj Temizleyici Cilt Tipi","height":600,"position":1,"src":"/media/export/cms/products/600x750/cl_sku_KL6901_600x750_0.png","type":"image","width":750}],"model":null,"poster":null,"small":[{"alt":"All About Clean Micellar Makyaj Temizleyici Cilt Tipi","height":1200,"position":2,"src":"/media/export/cms/products/1200x1500/cl_sku_KL6901_1200x1500_0.png","type":"image","width":1500}],"smoosh":null,"xl":null},"out_of_stock_threshold":null,"perlgem":{"SKU_BASE_ID":117221},"preorder_date":null,"prices":[{"currency":"TRY","exclude_tax":{"original_price":220,"original_price_formatted":"220.00 TL","price":220,"price_formatted":"220.00 TL","price_per_unit":null,"price_per_unit_formatted":""},"include_tax":{"original_price":220,"original_price_formatted":"220.00 TL","price":220,"price_formatted":"220.00 TL","price_per_unit":null,"price_per_unit_formatted":""},"is_discounted":false}],"purchase_limit":null,"replenishment":{"message":null},"reviews":{"average_rating":null,"number_of_questions":null,"number_of_reviews":null},"set_components":null,"shade_groups":null,"shades":null,"sizes":[{"key":1,"value":null}],"skin":{"tone":null,"type":null,"type_description":null},"sku_badge":null,"sku_badge_image":null,"sku_display_order":0,"sku_id":"KL6901","sku_promo_messaging":null,"sku_type":"SE","sku_url":null,"tags":{"total":3,"items":[{"id":"1673","key":"makyaj-temi̇zli̇yi̇ci̇leri̇","value":"MAKYAJ TEMİZLİYİCİLERİ"},{"id":"23296","key":"yüz-ci̇lt-temi̇zleyi̇ci̇","value":"YÜZ & CİLT TEMİZLEYİCİ"},{"id":"4323","key":"yeni̇-ürünler","value":"YENİ ÜRÜNLER"}]},"texture":null,"undertone":null,"unit_of_measure":null,"unit_size":null,"unit_size_formatted":null,"upc":"192333013328","vto":{"is_color_experience":null,"is_foundation_experience":null}},{"color_family":null,"coverage_options":null,"cross_sell":null,"display_status":7,"finish":null,"finish_options":null,"fragrances":[{"family":null,"key":null,"value":null}],"iln_listing":null,"iln_version_number":null,"inventory_status":"Active","is_active":true,"is_coming_soon":null,"is_default_sku":false,"is_discountable":true,"is_displayable":null,"is_engravable":null,"is_fragrance":null,"is_giftable":null,"is_giftwrap":false,"is_inactive":null,"is_multi_shaded":null,"is_out_of_stock":null,"is_preorder":false,"is_preorderable":null,"is_promotional":null,"is_replenishable":false,"is_search_suppressed":null,"is_searchable":true,"is_shaded":null,"is_sized":null,"is_sold_out":null,"is_under_weight_hazmat":false,"is_vto_enabled":null,"life_of_product":"Limited life","material_code":"KL6E010000","media":{"large":[{"alt":"All About Clean Micellar Makyaj Temizleyici Cilt Tipi","height":1200,"position":0,"src":"/media/export/cms/products/1200x1500/cl_sku_KL6E01_1200x1500_0.png","type":"image","width":1500}],"medium":[{"alt":"All About Clean Micellar Makyaj Temizleyici Cilt Tipi","height":600,"position":1,"src":"/media/export/cms/products/600x750/cl_sku_KL6E01_600x750_0.png","type":"image","width":750}],"model":null,"poster":null,"small":[{"alt":"All About Clean Micellar Makyaj Temizleyici Cilt Tipi","height":1200,"position":2,"src":"/media/export/cms/products/1200x1500/cl_sku_KL6E01_1200x1500_0.png","type":"image","width":1500}],"smoosh":null,"xl":null},"out_of_stock_threshold":null,"perlgem":{"SKU_BASE_ID":117222},"preorder_date":null,"prices":[{"currency":"TRY","exclude_tax":{"original_price":220,"original_price_formatted":"220.00 TL","price":220,"price_formatted":"220.00 TL","price_per_unit":null,"price_per_unit_formatted":""},"include_tax":{"original_price":220,"original_price_formatted":"220.00 TL","price":220,"price_formatted":"220.00 TL","price_per_unit":null,"price_per_unit_formatted":""},"is_discounted":false}],"purchase_limit":null,"replenishment":{"message":null},"reviews":{"average_rating":null,"number_of_questions":null,"number_of_reviews":null},"set_components":null,"shade_groups":null,"shades":null,"sizes":[{"key":1,"value":null}],"skin":{"tone":null,"type":null,"type_description":null},"sku_badge":null,"sku_badge_image":null,"sku_display_order":0,"sku_id":"KL6E01","sku_promo_messaging":null,"sku_type":"SE","sku_url":null,"tags":{"total":3,"items":[{"id":"1673","key":"makyaj-temi̇zli̇yi̇ci̇leri̇","value":"MAKYAJ TEMİZLİYİCİLERİ"},{"id":"23296","key":"yüz-ci̇lt-temi̇zleyi̇ci̇","value":"YÜZ & CİLT TEMİZLEYİCİ"},{"id":"4323","key":"yeni̇-ürünler","value":"YENİ ÜRÜNLER"}]},"texture":null,"undertone":null,"unit_of_measure":null,"unit_size":null,"unit_size_formatted":null,"upc":"192333013359","vto":{"is_color_experience":null,"is_foundation_experience":null}}]},"sub_display_name":null,"sub_header":null,"tags":{"total":3,"items":[{"id":"1673","key":"makyaj-temi̇zli̇yi̇ci̇leri̇","parent_tag_id":"1667","product_display_order":0,"value":"MAKYAJ TEMİZLİYİCİLERİ"},{"id":"23296","key":"yüz-ci̇lt-temi̇zleyi̇ci̇","parent_tag_id":"1667","product_display_order":0,"value":"YÜZ & CİLT TEMİZLEYİCİ"},{"id":"4323","key":"yeni̇-ürünler","parent_tag_id":null,"product_display_order":0,"value":"YENİ ÜRÜNLER"}]},"usage":[{"content":null,"label":"PRODUCT USAGE","type":"product_usage"},{"content":null,"label":"HOW DOES IT WORK","type":"how_does_it_work"},{"content":null,"label":"WHO IT IS FOR","type":"who_it_is_for"},{"content":null,"label":"GREAT TO KNOW","type":"great_to_know"},{"content":null,"label":"WHAT_IT_DOES","type":"what_it_does"},{"content":null,"label":"WHAT_IT_IS","type":"what_it_is"}],"objectID":"76253"},{"benefit":{"statement":null,"benefits":null},"brand":null,"collection":[{"key":"even-better-collection","value":"even_better_collection"}],"coverage":null,"cross_sell":null,"default_category":{"id":"1596","key":"göz-alti-kapaticilari"},"description":"Even Better ailesi her günün en iyi cilt gününüz gibi görünmesini sağlayabilir.<br>Daha da iyi olan nedir? Cildiniz. Çünkü Even Better, makyaj ihtiyacını neredeyse ortadan kaldıran fondöten serisidir ve bu da zaman içinde daha ışıltılı, pürüzsüz bir cilt anlamına gelir.<br>&nbsp;<br>Bu yüzden cildinizin en iyi haline uyanmamış olsanız bile- cildinizin en iyi halini göreceksiniz.<br>İlk kez kapatıcı kusursuz eşitleyici aplikatörü ile birlikte.Kapatıcıyı uygulayan yenilikçi sivri uç ile kapatıcıyı yüzünüze uygulayın. Yenilikçi sünger aplikatörü ile gözaltınıza kusursuz bir şekilde dağıtın.<br>Göz altı, bölgesel kusurlar, and tüm yüze uygulayabilirsiniz.","display_mode":null,"display_name":"Even Better Concealer Göz Altı Kapatıcısı","display_status":7,"finish":null,"form":[{"key":"liquid-form","value":"liquid_form"}],"formula_type":null,"fragrance_family":null,"indexable_keywords":null,"is_hazmat":false,"is_product_coming_soon":null,"is_product_displayable":true,"is_product_searchable":true,"is_product_shoppable":true,"is_product_sold_out":null,"is_product_temporarily_out_of_stock":null,"is_search_suppressed":null,"key_ingredient":null,"media":{"large":[{"alt":"Even Better Concealer Göz Altı Kapatıcısı","height":1200,"position":0,"src":"/media/export/cms/products/1200x1500/cl_prod_76702_1200x1500_0.png","type":"image","width":1500},{"alt":"Even Better Concealer Göz Altı Kapatıcısı","height":1200,"position":1,"src":"/media/export/cms/products/1200x1500/cl_prod_76702_1200x1500_1.png","type":"image","width":1500},{"alt":"Even Better Concealer Göz Altı Kapatıcısı","height":1200,"position":2,"src":"/media/export/cms/products/1200x1500/cl_prod_76702_1200x1500_2.png","type":"image","width":1500},{"alt":"Even Better Concealer Göz Altı Kapatıcısı","height":1200,"position":3,"src":"/media/export/cms/products/1200x1500/cl_prod_76702_1200x1500_3.png","type":"image","width":1500}],"medium":null,"poster":null,"small":[{"alt":"Even Better Concealer Göz Altı Kapatıcısı","height":1200,"position":4,"src":"/media/export/cms/products/1200x1500/cl_prod_76702_1200x1500_0.png","type":"image","width":1500},{"alt":"Even Better Concealer Göz Altı Kapatıcısı","height":1200,"position":5,"src":"/media/export/cms/products/1200x1500/cl_prod_76702_1200x1500_1.png","type":"image","width":1500},{"alt":"Even Better Concealer Göz Altı Kapatıcısı","height":1200,"position":6,"src":"/media/export/cms/products/1200x1500/cl_prod_76702_1200x1500_2.png","type":"image","width":1500},{"alt":"Even Better Concealer Göz Altı Kapatıcısı","height":1200,"position":7,"src":"/media/export/cms/products/1200x1500/cl_prod_76702_1200x1500_3.png","type":"image","width":1500}],"videos":[{"position":null,"poster":{"height":null,"src":null,"width":null},"provider":"YouTube","src":null},{"position":null,"poster":{"height":null,"src":null,"width":null},"provider":"YouTube","src":null},{"position":null,"poster":{"height":null,"src":null,"width":null},"provider":"YouTube","src":null}],"xl":null},"meta":{"description":null,"keywords":null},"parent_category":[{"id":"1596","value":"GÖZ ALTI KAPATICILARI"},{"id":"1592","value":"MAKYAJ"}],"product_badge":null,"product_id":"76702","product_title_tag":null,"product_type":"Shaded","product_url":"/product/1596/76702/makyaj/goz-alti-kapaticilari/even-better-concealer-goz-alt-kapatcs","reviews":{"average_rating":null,"number_of_questions":null,"number_of_reviews":null},"shade_groups":null,"short_description":"Her sürüşte cildine bakım yapan ilk kapatıcı. Eşitle. Sil. Kusursuzlaştır.","skin":{"concern":[{"key":"dark-spots-concern","value":"dark_spots_concern"},{"key":"unevenskintone-concern","value":"unevenskintone_concern"},{"key":"darkcircles-concern","value":"darkcircles_concern"}]},"skin_goal":null,"skus":{"total":29,"items":[{"color_family":null,"coverage_options":null,"cross_sell":null,"display_status":7,"finish":null,"finish_options":null,"fragrances":[{"family":null,"key":null,"value":null}],"iln_listing":null,"iln_version_number":null,"inventory_status":"Active","is_active":true,"is_coming_soon":null,"is_default_sku":false,"is_discountable":true,"is_displayable":null,"is_engravable":null,"is_fragrance":null,"is_giftable":null,"is_giftwrap":true,"is_inactive":null,"is_multi_shaded":null,"is_out_of_stock":null,"is_preorder":false,"is_preorderable":null,"is_promotional":null,"is_replenishable":true,"is_search_suppressed":null,"is_searchable":true,"is_shaded":null,"is_sized":null,"is_sold_out":null,"is_under_weight_hazmat":false,"is_vto_enabled":null,"life_of_product":"Basic Reorder","material_code":"KF54170000","media":{"large":[{"alt":"Even Better Concealer Göz Altı Kapatıcısı","height":1200,"position":1,"src":"/media/export/cms/products/1200x1500/cl_sku_KF5417_1200x1500_0.png","type":"image","width":1500}],"medium":[{"alt":"Even Better Concealer Göz Altı Kapatıcısı","height":600,"position":2,"src":"/media/export/cms/products/600x750/cl_sku_KF5417_600x750_0.png","type":"image","width":750}],"model":null,"poster":null,"small":[{"alt":"Even Better Concealer Göz Altı Kapatıcısı","height":1200,"position":3,"src":"/media/export/cms/products/1200x1500/cl_sku_KF5417_1200x1500_0.png","type":"image","width":1500}],"smoosh":[{"alt":"Even Better Concealer Göz Altı Kapatıcısı","height":1200,"position":0,"src":"/media/export/cms/products/1200x1500/swatches_v3/43_ns_ng.png","type":"image","width":1500}],"xl":null},"out_of_stock_threshold":null,"perlgem":{"SKU_BASE_ID":123461},"preorder_date":null,"prices":[{"currency":"TRY","exclude_tax":{"original_price":240,"original_price_formatted":"240.00 TL","price":240,"price_formatted":"240.00 TL","price_per_unit":null,"price_per_unit_formatted":""},"include_tax":{"original_price":240,"original_price_formatted":"240.00 TL","price":240,"price_formatted":"240.00 TL","price_per_unit":null,"price_per_unit_formatted":""},"is_discounted":false}],"purchase_limit":null,"replenishment":{"message":null},"reviews":{"average_rating":null,"number_of_questions":null,"number_of_reviews":null},"set_components":null,"shade_groups":null,"shades":[{"description":"","hex_val":"#d5a178","image":{"height":null,"src":"","width":null},"name":"CN 78 Nutty","smoosh_design":{"group_id":null,"name":"43::none::none"}}],"sizes":[{"key":1,"value":"6ml"}],"skin":{"tone":null,"type":null,"type_description":null},"sku_badge":null,"sku_badge_image":null,"sku_display_order":0,"sku_id":"KF5417","sku_promo_messaging":null,"sku_type":"SE","sku_url":null,"tags":{"total":2,"items":[{"id":"1596","key":"göz-alti-kapaticilari","value":"GÖZ ALTI KAPATICILARI"},{"id":"17859","key":"çok-satanlar","value":"ÇOK SATANLAR"}]},"texture":null,"undertone":null,"unit_of_measure":null,"unit_size":0,"unit_size_formatted":null,"upc":"020714969035","vto":{"is_color_experience":null,"is_foundation_experience":null}},{"color_family":null,"coverage_options":null,"cross_sell":null,"display_status":7,"finish":null,"finish_options":null,"fragrances":[{"family":null,"key":null,"value":null}],"iln_listing":null,"iln_version_number":null,"inventory_status":"Active","is_active":true,"is_coming_soon":null,"is_default_sku":false,"is_discountable":true,"is_displayable":null,"is_engravable":null,"is_fragrance":null,"is_giftable":null,"is_giftwrap":true,"is_inactive":null,"is_multi_shaded":null,"is_out_of_stock":null,"is_preorder":false,"is_preorderable":null,"is_promotional":null,"is_replenishable":true,"is_search_suppressed":null,"is_searchable":true,"is_shaded":null,"is_sized":null,"is_sold_out":null,"is_under_weight_hazmat":false,"is_vto_enabled":null,"life_of_product":"Basic Reorder","material_code":"KF54320000","media":{"large":[{"alt":"Even Better Concealer Göz Altı Kapatıcısı","height":1200,"position":1,"src":"/media/export/cms/products/1200x1500/cl_sku_KF5432_1200x1500_0.png","type":"image","width":1500}],"medium":[{"alt":"Even Better Concealer Göz Altı Kapatıcısı","height":600,"position":2,"src":"/media/export/cms/products/600x750/cl_sku_KF5432_600x750_0.png","type":"image","width":750}],"model":null,"poster":null,"small":[{"alt":"Even Better Concealer Göz Altı Kapatıcısı","height":1200,"position":3,"src":"/media/export/cms/products/1200x1500/cl_sku_KF5432_1200x1500_0.png","type":"image","width":1500}],"smoosh":[{"alt":"Even Better Concealer Göz Altı Kapatıcısı","height":1200,"position":0,"src":"/media/export/cms/products/1200x1500/swatches_v3/43_ns_ng.png","type":"image","width":1500}],"xl":null},"out_of_stock_threshold":null,"perlgem":{"SKU_BASE_ID":123467},"preorder_date":null,"prices":[{"currency":"TRY","exclude_tax":{"original_price":240,"original_price_formatted":"240.00 TL","price":240,"price_formatted":"240.00 TL","price_per_unit":null,"price_per_unit_formatted":""},"include_tax":{"original_price":240,"original_price_formatted":"240.00 TL","price":240,"price_formatted":"240.00 TL","price_per_unit":null,"price_per_unit_formatted":""},"is_discounted":false}],"purchase_limit":null,"replenishment":{"message":null},"reviews":{"average_rating":null,"number_of_questions":null,"number_of_reviews":null},"set_components":null,"shade_groups":null,"shades":[{"description":"","hex_val":"#b47653","image":{"height":null,"src":"","width":null},"name":"WN 120 Pecan","smoosh_design":{"group_id":null,"name":"43::none::none"}}],"sizes":[{"key":1,"value":"6ml"}],"skin":{"tone":null,"type":null,"type_description":null},"sku_badge":null,"sku_badge_image":null,"sku_display_order":0,"sku_id":"KF5432","sku_promo_messaging":null,"sku_type":"SE","sku_url":null,"tags":{"total":2,"items":[{"id":"1596","key":"göz-alti-kapaticilari","value":"GÖZ ALTI KAPATICILARI"},{"id":"17859","key":"çok-satanlar","value":"ÇOK SATANLAR"}]},"texture":null,"undertone":null,"unit_of_measure":null,"unit_size":0,"unit_size_formatted":null,"upc":"192333055311","vto":{"is_color_experience":null,"is_foundation_experience":null}},{"color_family":null,"coverage_options":null,"cross_sell":null,"display_status":7,"finish":null,"finish_options":null,"fragrances":[{"family":null,"key":null,"value":null}],"iln_listing":null,"iln_version_number":null,"inventory_status":"Active","is_active":true,"is_coming_soon":null,"is_default_sku":false,"is_discountable":true,"is_displayable":null,"is_engravable":null,"is_fragrance":null,"is_giftable":null,"is_giftwrap":true,"is_inactive":null,"is_multi_shaded":null,"is_out_of_stock":null,"is_preorder":false,"is_preorderable":null,"is_promotional":null,"is_replenishable":true,"is_search_suppressed":null,"is_searchable":true,"is_shaded":null,"is_sized":null,"is_sold_out":null,"is_under_weight_hazmat":false,"is_vto_enabled":null,"life_of_product":"Basic Reorder","material_code":"KF54330000","media":{"large":[{"alt":"Even Better Concealer Göz Altı Kapatıcısı","height":1200,"position":1,"src":"/media/export/cms/products/1200x1500/cl_sku_KF5433_1200x1500_0.png","type":"image","width":1500}],"medium":[{"alt":"Even Better Concealer Göz Altı Kapatıcısı","height":600,"position":2,"src":"/media/export/cms/products/600x750/cl_sku_KF5433_600x750_0.png","type":"image","width":750}],"model":null,"poster":null,"small":[{"alt":"Even Better Concealer Göz Altı Kapatıcısı","height":1200,"position":3,"src":"/media/export/cms/products/1200x1500/cl_sku_KF5433_1200x1500_0.png","type":"image","width":1500}],"smoosh":[{"alt":"Even Better Concealer Göz Altı Kapatıcısı","height":1200,"position":0,"src":"/media/export/cms/products/1200x1500/swatches_v3/43_ns_ng.png","type":"image","width":1500}],"xl":null},"out_of_stock_threshold":null,"perlgem":{"SKU_BASE_ID":123468},"preorder_date":null,"prices":[{"currency":"TRY","exclude_tax":{"original_price":240,"original_price_formatted":"240.00 TL","price":240,"price_formatted":"240.00 TL","price_per_unit":null,"price_per_unit_formatted":""},"include_tax":{"original_price":240,"original_price_formatted":"240.00 TL","price":240,"price_formatted":"240.00 TL","price_per_unit":null,"price_per_unit_formatted":""},"is_discounted":false}],"purchase_limit":null,"replenishment":{"message":null},"reviews":{"average_rating":null,"number_of_questions":null,"number_of_reviews":null},"set_components":null,"shade_groups":null,"shades":[{"description":"","hex_val":"#835b4a","image":{"height":null,"src":"","width":null},"name":"CN 126 Espresso","smoosh_design":{"group_id":null,"name":"43::none::none"}}],"sizes":[{"key":1,"value":"6ml"}],"skin":{"tone":null,"type":null,"type_description":null},"sku_badge":null,"sku_badge_image":null,"sku_display_order":0,"sku_id":"KF5433","sku_promo_messaging":null,"sku_type":"SE","sku_url":null,"tags":{"total":2,"items":[{"id":"1596","key":"göz-alti-kapaticilari","value":"GÖZ ALTI KAPATICILARI"},{"id":"17859","key":"çok-satanlar","value":"ÇOK SATANLAR"}]},"texture":null,"undertone":null,"unit_of_measure":null,"unit_size":0,"unit_size_formatted":null,"upc":"192333055328","vto":{"is_color_experience":null,"is_foundation_experience":null}},{"color_family":null,"coverage_options":null,"cross_sell":null,"display_status":7,"finish":null,"finish_options":null,"fragrances":[{"family":null,"key":null,"value":null}],"iln_listing":null,"iln_version_number":null,"inventory_status":"Active","is_active":true,"is_coming_soon":null,"is_default_sku":false,"is_discountable":true,"is_displayable":null,"is_engravable":null,"is_fragrance":null,"is_giftable":null,"is_giftwrap":true,"is_inactive":null,"is_multi_shaded":null,"is_out_of_stock":null,"is_preorder":false,"is_preorderable":null,"is_promotional":null,"is_replenishable":true,"is_search_suppressed":null,"is_searchable":true,"is_shaded":null,"is_sized":null,"is_sold_out":null,"is_under_weight_hazmat":false,"is_vto_enabled":null,"life_of_product":"Basic Reorder","material_code":"KF54260000","media":{"large":[{"alt":"Even Better Concealer Göz Altı Kapatıcısı","height":1200,"position":1,"src":"/media/export/cms/products/1200x1500/cl_sku_KF5426_1200x1500_0.png","type":"image","width":1500}],"medium":[{"alt":"Even Better Concealer Göz Altı Kapatıcısı","height":600,"position":2,"src":"/media/export/cms/products/600x750/cl_sku_KF5426_600x750_0.png","type":"image","width":750}],"model":null,"poster":null,"small":[{"alt":"Even Better Concealer Göz Altı Kapatıcısı","height":1200,"position":3,"src":"/media/export/cms/products/1200x1500/cl_sku_KF5426_1200x1500_0.png","type":"image","width":1500}],"smoosh":[{"alt":"Even Better Concealer Göz Altı Kapatıcısı","height":1200,"position":0,"src":"/media/export/cms/products/1200x1500/swatches_v3/43_ns_ng.png","type":"image","width":1500}],"xl":null},"out_of_stock_threshold":null,"perlgem":{"SKU_BASE_ID":123463},"preorder_date":null,"prices":[{"currency":"TRY","exclude_tax":{"original_price":240,"original_price_formatted":"240.00 TL","price":240,"price_formatted":"240.00 TL","price_per_unit":null,"price_per_unit_formatted":""},"include_tax":{"original_price":240,"original_price_formatted":"240.00 TL","price":240,"price_formatted":"240.00 TL","price_per_unit":null,"price_per_unit_formatted":""},"is_discounted":false}],"purchase_limit":null,"replenishment":{"message":null},"reviews":{"average_rating":null,"number_of_questions":null,"number_of_reviews":null},"set_components":null,"shade_groups":null,"shades":[{"description":"","hex_val":"#f3bd89","image":{"height":null,"src":"","width":null},"name":"WN 56 Cashew","smoosh_design":{"group_id":null,"name":"43::none::none"}}],"sizes":[{"key":1,"value":"6ml"}],"skin":{"tone":null,"type":null,"type_description":null},"sku_badge":null,"sku_badge_image":null,"sku_display_order":0,"sku_id":"KF5426","sku_promo_messaging":null,"sku_type":"SE","sku_url":null,"tags":{"total":2,"items":[{"id":"1596","key":"göz-alti-kapaticilari","value":"GÖZ ALTI KAPATICILARI"},{"id":"17859","key":"çok-satanlar","value":"ÇOK SATANLAR"}]},"texture":null,"undertone":null,"unit_of_measure":null,"unit_size":0,"unit_size_formatted":null,"upc":"192333055250","vto":{"is_color_experience":null,"is_foundation_experience":null}},{"color_family":null,"coverage_options":null,"cross_sell":null,"display_status":7,"finish":null,"finish_options":null,"fragrances":[{"family":null,"key":null,"value":null}],"iln_listing":null,"iln_version_number":null,"inventory_status":"Active","is_active":true,"is_coming_soon":null,"is_default_sku":false,"is_discountable":true,"is_displayable":null,"is_engravable":null,"is_fragrance":null,"is_giftable":null,"is_giftwrap":false,"is_inactive":null,"is_multi_shaded":null,"is_out_of_stock":null,"is_preorder":false,"is_preorderable":null,"is_promotional":null,"is_replenishable":false,"is_search_suppressed":null,"is_searchable":true,"is_shaded":null,"is_sized":null,"is_sold_out":null,"is_under_weight_hazmat":false,"is_vto_enabled":null,"life_of_product":"Limited life","material_code":"KF54190000","media":{"large":[{"alt":"Even Better Concealer Göz Altı Kapatıcısı","height":1200,"position":1,"src":"/media/export/cms/products/1200x1500/cl_sku_KF5419_1200x1500_0.png","type":"image","width":1500}],"medium":[{"alt":"Even Better Concealer Göz Altı Kapatıcısı","height":600,"position":2,"src":"/media/export/cms/products/600x750/cl_sku_KF5419_600x750_0.png","type":"image","width":750}],"model":null,"poster":null,"small":[{"alt":"Even Better Concealer Göz Altı Kapatıcısı","height":1200,"position":3,"src":"/media/export/cms/products/1200x1500/cl_sku_KF5419_1200x1500_0.png","type":"image","width":1500}],"smoosh":[{"alt":"Even Better Concealer Göz Altı Kapatıcısı","height":1200,"position":0,"src":"/media/export/cms/products/1200x1500/swatches_v3/43_ns_ng.png","type":"image","width":1500}],"xl":null},"out_of_stock_threshold":null,"perlgem":{"SKU_BASE_ID":123195},"preorder_date":null,"prices":[{"currency":"TRY","exclude_tax":{"original_price":240,"original_price_formatted":"240.00 TL","price":240,"price_formatted":"240.00 TL","price_per_unit":null,"price_per_unit_formatted":""},"include_tax":{"original_price":240,"original_price_formatted":"240.00 TL","price":240,"price_formatted":"240.00 TL","price_per_unit":null,"price_per_unit_formatted":""},"is_discounted":false}],"purchase_limit":null,"replenishment":{"message":null},"reviews":{"average_rating":null,"number_of_questions":null,"number_of_reviews":null},"set_components":null,"shade_groups":null,"shades":[{"description":"","hex_val":"#a8704e","image":{"height":null,"src":"","width":null},"name":"WN 122 Clove","smoosh_design":{"group_id":null,"name":"43::none::none"}}],"sizes":[{"key":1,"value":"6ml"}],"skin":{"tone":null,"type":null,"type_description":null},"sku_badge":null,"sku_badge_image":null,"sku_display_order":0,"sku_id":"KF5419","sku_promo_messaging":null,"sku_type":"SE","sku_url":null,"tags":{"total":3,"items":[{"id":"1596","key":"göz-alti-kapaticilari","value":"GÖZ ALTI KAPATICILARI"},{"id":"17859","key":"çok-satanlar","value":"ÇOK SATANLAR"},{"id":"1590","key":"i̇ndi̇ri̇mli̇-ürünler","value":"İNDİRİMLİ ÜRÜNLER"}]},"texture":null,"undertone":null,"unit_of_measure":null,"unit_size":null,"unit_size_formatted":null,"upc":"192333055182","vto":{"is_color_experience":null,"is_foundation_experience":null}},{"color_family":null,"coverage_options":null,"cross_sell":null,"display_status":7,"finish":null,"finish_options":null,"fragrances":[{"family":null,"key":null,"value":null}],"iln_listing":null,"iln_version_number":null,"inventory_status":"Sold Out","is_active":null,"is_coming_soon":null,"is_default_sku":false,"is_discountable":true,"is_displayable":null,"is_engravable":null,"is_fragrance":null,"is_giftable":null,"is_giftwrap":false,"is_inactive":null,"is_multi_shaded":null,"is_out_of_stock":null,"is_preorder":false,"is_preorderable":null,"is_promotional":null,"is_replenishable":false,"is_search_suppressed":null,"is_searchable":true,"is_shaded":null,"is_sized":null,"is_sold_out":true,"is_under_weight_hazmat":false,"is_vto_enabled":null,"life_of_product":"Limited life","material_code":"KF54470000","media":{"large":[{"alt":"Even Better Concealer Göz Altı Kapatıcısı","height":1200,"position":1,"src":"/media/export/cms/products/1200x1500/cl_sku_KF5447_1200x1500_0.png","type":"image","width":1500}],"medium":[{"alt":"Even Better Concealer Göz Altı Kapatıcısı","height":600,"position":2,"src":"/media/export/cms/products/600x750/cl_sku_KF5447_600x750_0.png","type":"image","width":750}],"model":null,"poster":null,"small":[{"alt":"Even Better Concealer Göz Altı Kapatıcısı","height":1200,"position":3,"src":"/media/export/cms/products/1200x1500/cl_sku_KF5447_1200x1500_0.png","type":"image","width":1500}],"smoosh":[{"alt":"Even Better Concealer Göz Altı Kapatıcısı","height":1200,"position":0,"src":"/media/export/cms/products/1200x1500/swatches_v3/43_ns_ng.png","type":"image","width":1500}],"xl":null},"out_of_stock_threshold":null,"perlgem":{"SKU_BASE_ID":123204},"preorder_date":null,"prices":[{"currency":"TRY","exclude_tax":{"original_price":240,"original_price_formatted":"240.00 TL","price":240,"price_formatted":"240.00 TL","price_per_unit":null,"price_per_unit_formatted":""},"include_tax":{"original_price":240,"original_price_formatted":"240.00 TL","price":240,"price_formatted":"240.00 TL","price_per_unit":null,"price_per_unit_formatted":""},"is_discounted":false}],"purchase_limit":null,"replenishment":{"message":null},"reviews":{"average_rating":null,"number_of_questions":null,"number_of_reviews":null},"set_components":null,"shade_groups":null,"shades":[{"description":"","hex_val":"#edba94","image":{"height":null,"src":"","width":null},"name":"WN 30 Biscuit","smoosh_design":{"group_id":null,"name":"43::none::none"}}],"sizes":[{"key":1,"value":null}],"skin":{"tone":null,"type":null,"type_description":null},"sku_badge":null,"sku_badge_image":null,"sku_display_order":0,"sku_id":"KF5447","sku_promo_messaging":null,"sku_type":"SE","sku_url":null,"tags":{"total":2,"items":[{"id":"1596","key":"göz-alti-kapaticilari","value":"GÖZ ALTI KAPATICILARI"},{"id":"17859","key":"çok-satanlar","value":"ÇOK SATANLAR"}]},"texture":null,"undertone":null,"unit_of_measure":null,"unit_size":null,"unit_size_formatted":null,"upc":"192333055465","vto":{"is_color_experience":null,"is_foundation_experience":null}},{"color_family":null,"coverage_options":null,"cross_sell":null,"display_status":7,"finish":null,"finish_options":null,"fragrances":[{"family":null,"key":null,"value":null}],"iln_listing":null,"iln_version_number":null,"inventory_status":"Active","is_active":true,"is_coming_soon":null,"is_default_sku":false,"is_discountable":true,"is_displayable":null,"is_engravable":null,"is_fragrance":null,"is_giftable":null,"is_giftwrap":false,"is_inactive":null,"is_multi_shaded":null,"is_out_of_stock":null,"is_preorder":false,"is_preorderable":null,"is_promotional":null,"is_replenishable":false,"is_search_suppressed":null,"is_searchable":true,"is_shaded":null,"is_sized":null,"is_sold_out":null,"is_under_weight_hazmat":false,"is_vto_enabled":null,"life_of_product":"Limited life","material_code":"KF54420000","media":{"large":[{"alt":"Even Better Concealer Göz Altı Kapatıcısı","height":1200,"position":1,"src":"/media/export/cms/products/1200x1500/cl_sku_KF5442_1200x1500_0.png","type":"image","width":1500}],"medium":[{"alt":"Even Better Concealer Göz Altı Kapatıcısı","height":600,"position":2,"src":"/media/export/cms/products/600x750/cl_sku_KF5442_600x750_0.png","type":"image","width":750}],"model":null,"poster":null,"small":[{"alt":"Even Better Concealer Göz Altı Kapatıcısı","height":1200,"position":3,"src":"/media/export/cms/products/1200x1500/cl_sku_KF5442_1200x1500_0.png","type":"image","width":1500}],"smoosh":[{"alt":"Even Better Concealer Göz Altı Kapatıcısı","height":1200,"position":0,"src":"/media/export/cms/products/1200x1500/swatches_v3/43_ns_ng.png","type":"image","width":1500}],"xl":null},"out_of_stock_threshold":null,"perlgem":{"SKU_BASE_ID":123201},"preorder_date":null,"prices":[{"currency":"TRY","exclude_tax":{"original_price":240,"original_price_formatted":"240.00 TL","price":240,"price_formatted":"240.00 TL","price_per_unit":null,"price_per_unit_formatted":""},"include_tax":{"original_price":240,"original_price_formatted":"240.00 TL","price":240,"price_formatted":"240.00 TL","price_per_unit":null,"price_per_unit_formatted":""},"is_discounted":false}],"purchase_limit":null,"replenishment":{"message":null},"reviews":{"average_rating":null,"number_of_questions":null,"number_of_reviews":null},"set_components":null,"shade_groups":null,"shades":[{"description":"","hex_val":"#f3d6c5","image":{"height":null,"src":"","width":null},"name":"CN 02 Breeze","smoosh_design":{"group_id":null,"name":"43::none::none"}}],"sizes":[{"key":1,"value":null}],"skin":{"tone":null,"type":null,"type_description":null},"sku_badge":null,"sku_badge_image":null,"sku_display_order":0,"sku_id":"KF5442","sku_promo_messaging":null,"sku_type":"SE","sku_url":null,"tags":{"total":3,"items":[{"id":"1596","key":"göz-alti-kapaticilari","value":"GÖZ ALTI KAPATICILARI"},{"id":"17859","key":"çok-satanlar","value":"ÇOK SATANLAR"},{"id":"1590","key":"i̇ndi̇ri̇mli̇-ürünler","value":"İNDİRİMLİ ÜRÜNLER"}]},"texture":null,"undertone":null,"unit_of_measure":null,"unit_size":null,"unit_size_formatted":null,"upc":"192333055410","vto":{"is_color_experience":null,"is_foundation_experience":null}},{"color_family":null,"coverage_options":null,"cross_sell":null,"display_status":7,"finish":null,"finish_options":null,"fragrances":[{"family":null,"key":null,"value":null}],"iln_listing":null,"iln_version_number":null,"inventory_status":"Active","is_active":true,"is_coming_soon":null,"is_default_sku":false,"is_discountable":true,"is_displayable":null,"is_engravable":null,"is_fragrance":null,"is_giftable":null,"is_giftwrap":false,"is_inactive":null,"is_multi_shaded":null,"is_out_of_stock":null,"is_preorder":false,"is_preorderable":null,"is_promotional":null,"is_replenishable":false,"is_search_suppressed":null,"is_searchable":true,"is_shaded":null,"is_sized":null,"is_sold_out":null,"is_under_weight_hazmat":false,"is_vto_enabled":null,"life_of_product":"Limited life","material_code":"KF54090000","media":{"large":[{"alt":"Even Better Concealer Göz Altı Kapatıcısı","height":1200,"position":1,"src":"/media/export/cms/products/1200x1500/cl_sku_KF5409_1200x1500_0.png","type":"image","width":1500}],"medium":[{"alt":"Even Better Concealer Göz Altı Kapatıcısı","height":600,"position":2,"src":"/media/export/cms/products/600x750/cl_sku_KF5409_600x750_0.png","type":"image","width":750}],"model":null,"poster":null,"small":[{"alt":"Even Better Concealer Göz Altı Kapatıcısı","height":1200,"position":3,"src":"/media/export/cms/products/1200x1500/cl_sku_KF5409_1200x1500_0.png","type":"image","width":1500}],"smoosh":[{"alt":"Even Better Concealer Göz Altı Kapatıcısı","height":1200,"position":0,"src":"/media/export/cms/products/1200x1500/swatches_v3/43_ns_ng.png","type":"image","width":1500}],"xl":null},"out_of_stock_threshold":null,"perlgem":{"SKU_BASE_ID":123188},"preorder_date":null,"prices":[{"currency":"TRY","exclude_tax":{"original_price":240,"original_price_formatted":"240.00 TL","price":240,"price_formatted":"240.00 TL","price_per_unit":null,"price_per_unit_formatted":""},"include_tax":{"original_price":240,"original_price_formatted":"240.00 TL","price":240,"price_formatted":"240.00 TL","price_per_unit":null,"price_per_unit_formatted":""},"is_discounted":false}],"purchase_limit":null,"replenishment":{"message":null},"reviews":{"average_rating":null,"number_of_questions":null,"number_of_reviews":null},"set_components":null,"shade_groups":null,"shades":[{"description":"","hex_val":"#d2a983","image":{"height":null,"src":"","width":null},"name":"CN 90 Sand","smoosh_design":{"group_id":null,"name":"43::none::none"}}],"sizes":[{"key":1,"value":"6ml"}],"skin":{"tone":null,"type":null,"type_description":null},"sku_badge":null,"sku_badge_image":null,"sku_display_order":0,"sku_id":"KF5409","sku_promo_messaging":null,"sku_type":"SE","sku_url":null,"tags":{"total":3,"items":[{"id":"1596","key":"göz-alti-kapaticilari","value":"GÖZ ALTI KAPATICILARI"},{"id":"17859","key":"çok-satanlar","value":"ÇOK SATANLAR"},{"id":"1590","key":"i̇ndi̇ri̇mli̇-ürünler","value":"İNDİRİMLİ ÜRÜNLER"}]},"texture":null,"undertone":null,"unit_of_measure":null,"unit_size":null,"unit_size_formatted":null,"upc":"020714968953","vto":{"is_color_experience":null,"is_foundation_experience":null}},{"color_family":null,"coverage_options":null,"cross_sell":null,"display_status":7,"finish":null,"finish_options":null,"fragrances":[{"family":null,"key":null,"value":null}],"iln_listing":null,"iln_version_number":null,"inventory_status":"Active","is_active":true,"is_coming_soon":null,"is_default_sku":false,"is_discountable":true,"is_displayable":null,"is_engravable":null,"is_fragrance":null,"is_giftable":null,"is_giftwrap":true,"is_inactive":null,"is_multi_shaded":null,"is_out_of_stock":null,"is_preorder":false,"is_preorderable":null,"is_promotional":null,"is_replenishable":true,"is_search_suppressed":null,"is_searchable":true,"is_shaded":null,"is_sized":null,"is_sold_out":null,"is_under_weight_hazmat":false,"is_vto_enabled":null,"life_of_product":"Basic Reorder","material_code":"KF54030000","media":{"large":[{"alt":"Even Better Concealer Göz Altı Kapatıcısı","height":1200,"position":1,"src":"/media/export/cms/products/1200x1500/cl_sku_KF5403_1200x1500_0.png","type":"image","width":1500}],"medium":[{"alt":"Even Better Concealer Göz Altı Kapatıcısı","height":600,"position":2,"src":"/media/export/cms/products/600x750/cl_sku_KF5403_600x750_0.png","type":"image","width":750}],"model":null,"poster":null,"small":[{"alt":"Even Better Concealer Göz Altı Kapatıcısı","height":1200,"position":3,"src":"/media/export/cms/products/1200x1500/cl_sku_KF5403_1200x1500_0.png","type":"image","width":1500}],"smoosh":[{"alt":"Even Better Concealer Göz Altı Kapatıcısı","height":1200,"position":0,"src":"/media/export/cms/products/1200x1500/swatches_v3/43_ns_ng.png","type":"image","width":1500}],"xl":null},"out_of_stock_threshold":null,"perlgem":{"SKU_BASE_ID":121553},"preorder_date":null,"prices":[{"currency":"TRY","exclude_tax":{"original_price":240,"original_price_formatted":"240.00 TL","price":240,"price_formatted":"240.00 TL","price_per_unit":null,"price_per_unit_formatted":""},"include_tax":{"original_price":240,"original_price_formatted":"240.00 TL","price":240,"price_formatted":"240.00 TL","price_per_unit":null,"price_per_unit_formatted":""},"is_discounted":false}],"purchase_limit":null,"replenishment":{"message":null},"reviews":{"average_rating":null,"number_of_questions":null,"number_of_reviews":null},"set_components":null,"shade_groups":null,"shades":[{"description":"","hex_val":"#ebc5ac","image":{"height":null,"src":"","width":null},"name":"CN 28 Ivory","smoosh_design":{"group_id":null,"name":"43::none::none"}}],"sizes":[{"key":1,"value":"6ml"}],"skin":{"tone":null,"type":null,"type_description":null},"sku_badge":null,"sku_badge_image":null,"sku_display_order":0,"sku_id":"KF5403","sku_promo_messaging":null,"sku_type":"SE","sku_url":null,"tags":{"total":2,"items":[{"id":"1596","key":"göz-alti-kapaticilari","value":"GÖZ ALTI KAPATICILARI"},{"id":"1590","key":"i̇ndi̇ri̇mli̇-ürünler","value":"İNDİRİMLİ ÜRÜNLER"}]},"texture":null,"undertone":null,"unit_of_measure":null,"unit_size":null,"unit_size_formatted":null,"upc":"020714968892","vto":{"is_color_experience":null,"is_foundation_experience":null}},{"color_family":null,"coverage_options":null,"cross_sell":null,"display_status":7,"finish":null,"finish_options":null,"fragrances":[{"family":null,"key":null,"value":null}],"iln_listing":null,"iln_version_number":null,"inventory_status":"Active","is_active":true,"is_coming_soon":null,"is_default_sku":false,"is_discountable":false,"is_displayable":null,"is_engravable":null,"is_fragrance":null,"is_giftable":null,"is_giftwrap":false,"is_inactive":null,"is_multi_shaded":null,"is_out_of_stock":null,"is_preorder":false,"is_preorderable":null,"is_promotional":null,"is_replenishable":false,"is_search_suppressed":null,"is_searchable":true,"is_shaded":null,"is_sized":null,"is_sold_out":null,"is_under_weight_hazmat":false,"is_vto_enabled":null,"life_of_product":"Limited life","material_code":"KF54250000","media":{"large":[{"alt":"Even Better Concealer Göz Altı Kapatıcısı","height":1200,"position":1,"src":"/media/export/cms/products/1200x1500/cl_sku_KF5425_1200x1500_0.png","type":"image","width":1500}],"medium":[{"alt":"Even Better Concealer Göz Altı Kapatıcısı","height":600,"position":2,"src":"/media/export/cms/products/600x750/cl_sku_KF5425_600x750_0.png","type":"image","width":750}],"model":null,"poster":null,"small":[{"alt":"Even Better Concealer Göz Altı Kapatıcısı","height":1200,"position":3,"src":"/media/export/cms/products/1200x1500/cl_sku_KF5425_1200x1500_0.png","type":"image","width":1500}],"smoosh":[{"alt":"Even Better Concealer Göz Altı Kapatıcısı","height":1200,"position":0,"src":"/media/export/cms/products/1200x1500/swatches_v3/43_ns_ng.png","type":"image","width":1500}],"xl":null},"out_of_stock_threshold":null,"perlgem":{"SKU_BASE_ID":123197},"preorder_date":null,"prices":[{"currency":"TRY","exclude_tax":{"original_price":240,"original_price_formatted":"240.00 TL","price":240,"price_formatted":"240.00 TL","price_per_unit":null,"price_per_unit_formatted":""},"include_tax":{"original_price":240,"original_price_formatted":"240.00 TL","price":240,"price_formatted":"240.00 TL","price_per_unit":null,"price_per_unit_formatted":""},"is_discounted":false}],"purchase_limit":null,"replenishment":{"message":null},"reviews":{"average_rating":null,"number_of_questions":null,"number_of_reviews":null},"set_components":null,"shade_groups":null,"shades":[{"description":"","hex_val":"#fbd7a9","image":{"height":null,"src":"","width":null},"name":"WN 16 Buff","smoosh_design":{"group_id":null,"name":"43::none::none"}}],"sizes":[{"key":1,"value":null}],"skin":{"tone":null,"type":null,"type_description":null},"sku_badge":null,"sku_badge_image":null,"sku_display_order":0,"sku_id":"KF5425","sku_promo_messaging":null,"sku_type":"SE","sku_url":null,"tags":{"total":2,"items":[{"id":"1596","key":"göz-alti-kapaticilari","value":"GÖZ ALTI KAPATICILARI"},{"id":"1590","key":"i̇ndi̇ri̇mli̇-ürünler","value":"İNDİRİMLİ ÜRÜNLER"}]},"texture":null,"undertone":null,"unit_of_measure":null,"unit_size":null,"unit_size_formatted":null,"upc":"192333055243","vto":{"is_color_experience":null,"is_foundation_experience":null}},{"color_family":null,"coverage_options":null,"cross_sell":null,"display_status":7,"finish":null,"finish_options":null,"fragrances":[{"family":null,"key":null,"value":null}],"iln_listing":null,"iln_version_number":null,"inventory_status":"Active","is_active":true,"is_coming_soon":null,"is_default_sku":false,"is_discountable":true,"is_displayable":null,"is_engravable":null,"is_fragrance":null,"is_giftable":null,"is_giftwrap":false,"is_inactive":null,"is_multi_shaded":null,"is_out_of_stock":null,"is_preorder":false,"is_preorderable":null,"is_promotional":null,"is_replenishable":false,"is_search_suppressed":null,"is_searchable":true,"is_shaded":null,"is_sized":null,"is_sold_out":null,"is_under_weight_hazmat":false,"is_vto_enabled":null,"life_of_product":"Limited life","material_code":"KF54240000","media":{"large":[{"alt":"Even Better Concealer Göz Altı Kapatıcısı","height":1200,"position":1,"src":"/media/export/cms/products/1200x1500/cl_sku_KF5424_1200x1500_0.png","type":"image","width":1500}],"medium":[{"alt":"Even Better Concealer Göz Altı Kapatıcısı","height":600,"position":2,"src":"/media/export/cms/products/600x750/cl_sku_KF5424_600x750_0.png","type":"image","width":750}],"model":null,"poster":null,"small":[{"alt":"Even Better Concealer Göz Altı Kapatıcısı","height":1200,"position":3,"src":"/media/export/cms/products/1200x1500/cl_sku_KF5424_1200x1500_0.png","type":"image","width":1500}],"smoosh":[{"alt":"Even Better Concealer Göz Altı Kapatıcısı","height":1200,"position":0,"src":"/media/export/cms/products/1200x1500/swatches_v3/43_ns_ng.png","type":"image","width":1500}],"xl":null},"out_of_stock_threshold":null,"perlgem":{"SKU_BASE_ID":123196},"preorder_date":null,"prices":[{"currency":"TRY","exclude_tax":{"original_price":240,"original_price_formatted":"240.00 TL","price":240,"price_formatted":"240.00 TL","price_per_unit":null,"price_per_unit_formatted":""},"include_tax":{"original_price":240,"original_price_formatted":"240.00 TL","price":240,"price_formatted":"240.00 TL","price_per_unit":null,"price_per_unit_formatted":""},"is_discounted":false}],"purchase_limit":null,"replenishment":{"message":null},"reviews":{"average_rating":null,"number_of_questions":null,"number_of_reviews":null},"set_components":null,"shade_groups":null,"shades":[{"description":"","hex_val":"#fad3a7","image":{"height":null,"src":"","width":null},"name":"CN 08 Linen","smoosh_design":{"group_id":null,"name":"43::none::none"}}],"sizes":[{"key":1,"value":null}],"skin":{"tone":null,"type":null,"type_description":null},"sku_badge":null,"sku_badge_image":null,"sku_display_order":0,"sku_id":"KF5424","sku_promo_messaging":null,"sku_type":"SE","sku_url":null,"tags":{"total":3,"items":[{"id":"1596","key":"göz-alti-kapaticilari","value":"GÖZ ALTI KAPATICILARI"},{"id":"17859","key":"çok-satanlar","value":"ÇOK SATANLAR"},{"id":"1590","key":"i̇ndi̇ri̇mli̇-ürünler","value":"İNDİRİMLİ ÜRÜNLER"}]},"texture":null,"undertone":null,"unit_of_measure":null,"unit_size":null,"unit_size_formatted":null,"upc":"192333055236","vto":{"is_color_experience":null,"is_foundation_experience":null}},{"color_family":null,"coverage_options":null,"cross_sell":null,"display_status":7,"finish":null,"finish_options":null,"fragrances":[{"family":null,"key":null,"value":null}],"iln_listing":null,"iln_version_number":null,"inventory_status":"Active","is_active":true,"is_coming_soon":null,"is_default_sku":false,"is_discountable":true,"is_displayable":null,"is_engravable":null,"is_fragrance":null,"is_giftable":null,"is_giftwrap":false,"is_inactive":null,"is_multi_shaded":null,"is_out_of_stock":null,"is_preorder":false,"is_preorderable":null,"is_promotional":null,"is_replenishable":false,"is_search_suppressed":null,"is_searchable":true,"is_shaded":null,"is_sized":null,"is_sold_out":null,"is_under_weight_hazmat":false,"is_vto_enabled":null,"life_of_product":"Limited life","material_code":"KF54060000","media":{"large":[{"alt":"Even Better Concealer Göz Altı Kapatıcısı","height":1200,"position":1,"src":"/media/export/cms/products/1200x1500/cl_sku_KF5406_1200x1500_0.png","type":"image","width":1500}],"medium":[{"alt":"Even Better Concealer Göz Altı Kapatıcısı","height":600,"position":2,"src":"/media/export/cms/products/600x750/cl_sku_KF5406_600x750_0.png","type":"image","width":750}],"model":null,"poster":null,"small":[{"alt":"Even Better Concealer Göz Altı Kapatıcısı","height":1200,"position":3,"src":"/media/export/cms/products/1200x1500/cl_sku_KF5406_1200x1500_0.png","type":"image","width":1500}],"smoosh":[{"alt":"Even Better Concealer Göz Altı Kapatıcısı","height":1200,"position":0,"src":"/media/export/cms/products/1200x1500/swatches_v3/43_ns_ng.png","type":"image","width":1500}],"xl":null},"out_of_stock_threshold":null,"perlgem":{"SKU_BASE_ID":123186},"preorder_date":null,"prices":[{"currency":"TRY","exclude_tax":{"original_price":240,"original_price_formatted":"240.00 TL","price":240,"price_formatted":"240.00 TL","price_per_unit":null,"price_per_unit_formatted":""},"include_tax":{"original_price":240,"original_price_formatted":"240.00 TL","price":240,"price_formatted":"240.00 TL","price_per_unit":null,"price_per_unit_formatted":""},"is_discounted":false}],"purchase_limit":null,"replenishment":{"message":null},"reviews":{"average_rating":null,"number_of_questions":null,"number_of_reviews":null},"set_components":null,"shade_groups":null,"shades":[{"description":"","hex_val":"#dcac84","image":{"height":null,"src":"","width":null},"name":"CN 58 Honey","smoosh_design":{"group_id":null,"name":"43::none::none"}}],"sizes":[{"key":1,"value":"6ml"}],"skin":{"tone":null,"type":null,"type_description":null},"sku_badge":null,"sku_badge_image":null,"sku_display_order":0,"sku_id":"KF5406","sku_promo_messaging":null,"sku_type":"SE","sku_url":null,"tags":{"total":3,"items":[{"id":"1596","key":"göz-alti-kapaticilari","value":"GÖZ ALTI KAPATICILARI"},{"id":"17859","key":"çok-satanlar","value":"ÇOK SATANLAR"},{"id":"1590","key":"i̇ndi̇ri̇mli̇-ürünler","value":"İNDİRİMLİ ÜRÜNLER"}]},"texture":null,"undertone":null,"unit_of_measure":null,"unit_size":null,"unit_size_formatted":null,"upc":"020714968922","vto":{"is_color_experience":null,"is_foundation_experience":null}},{"color_family":null,"coverage_options":null,"cross_sell":null,"display_status":7,"finish":null,"finish_options":null,"fragrances":[{"family":null,"key":null,"value":null}],"iln_listing":null,"iln_version_number":null,"inventory_status":"Active","is_active":true,"is_coming_soon":null,"is_default_sku":false,"is_discountable":true,"is_displayable":null,"is_engravable":null,"is_fragrance":null,"is_giftable":null,"is_giftwrap":true,"is_inactive":null,"is_multi_shaded":null,"is_out_of_stock":null,"is_preorder":false,"is_preorderable":null,"is_promotional":null,"is_replenishable":true,"is_search_suppressed":null,"is_searchable":true,"is_shaded":null,"is_sized":null,"is_sold_out":null,"is_under_weight_hazmat":false,"is_vto_enabled":null,"life_of_product":"Basic Reorder","material_code":"KF54070000","media":{"large":[{"alt":"Even Better Concealer Göz Altı Kapatıcısı","height":1200,"position":1,"src":"/media/export/cms/products/1200x1500/cl_sku_KF5407_1200x1500_0.png","type":"image","width":1500}],"medium":[{"alt":"Even Better Concealer Göz Altı Kapatıcısı","height":600,"position":2,"src":"/media/export/cms/products/600x750/cl_sku_KF5407_600x750_0.png","type":"image","width":750}],"model":null,"poster":null,"small":[{"alt":"Even Better Concealer Göz Altı Kapatıcısı","height":1200,"position":3,"src":"/media/export/cms/products/1200x1500/cl_sku_KF5407_1200x1500_0.png","type":"image","width":1500}],"smoosh":[{"alt":"Even Better Concealer Göz Altı Kapatıcısı","height":1200,"position":0,"src":"/media/export/cms/products/1200x1500/swatches_v3/43_ns_ng.png","type":"image","width":1500}],"xl":null},"out_of_stock_threshold":null,"perlgem":{"SKU_BASE_ID":123458},"preorder_date":null,"prices":[{"currency":"TRY","exclude_tax":{"original_price":240,"original_price_formatted":"240.00 TL","price":240,"price_formatted":"240.00 TL","price_per_unit":null,"price_per_unit_formatted":""},"include_tax":{"original_price":240,"original_price_formatted":"240.00 TL","price":240,"price_formatted":"240.00 TL","price_per_unit":null,"price_per_unit_formatted":""},"is_discounted":false}],"purchase_limit":null,"replenishment":{"message":null},"reviews":{"average_rating":null,"number_of_questions":null,"number_of_reviews":null},"set_components":null,"shade_groups":null,"shades":[{"description":"","hex_val":"#dfb18f","image":{"height":null,"src":"","width":null},"name":"CN 70 Vanilla","smoosh_design":{"group_id":null,"name":"43::none::none"}}],"sizes":[{"key":1,"value":"6ml"}],"skin":{"tone":null,"type":null,"type_description":null},"sku_badge":null,"sku_badge_image":null,"sku_display_order":0,"sku_id":"KF5407","sku_promo_messaging":null,"sku_type":"SE","sku_url":null,"tags":{"total":3,"items":[{"id":"1596","key":"göz-alti-kapaticilari","value":"GÖZ ALTI KAPATICILARI"},{"id":"17859","key":"çok-satanlar","value":"ÇOK SATANLAR"},{"id":"1590","key":"i̇ndi̇ri̇mli̇-ürünler","value":"İNDİRİMLİ ÜRÜNLER"}]},"texture":null,"undertone":null,"unit_of_measure":null,"unit_size":0,"unit_size_formatted":null,"upc":"020714968939","vto":{"is_color_experience":null,"is_foundation_experience":null}},{"color_family":null,"coverage_options":null,"cross_sell":null,"display_status":7,"finish":null,"finish_options":null,"fragrances":[{"family":null,"key":null,"value":null}],"iln_listing":null,"iln_version_number":null,"inventory_status":"Sold Out","is_active":null,"is_coming_soon":null,"is_default_sku":false,"is_discountable":true,"is_displayable":null,"is_engravable":null,"is_fragrance":null,"is_giftable":null,"is_giftwrap":false,"is_inactive":null,"is_multi_shaded":null,"is_out_of_stock":null,"is_preorder":false,"is_preorderable":null,"is_promotional":null,"is_replenishable":false,"is_search_suppressed":null,"is_searchable":true,"is_shaded":null,"is_sized":null,"is_sold_out":true,"is_under_weight_hazmat":false,"is_vto_enabled":null,"life_of_product":"Limited life","material_code":"KF54160000","media":{"large":[{"alt":"Even Better Concealer Göz Altı Kapatıcısı","height":1200,"position":1,"src":"/media/export/cms/products/1200x1500/cl_sku_KF5416_1200x1500_0.png","type":"image","width":1500}],"medium":[{"alt":"Even Better Concealer Göz Altı Kapatıcısı","height":600,"position":2,"src":"/media/export/cms/products/600x750/cl_sku_KF5416_600x750_0.png","type":"image","width":750}],"model":null,"poster":null,"small":[{"alt":"Even Better Concealer Göz Altı Kapatıcısı","height":1200,"position":3,"src":"/media/export/cms/products/1200x1500/cl_sku_KF5416_1200x1500_0.png","type":"image","width":1500}],"smoosh":[{"alt":"Even Better Concealer Göz Altı Kapatıcısı","height":1200,"position":0,"src":"/media/export/cms/products/1200x1500/swatches_v3/43_ns_ng.png","type":"image","width":1500}],"xl":null},"out_of_stock_threshold":null,"perlgem":{"SKU_BASE_ID":123193},"preorder_date":null,"prices":[{"currency":"TRY","exclude_tax":{"original_price":240,"original_price_formatted":"240.00 TL","price":240,"price_formatted":"240.00 TL","price_per_unit":null,"price_per_unit_formatted":""},"include_tax":{"original_price":240,"original_price_formatted":"240.00 TL","price":240,"price_formatted":"240.00 TL","price_per_unit":null,"price_per_unit_formatted":""},"is_discounted":false}],"purchase_limit":null,"replenishment":{"message":null},"reviews":{"average_rating":null,"number_of_questions":null,"number_of_reviews":null},"set_components":null,"shade_groups":null,"shades":[{"description":"","hex_val":"#eabe92","image":{"height":null,"src":"","width":null},"name":"WN 46 Golden Neutral","smoosh_design":{"group_id":null,"name":"43::none::none"}}],"sizes":[{"key":1,"value":"6ml"}],"skin":{"tone":null,"type":null,"type_description":null},"sku_badge":null,"sku_badge_image":null,"sku_display_order":0,"sku_id":"KF5416","sku_promo_messaging":null,"sku_type":"SE","sku_url":null,"tags":{"total":2,"items":[{"id":"1596","key":"göz-alti-kapaticilari","value":"GÖZ ALTI KAPATICILARI"},{"id":"17859","key":"çok-satanlar","value":"ÇOK SATANLAR"}]},"texture":null,"undertone":null,"unit_of_measure":null,"unit_size":null,"unit_size_formatted":null,"upc":"020714969028","vto":{"is_color_experience":null,"is_foundation_experience":null}},{"color_family":null,"coverage_options":null,"cross_sell":null,"display_status":7,"finish":null,"finish_options":null,"fragrances":[{"family":null,"key":null,"value":null}],"iln_listing":null,"iln_version_number":null,"inventory_status":"Active","is_active":true,"is_coming_soon":null,"is_default_sku":false,"is_discountable":true,"is_displayable":null,"is_engravable":null,"is_fragrance":null,"is_giftable":null,"is_giftwrap":true,"is_inactive":null,"is_multi_shaded":null,"is_out_of_stock":null,"is_preorder":false,"is_preorderable":null,"is_promotional":null,"is_replenishable":true,"is_search_suppressed":null,"is_searchable":true,"is_shaded":null,"is_sized":null,"is_sold_out":null,"is_under_weight_hazmat":false,"is_vto_enabled":null,"life_of_product":"Basic Reorder","material_code":"KF54510000","media":{"large":[{"alt":"Even Better Concealer Göz Altı Kapatıcısı","height":1200,"position":1,"src":"/media/export/cms/products/1200x1500/cl_sku_KF5451_1200x1500_0.png","type":"image","width":1500}],"medium":[{"alt":"Even Better Concealer Göz Altı Kapatıcısı","height":600,"position":2,"src":"/media/export/cms/products/600x750/cl_sku_KF5451_600x750_0.png","type":"image","width":750}],"model":null,"poster":null,"small":[{"alt":"Even Better Concealer Göz Altı Kapatıcısı","height":1200,"position":3,"src":"/media/export/cms/products/1200x1500/cl_sku_KF5451_1200x1500_0.png","type":"image","width":1500}],"smoosh":[{"alt":"Even Better Concealer Göz Altı Kapatıcısı","height":1200,"position":0,"src":"/media/export/cms/products/1200x1500/swatches_v3/43_ns_ng.png","type":"image","width":1500}],"xl":null},"out_of_stock_threshold":null,"perlgem":{"SKU_BASE_ID":123469},"preorder_date":null,"prices":[{"currency":"TRY","exclude_tax":{"original_price":240,"original_price_formatted":"240.00 TL","price":240,"price_formatted":"240.00 TL","price_per_unit":null,"price_per_unit_formatted":""},"include_tax":{"original_price":240,"original_price_formatted":"240.00 TL","price":240,"price_formatted":"240.00 TL","price_per_unit":null,"price_per_unit_formatted":""},"is_discounted":false}],"purchase_limit":null,"replenishment":{"message":null},"reviews":{"average_rating":null,"number_of_questions":null,"number_of_reviews":null},"set_components":null,"shade_groups":null,"shades":[{"description":"","hex_val":"#e6b585","image":{"height":null,"src":"","width":null},"name":"WN 54 Honey Wheat","smoosh_design":{"group_id":null,"name":"43::none::none"}}],"sizes":[{"key":1,"value":"6ml"}],"skin":{"tone":null,"type":null,"type_description":null},"sku_badge":null,"sku_badge_image":null,"sku_display_order":0,"sku_id":"KF5451","sku_promo_messaging":null,"sku_type":"SE","sku_url":null,"tags":{"total":2,"items":[{"id":"1596","key":"göz-alti-kapaticilari","value":"GÖZ ALTI KAPATICILARI"},{"id":"17859","key":"çok-satanlar","value":"ÇOK SATANLAR"}]},"texture":null,"undertone":null,"unit_of_measure":null,"unit_size":0,"unit_size_formatted":null,"upc":"192333055502","vto":{"is_color_experience":null,"is_foundation_experience":null}},{"color_family":null,"coverage_options":null,"cross_sell":null,"display_status":7,"finish":null,"finish_options":null,"fragrances":[{"family":null,"key":null,"value":null}],"iln_listing":null,"iln_version_number":null,"inventory_status":"Active","is_active":true,"is_coming_soon":null,"is_default_sku":false,"is_discountable":true,"is_displayable":null,"is_engravable":null,"is_fragrance":null,"is_giftable":null,"is_giftwrap":false,"is_inactive":null,"is_multi_shaded":null,"is_out_of_stock":null,"is_preorder":false,"is_preorderable":null,"is_promotional":null,"is_replenishable":false,"is_search_suppressed":null,"is_searchable":true,"is_shaded":null,"is_sized":null,"is_sold_out":null,"is_under_weight_hazmat":false,"is_vto_enabled":null,"life_of_product":"Limited life","material_code":"KF54140000","media":{"large":[{"alt":"Even Better Concealer Göz Altı Kapatıcısı","height":1200,"position":1,"src":"/media/export/cms/products/1200x1500/cl_sku_KF5414_1200x1500_0.png","type":"image","width":1500}],"medium":[{"alt":"Even Better Concealer Göz Altı Kapatıcısı","height":600,"position":2,"src":"/media/export/cms/products/600x750/cl_sku_KF5414_600x750_0.png","type":"image","width":750}],"model":null,"poster":null,"small":[{"alt":"Even Better Concealer Göz Altı Kapatıcısı","height":1200,"position":3,"src":"/media/export/cms/products/1200x1500/cl_sku_KF5414_1200x1500_0.png","type":"image","width":1500}],"smoosh":[{"alt":"Even Better Concealer Göz Altı Kapatıcısı","height":1200,"position":0,"src":"/media/export/cms/products/1200x1500/swatches_v3/43_ns_ng.png","type":"image","width":1500}],"xl":null},"out_of_stock_threshold":null,"perlgem":{"SKU_BASE_ID":123191},"preorder_date":null,"prices":[{"currency":"TRY","exclude_tax":{"original_price":240,"original_price_formatted":"240.00 TL","price":240,"price_formatted":"240.00 TL","price_per_unit":null,"price_per_unit_formatted":""},"include_tax":{"original_price":240,"original_price_formatted":"240.00 TL","price":240,"price_formatted":"240.00 TL","price_per_unit":null,"price_per_unit_formatted":""},"is_discounted":false}],"purchase_limit":null,"replenishment":{"message":null},"reviews":{"average_rating":null,"number_of_questions":null,"number_of_reviews":null},"set_components":null,"shade_groups":null,"shades":[{"description":"","hex_val":"#f9cbab","image":{"height":null,"src":"","width":null},"name":"CN 18 Cream Whip","smoosh_design":{"group_id":null,"name":"43::none::none"}}],"sizes":[{"key":1,"value":null}],"skin":{"tone":null,"type":null,"type_description":null},"sku_badge":null,"sku_badge_image":null,"sku_display_order":0,"sku_id":"KF5414","sku_promo_messaging":null,"sku_type":"SE","sku_url":null,"tags":{"total":3,"items":[{"id":"1596","key":"göz-alti-kapaticilari","value":"GÖZ ALTI KAPATICILARI"},{"id":"17859","key":"çok-satanlar","value":"ÇOK SATANLAR"},{"id":"1590","key":"i̇ndi̇ri̇mli̇-ürünler","value":"İNDİRİMLİ ÜRÜNLER"}]},"texture":null,"undertone":null,"unit_of_measure":null,"unit_size":null,"unit_size_formatted":null,"upc":"020714969004","vto":{"is_color_experience":null,"is_foundation_experience":null}},{"color_family":null,"coverage_options":null,"cross_sell":null,"display_status":7,"finish":null,"finish_options":null,"fragrances":[{"family":null,"key":null,"value":null}],"iln_listing":null,"iln_version_number":null,"inventory_status":"Active","is_active":true,"is_coming_soon":null,"is_default_sku":false,"is_discountable":true,"is_displayable":null,"is_engravable":null,"is_fragrance":null,"is_giftable":null,"is_giftwrap":false,"is_inactive":null,"is_multi_shaded":null,"is_out_of_stock":null,"is_preorder":false,"is_preorderable":null,"is_promotional":null,"is_replenishable":false,"is_search_suppressed":null,"is_searchable":true,"is_shaded":null,"is_sized":null,"is_sold_out":null,"is_under_weight_hazmat":false,"is_vto_enabled":null,"life_of_product":"Limited life","material_code":"KF54370000","media":{"large":[{"alt":"Even Better Concealer Göz Altı Kapatıcısı","height":1200,"position":1,"src":"/media/export/cms/products/1200x1500/cl_sku_KF5437_1200x1500_0.png","type":"image","width":1500}],"medium":[{"alt":"Even Better Concealer Göz Altı Kapatıcısı","height":600,"position":2,"src":"/media/export/cms/products/600x750/cl_sku_KF5437_600x750_0.png","type":"image","width":750}],"model":null,"poster":null,"small":[{"alt":"Even Better Concealer Göz Altı Kapatıcısı","height":1200,"position":3,"src":"/media/export/cms/products/1200x1500/cl_sku_KF5437_1200x1500_0.png","type":"image","width":1500}],"smoosh":[{"alt":"Even Better Concealer Göz Altı Kapatıcısı","height":1200,"position":0,"src":"/media/export/cms/products/1200x1500/swatches_v3/43_ns_ng.png","type":"image","width":1500}],"xl":null},"out_of_stock_threshold":null,"perlgem":{"SKU_BASE_ID":123199},"preorder_date":null,"prices":[{"currency":"TRY","exclude_tax":{"original_price":240,"original_price_formatted":"240.00 TL","price":240,"price_formatted":"240.00 TL","price_per_unit":null,"price_per_unit_formatted":""},"include_tax":{"original_price":240,"original_price_formatted":"240.00 TL","price":240,"price_formatted":"240.00 TL","price_per_unit":null,"price_per_unit_formatted":""},"is_discounted":false}],"purchase_limit":null,"replenishment":{"message":null},"reviews":{"average_rating":null,"number_of_questions":null,"number_of_reviews":null},"set_components":null,"shade_groups":null,"shades":[{"description":"","hex_val":"#c08556","image":{"height":null,"src":"","width":null},"name":"WN 100 Deep Honey","smoosh_design":{"group_id":null,"name":"43::none::none"}}],"sizes":[{"key":1,"value":"6ml"}],"skin":{"tone":null,"type":null,"type_description":null},"sku_badge":null,"sku_badge_image":null,"sku_display_order":0,"sku_id":"KF5437","sku_promo_messaging":null,"sku_type":"SE","sku_url":null,"tags":{"total":3,"items":[{"id":"1596","key":"göz-alti-kapaticilari","value":"GÖZ ALTI KAPATICILARI"},{"id":"17859","key":"çok-satanlar","value":"ÇOK SATANLAR"},{"id":"1590","key":"i̇ndi̇ri̇mli̇-ürünler","value":"İNDİRİMLİ ÜRÜNLER"}]},"texture":null,"undertone":null,"unit_of_measure":null,"unit_size":null,"unit_size_formatted":null,"upc":"192333055366","vto":{"is_color_experience":null,"is_foundation_experience":null}},{"color_family":null,"coverage_options":null,"cross_sell":null,"display_status":7,"finish":null,"finish_options":null,"fragrances":[{"family":null,"key":null,"value":null}],"iln_listing":null,"iln_version_number":null,"inventory_status":"Active","is_active":true,"is_coming_soon":null,"is_default_sku":false,"is_discountable":true,"is_displayable":null,"is_engravable":null,"is_fragrance":null,"is_giftable":null,"is_giftwrap":true,"is_inactive":null,"is_multi_shaded":null,"is_out_of_stock":null,"is_preorder":false,"is_preorderable":null,"is_promotional":null,"is_replenishable":true,"is_search_suppressed":null,"is_searchable":true,"is_shaded":null,"is_sized":null,"is_sold_out":null,"is_under_weight_hazmat":false,"is_vto_enabled":null,"life_of_product":"Basic Reorder","material_code":"KF54300000","media":{"large":[{"alt":"Even Better Concealer Göz Altı Kapatıcısı","height":1200,"position":1,"src":"/media/export/cms/products/1200x1500/cl_sku_KF5430_1200x1500_0.png","type":"image","width":1500}],"medium":[{"alt":"Even Better Concealer Göz Altı Kapatıcısı","height":600,"position":2,"src":"/media/export/cms/products/600x750/cl_sku_KF5430_600x750_0.png","type":"image","width":750}],"model":null,"poster":null,"small":[{"alt":"Even Better Concealer Göz Altı Kapatıcısı","height":1200,"position":3,"src":"/media/export/cms/products/1200x1500/cl_sku_KF5430_1200x1500_0.png","type":"image","width":1500}],"smoosh":[{"alt":"Even Better Concealer Göz Altı Kapatıcısı","height":1200,"position":0,"src":"/media/export/cms/products/1200x1500/swatches_v3/43_ns_ng.png","type":"image","width":1500}],"xl":null},"out_of_stock_threshold":null,"perlgem":{"SKU_BASE_ID":123465},"preorder_date":null,"prices":[{"currency":"TRY","exclude_tax":{"original_price":240,"original_price_formatted":"240.00 TL","price":240,"price_formatted":"240.00 TL","price_per_unit":null,"price_per_unit_formatted":""},"include_tax":{"original_price":240,"original_price_formatted":"240.00 TL","price":240,"price_formatted":"240.00 TL","price_per_unit":null,"price_per_unit_formatted":""},"is_discounted":false}],"purchase_limit":null,"replenishment":{"message":null},"reviews":{"average_rating":null,"number_of_questions":null,"number_of_reviews":null},"set_components":null,"shade_groups":null,"shades":[{"description":"","hex_val":"#ce935b","image":{"height":null,"src":"","width":null},"name":"WN 104 Toffee","smoosh_design":{"group_id":null,"name":"43::none::none"}}],"sizes":[{"key":1,"value":"6ml"}],"skin":{"tone":null,"type":null,"type_description":null},"sku_badge":null,"sku_badge_image":null,"sku_display_order":0,"sku_id":"KF5430","sku_promo_messaging":null,"sku_type":"SE","sku_url":null,"tags":{"total":2,"items":[{"id":"1596","key":"göz-alti-kapaticilari","value":"GÖZ ALTI KAPATICILARI"},{"id":"17859","key":"çok-satanlar","value":"ÇOK SATANLAR"}]},"texture":null,"undertone":null,"unit_of_measure":null,"unit_size":0,"unit_size_formatted":null,"upc":"192333055298","vto":{"is_color_experience":null,"is_foundation_experience":null}},{"color_family":null,"coverage_options":null,"cross_sell":null,"display_status":7,"finish":null,"finish_options":null,"fragrances":[{"family":null,"key":null,"value":null}],"iln_listing":null,"iln_version_number":null,"inventory_status":"Sold Out","is_active":null,"is_coming_soon":null,"is_default_sku":false,"is_discountable":true,"is_displayable":null,"is_engravable":null,"is_fragrance":null,"is_giftable":null,"is_giftwrap":false,"is_inactive":null,"is_multi_shaded":null,"is_out_of_stock":null,"is_preorder":false,"is_preorderable":null,"is_promotional":null,"is_replenishable":false,"is_search_suppressed":null,"is_searchable":true,"is_shaded":null,"is_sized":null,"is_sold_out":true,"is_under_weight_hazmat":false,"is_vto_enabled":null,"life_of_product":"Limited life","material_code":"KF54430000","media":{"large":[{"alt":"Even Better Concealer Göz Altı Kapatıcısı","height":1200,"position":1,"src":"/media/export/cms/products/1200x1500/cl_sku_KF5443_1200x1500_0.png","type":"image","width":1500}],"medium":[{"alt":"Even Better Concealer Göz Altı Kapatıcısı","height":600,"position":2,"src":"/media/export/cms/products/600x750/cl_sku_KF5443_600x750_0.png","type":"image","width":750}],"model":null,"poster":null,"small":[{"alt":"Even Better Concealer Göz Altı Kapatıcısı","height":1200,"position":3,"src":"/media/export/cms/products/1200x1500/cl_sku_KF5443_1200x1500_0.png","type":"image","width":1500}],"smoosh":[{"alt":"Even Better Concealer Göz Altı Kapatıcısı","height":1200,"position":0,"src":"/media/export/cms/products/1200x1500/swatches_v3/43_ns_ng.png","type":"image","width":1500}],"xl":null},"out_of_stock_threshold":null,"perlgem":{"SKU_BASE_ID":123202},"preorder_date":null,"prices":[{"currency":"TRY","exclude_tax":{"original_price":240,"original_price_formatted":"240.00 TL","price":240,"price_formatted":"240.00 TL","price_per_unit":null,"price_per_unit_formatted":""},"include_tax":{"original_price":240,"original_price_formatted":"240.00 TL","price":240,"price_formatted":"240.00 TL","price_per_unit":null,"price_per_unit_formatted":""},"is_discounted":false}],"purchase_limit":null,"replenishment":{"message":null},"reviews":{"average_rating":null,"number_of_questions":null,"number_of_reviews":null},"set_components":null,"shade_groups":null,"shades":[{"description":"","hex_val":"#f7d7bc","image":{"height":null,"src":"","width":null},"name":"WN 04 Bone","smoosh_design":{"group_id":null,"name":"43::none::none"}}],"sizes":[{"key":1,"value":null}],"skin":{"tone":null,"type":null,"type_description":null},"sku_badge":null,"sku_badge_image":null,"sku_display_order":0,"sku_id":"KF5443","sku_promo_messaging":null,"sku_type":"SE","sku_url":null,"tags":{"total":2,"items":[{"id":"1596","key":"göz-alti-kapaticilari","value":"GÖZ ALTI KAPATICILARI"},{"id":"17859","key":"çok-satanlar","value":"ÇOK SATANLAR"}]},"texture":null,"undertone":null,"unit_of_measure":null,"unit_size":null,"unit_size_formatted":null,"upc":"192333055427","vto":{"is_color_experience":null,"is_foundation_experience":null}},{"color_family":null,"coverage_options":null,"cross_sell":null,"display_status":7,"finish":null,"finish_options":null,"fragrances":[{"family":null,"key":null,"value":null}],"iln_listing":null,"iln_version_number":null,"inventory_status":"Active","is_active":true,"is_coming_soon":null,"is_default_sku":false,"is_discountable":true,"is_displayable":null,"is_engravable":null,"is_fragrance":null,"is_giftable":null,"is_giftwrap":false,"is_inactive":null,"is_multi_shaded":null,"is_out_of_stock":null,"is_preorder":false,"is_preorderable":null,"is_promotional":null,"is_replenishable":false,"is_search_suppressed":null,"is_searchable":true,"is_shaded":null,"is_sized":null,"is_sold_out":null,"is_under_weight_hazmat":false,"is_vto_enabled":null,"life_of_product":"Limited life","material_code":"KF54080000","media":{"large":[{"alt":"Even Better Concealer Göz Altı Kapatıcısı","height":1200,"position":1,"src":"/media/export/cms/products/1200x1500/cl_sku_KF5408_1200x1500_0.png","type":"image","width":1500}],"medium":[{"alt":"Even Better Concealer Göz Altı Kapatıcısı","height":600,"position":2,"src":"/media/export/cms/products/600x750/cl_sku_KF5408_600x750_0.png","type":"image","width":750}],"model":null,"poster":null,"small":[{"alt":"Even Better Concealer Göz Altı Kapatıcısı","height":1200,"position":3,"src":"/media/export/cms/products/1200x1500/cl_sku_KF5408_1200x1500_0.png","type":"image","width":1500}],"smoosh":[{"alt":"Even Better Concealer Göz Altı Kapatıcısı","height":1200,"position":0,"src":"/media/export/cms/products/1200x1500/swatches_v3/43_ns_ng.png","type":"image","width":1500}],"xl":null},"out_of_stock_threshold":null,"perlgem":{"SKU_BASE_ID":123187},"preorder_date":null,"prices":[{"currency":"TRY","exclude_tax":{"original_price":240,"original_price_formatted":"240.00 TL","price":240,"price_formatted":"240.00 TL","price_per_unit":null,"price_per_unit_formatted":""},"include_tax":{"original_price":240,"original_price_formatted":"240.00 TL","price":240,"price_formatted":"240.00 TL","price_per_unit":null,"price_per_unit_formatted":""},"is_discounted":false}],"purchase_limit":null,"replenishment":{"message":null},"reviews":{"average_rating":null,"number_of_questions":null,"number_of_reviews":null},"set_components":null,"shade_groups":null,"shades":[{"description":"","hex_val":"#daaa83","image":{"height":null,"src":"","width":null},"name":"CN 74 Beige","smoosh_design":{"group_id":null,"name":"43::none::none"}}],"sizes":[{"key":1,"value":null}],"skin":{"tone":null,"type":null,"type_description":null},"sku_badge":null,"sku_badge_image":null,"sku_display_order":0,"sku_id":"KF5408","sku_promo_messaging":null,"sku_type":"SE","sku_url":null,"tags":{"total":3,"items":[{"id":"1596","key":"göz-alti-kapaticilari","value":"GÖZ ALTI KAPATICILARI"},{"id":"17859","key":"çok-satanlar","value":"ÇOK SATANLAR"},{"id":"1590","key":"i̇ndi̇ri̇mli̇-ürünler","value":"İNDİRİMLİ ÜRÜNLER"}]},"texture":null,"undertone":null,"unit_of_measure":null,"unit_size":null,"unit_size_formatted":null,"upc":"020714968946","vto":{"is_color_experience":null,"is_foundation_experience":null}},{"color_family":null,"coverage_options":null,"cross_sell":null,"display_status":7,"finish":null,"finish_options":null,"fragrances":[{"family":null,"key":null,"value":null}],"iln_listing":null,"iln_version_number":null,"inventory_status":"Active","is_active":true,"is_coming_soon":null,"is_default_sku":false,"is_discountable":true,"is_displayable":null,"is_engravable":null,"is_fragrance":null,"is_giftable":null,"is_giftwrap":false,"is_inactive":null,"is_multi_shaded":null,"is_out_of_stock":null,"is_preorder":false,"is_preorderable":null,"is_promotional":null,"is_replenishable":false,"is_search_suppressed":null,"is_searchable":true,"is_shaded":null,"is_sized":null,"is_sold_out":null,"is_under_weight_hazmat":false,"is_vto_enabled":null,"life_of_product":"Limited life","material_code":"KF54410000","media":{"large":[{"alt":"Even Better Concealer Göz Altı Kapatıcısı","height":1200,"position":1,"src":"/media/export/cms/products/1200x1500/cl_sku_KF5441_1200x1500_0.png","type":"image","width":1500}],"medium":[{"alt":"Even Better Concealer Göz Altı Kapatıcısı","height":600,"position":2,"src":"/media/export/cms/products/600x750/cl_sku_KF5441_600x750_0.png","type":"image","width":750}],"model":null,"poster":null,"small":[{"alt":"Even Better Concealer Göz Altı Kapatıcısı","height":1200,"position":3,"src":"/media/export/cms/products/1200x1500/cl_sku_KF5441_1200x1500_0.png","type":"image","width":1500}],"smoosh":[{"alt":"Even Better Concealer Göz Altı Kapatıcısı","height":1200,"position":0,"src":"/media/export/cms/products/1200x1500/swatches_v3/43_ns_ng.png","type":"image","width":1500}],"xl":null},"out_of_stock_threshold":null,"perlgem":{"SKU_BASE_ID":123200},"preorder_date":null,"prices":[{"currency":"TRY","exclude_tax":{"original_price":240,"original_price_formatted":"240.00 TL","price":240,"price_formatted":"240.00 TL","price_per_unit":null,"price_per_unit_formatted":""},"include_tax":{"original_price":240,"original_price_formatted":"240.00 TL","price":240,"price_formatted":"240.00 TL","price_per_unit":null,"price_per_unit_formatted":""},"is_discounted":false}],"purchase_limit":null,"replenishment":{"message":null},"reviews":{"average_rating":null,"number_of_questions":null,"number_of_reviews":null},"set_components":null,"shade_groups":null,"shades":[{"description":"","hex_val":"#f0dccf","image":{"height":null,"src":"","width":null},"name":"WN 01 Flax","smoosh_design":{"group_id":null,"name":"43::none::none"}}],"sizes":[{"key":1,"value":null}],"skin":{"tone":null,"type":null,"type_description":null},"sku_badge":null,"sku_badge_image":null,"sku_display_order":0,"sku_id":"KF5441","sku_promo_messaging":null,"sku_type":"SE","sku_url":null,"tags":{"total":3,"items":[{"id":"1596","key":"göz-alti-kapaticilari","value":"GÖZ ALTI KAPATICILARI"},{"id":"17859","key":"çok-satanlar","value":"ÇOK SATANLAR"},{"id":"1590","key":"i̇ndi̇ri̇mli̇-ürünler","value":"İNDİRİMLİ ÜRÜNLER"}]},"texture":null,"undertone":null,"unit_of_measure":null,"unit_size":null,"unit_size_formatted":null,"upc":"192333055403","vto":{"is_color_experience":null,"is_foundation_experience":null}},{"color_family":null,"coverage_options":null,"cross_sell":null,"display_status":7,"finish":null,"finish_options":null,"fragrances":[{"family":null,"key":null,"value":null}],"iln_listing":null,"iln_version_number":null,"inventory_status":"Active","is_active":true,"is_coming_soon":null,"is_default_sku":false,"is_discountable":true,"is_displayable":null,"is_engravable":null,"is_fragrance":null,"is_giftable":null,"is_giftwrap":true,"is_inactive":null,"is_multi_shaded":null,"is_out_of_stock":null,"is_preorder":false,"is_preorderable":null,"is_promotional":null,"is_replenishable":true,"is_search_suppressed":null,"is_searchable":true,"is_shaded":null,"is_sized":null,"is_sold_out":null,"is_under_weight_hazmat":false,"is_vto_enabled":null,"life_of_product":"Basic Reorder","material_code":"KF54310000","media":{"large":[{"alt":"Even Better Concealer Göz Altı Kapatıcısı","height":1200,"position":1,"src":"/media/export/cms/products/1200x1500/cl_sku_KF5431_1200x1500_0.png","type":"image","width":1500}],"medium":[{"alt":"Even Better Concealer Göz Altı Kapatıcısı","height":600,"position":2,"src":"/media/export/cms/products/600x750/cl_sku_KF5431_600x750_0.png","type":"image","width":750}],"model":null,"poster":null,"small":[{"alt":"Even Better Concealer Göz Altı Kapatıcısı","height":1200,"position":3,"src":"/media/export/cms/products/1200x1500/cl_sku_KF5431_1200x1500_0.png","type":"image","width":1500}],"smoosh":[{"alt":"Even Better Concealer Göz Altı Kapatıcısı","height":1200,"position":0,"src":"/media/export/cms/products/1200x1500/swatches_v3/43_ns_ng.png","type":"image","width":1500}],"xl":null},"out_of_stock_threshold":null,"perlgem":{"SKU_BASE_ID":123466},"preorder_date":null,"prices":[{"currency":"TRY","exclude_tax":{"original_price":240,"original_price_formatted":"240.00 TL","price":240,"price_formatted":"240.00 TL","price_per_unit":null,"price_per_unit_formatted":""},"include_tax":{"original_price":240,"original_price_formatted":"240.00 TL","price":240,"price_formatted":"240.00 TL","price_per_unit":null,"price_per_unit_formatted":""},"is_discounted":false}],"purchase_limit":null,"replenishment":{"message":null},"reviews":{"average_rating":null,"number_of_questions":null,"number_of_reviews":null},"set_components":null,"shade_groups":null,"shades":[{"description":"","hex_val":"#b07448","image":{"height":null,"src":"","width":null},"name":"CN 116 Spice","smoosh_design":{"group_id":null,"name":"43::none::none"}}],"sizes":[{"key":1,"value":"6ml"}],"skin":{"tone":null,"type":null,"type_description":null},"sku_badge":null,"sku_badge_image":null,"sku_display_order":0,"sku_id":"KF5431","sku_promo_messaging":null,"sku_type":"SE","sku_url":null,"tags":{"total":2,"items":[{"id":"1596","key":"göz-alti-kapaticilari","value":"GÖZ ALTI KAPATICILARI"},{"id":"17859","key":"çok-satanlar","value":"ÇOK SATANLAR"}]},"texture":null,"undertone":null,"unit_of_measure":null,"unit_size":0,"unit_size_formatted":null,"upc":"192333055304","vto":{"is_color_experience":null,"is_foundation_experience":null}},{"color_family":null,"coverage_options":null,"cross_sell":null,"display_status":7,"finish":null,"finish_options":null,"fragrances":[{"family":null,"key":null,"value":null}],"iln_listing":null,"iln_version_number":null,"inventory_status":"Active","is_active":true,"is_coming_soon":null,"is_default_sku":false,"is_discountable":true,"is_displayable":null,"is_engravable":null,"is_fragrance":null,"is_giftable":null,"is_giftwrap":false,"is_inactive":null,"is_multi_shaded":null,"is_out_of_stock":null,"is_preorder":false,"is_preorderable":null,"is_promotional":null,"is_replenishable":false,"is_search_suppressed":null,"is_searchable":true,"is_shaded":null,"is_sized":null,"is_sold_out":null,"is_under_weight_hazmat":false,"is_vto_enabled":null,"life_of_product":"Basic Reorder","material_code":"KF54440000","media":{"large":[{"alt":"Even Better Concealer Göz Altı Kapatıcısı","height":1200,"position":1,"src":"/media/export/cms/products/1200x1500/cl_sku_KF5444_1200x1500_0.png","type":"image","width":1500}],"medium":[{"alt":"Even Better Concealer Göz Altı Kapatıcısı","height":600,"position":2,"src":"/media/export/cms/products/600x750/cl_sku_KF5444_600x750_0.png","type":"image","width":750}],"model":null,"poster":null,"small":[{"alt":"Even Better Concealer Göz Altı Kapatıcısı","height":1200,"position":3,"src":"/media/export/cms/products/1200x1500/cl_sku_KF5444_1200x1500_0.png","type":"image","width":1500}],"smoosh":[{"alt":"Even Better Concealer Göz Altı Kapatıcısı","height":1200,"position":0,"src":"/media/export/cms/products/1200x1500/swatches_v3/43_ns_ng.png","type":"image","width":1500}],"xl":null},"out_of_stock_threshold":null,"perlgem":{"SKU_BASE_ID":122148},"preorder_date":null,"prices":[{"currency":"TRY","exclude_tax":{"original_price":240,"original_price_formatted":"240.00 TL","price":240,"price_formatted":"240.00 TL","price_per_unit":null,"price_per_unit_formatted":""},"include_tax":{"original_price":240,"original_price_formatted":"240.00 TL","price":240,"price_formatted":"240.00 TL","price_per_unit":null,"price_per_unit_formatted":""},"is_discounted":false}],"purchase_limit":null,"replenishment":{"message":null},"reviews":{"average_rating":null,"number_of_questions":null,"number_of_reviews":null},"set_components":null,"shade_groups":null,"shades":[{"description":"","hex_val":"#fed29f","image":{"height":null,"src":"","width":null},"name":"WN 12 Meringue","smoosh_design":{"group_id":null,"name":"43::none::none"}}],"sizes":[{"key":1,"value":"6ml"}],"skin":{"tone":null,"type":null,"type_description":null},"sku_badge":null,"sku_badge_image":null,"sku_display_order":0,"sku_id":"KF5444","sku_promo_messaging":null,"sku_type":"SE","sku_url":null,"tags":{"total":3,"items":[{"id":"1596","key":"göz-alti-kapaticilari","value":"GÖZ ALTI KAPATICILARI"},{"id":"17859","key":"çok-satanlar","value":"ÇOK SATANLAR"},{"id":"1590","key":"i̇ndi̇ri̇mli̇-ürünler","value":"İNDİRİMLİ ÜRÜNLER"}]},"texture":null,"undertone":null,"unit_of_measure":null,"unit_size":null,"unit_size_formatted":null,"upc":"192333055434","vto":{"is_color_experience":null,"is_foundation_experience":null}},{"color_family":null,"coverage_options":null,"cross_sell":null,"display_status":7,"finish":null,"finish_options":null,"fragrances":[{"family":null,"key":null,"value":null}],"iln_listing":null,"iln_version_number":null,"inventory_status":"Active","is_active":true,"is_coming_soon":null,"is_default_sku":false,"is_discountable":true,"is_displayable":null,"is_engravable":null,"is_fragrance":null,"is_giftable":null,"is_giftwrap":false,"is_inactive":null,"is_multi_shaded":null,"is_out_of_stock":null,"is_preorder":false,"is_preorderable":null,"is_promotional":null,"is_replenishable":false,"is_search_suppressed":null,"is_searchable":true,"is_shaded":null,"is_sized":null,"is_sold_out":null,"is_under_weight_hazmat":false,"is_vto_enabled":null,"life_of_product":"Limited life","material_code":"KF54500000","media":{"large":[{"alt":"Even Better Concealer Göz Altı Kapatıcısı","height":1200,"position":1,"src":"/media/export/cms/products/1200x1500/cl_sku_KF5450_1200x1500_0.png","type":"image","width":1500}],"medium":[{"alt":"Even Better Concealer Göz Altı Kapatıcısı","height":600,"position":2,"src":"/media/export/cms/products/600x750/cl_sku_KF5450_600x750_0.png","type":"image","width":750}],"model":null,"poster":null,"small":[{"alt":"Even Better Concealer Göz Altı Kapatıcısı","height":1200,"position":3,"src":"/media/export/cms/products/1200x1500/cl_sku_KF5450_1200x1500_0.png","type":"image","width":1500}],"smoosh":[{"alt":"Even Better Concealer Göz Altı Kapatıcısı","height":1200,"position":0,"src":"/media/export/cms/products/1200x1500/swatches_v3/43_ns_ng.png","type":"image","width":1500}],"xl":null},"out_of_stock_threshold":null,"perlgem":{"SKU_BASE_ID":123206},"preorder_date":null,"prices":[{"currency":"TRY","exclude_tax":{"original_price":240,"original_price_formatted":"240.00 TL","price":240,"price_formatted":"240.00 TL","price_per_unit":null,"price_per_unit_formatted":""},"include_tax":{"original_price":240,"original_price_formatted":"240.00 TL","price":240,"price_formatted":"240.00 TL","price_per_unit":null,"price_per_unit_formatted":""},"is_discounted":false}],"purchase_limit":null,"replenishment":{"message":null},"reviews":{"average_rating":null,"number_of_questions":null,"number_of_reviews":null},"set_components":null,"shade_groups":null,"shades":[{"description":"","hex_val":"#e6bb89","image":{"height":null,"src":"","width":null},"name":"WN 48 Oat","smoosh_design":{"group_id":null,"name":"43::none::none"}}],"sizes":[{"key":1,"value":"6ml"}],"skin":{"tone":null,"type":null,"type_description":null},"sku_badge":null,"sku_badge_image":null,"sku_display_order":0,"sku_id":"KF5450","sku_promo_messaging":null,"sku_type":"SE","sku_url":null,"tags":{"total":3,"items":[{"id":"1596","key":"göz-alti-kapaticilari","value":"GÖZ ALTI KAPATICILARI"},{"id":"17859","key":"çok-satanlar","value":"ÇOK SATANLAR"},{"id":"1590","key":"i̇ndi̇ri̇mli̇-ürünler","value":"İNDİRİMLİ ÜRÜNLER"}]},"texture":null,"undertone":null,"unit_of_measure":null,"unit_size":null,"unit_size_formatted":null,"upc":"192333055496","vto":{"is_color_experience":null,"is_foundation_experience":null}},{"color_family":null,"coverage_options":null,"cross_sell":null,"display_status":7,"finish":null,"finish_options":null,"fragrances":[{"family":null,"key":null,"value":null}],"iln_listing":null,"iln_version_number":null,"inventory_status":"Active","is_active":true,"is_coming_soon":null,"is_default_sku":false,"is_discountable":true,"is_displayable":null,"is_engravable":null,"is_fragrance":null,"is_giftable":null,"is_giftwrap":true,"is_inactive":null,"is_multi_shaded":null,"is_out_of_stock":null,"is_preorder":false,"is_preorderable":null,"is_promotional":null,"is_replenishable":true,"is_search_suppressed":null,"is_searchable":true,"is_shaded":null,"is_sized":null,"is_sold_out":null,"is_under_weight_hazmat":false,"is_vto_enabled":null,"life_of_product":"Basic Reorder","material_code":"KF54110000","media":{"large":[{"alt":"Even Better Concealer Göz Altı Kapatıcısı","height":1200,"position":1,"src":"/media/export/cms/products/1200x1500/cl_sku_KF5411_1200x1500_0.png","type":"image","width":1500}],"medium":[{"alt":"Even Better Concealer Göz Altı Kapatıcısı","height":600,"position":2,"src":"/media/export/cms/products/600x750/cl_sku_KF5411_600x750_0.png","type":"image","width":750}],"model":null,"poster":null,"small":[{"alt":"Even Better Concealer Göz Altı Kapatıcısı","height":1200,"position":3,"src":"/media/export/cms/products/1200x1500/cl_sku_KF5411_1200x1500_0.png","type":"image","width":1500}],"smoosh":[{"alt":"Even Better Concealer Göz Altı Kapatıcısı","height":1200,"position":0,"src":"/media/export/cms/products/1200x1500/swatches_v3/43_ns_ng.png","type":"image","width":1500}],"xl":null},"out_of_stock_threshold":null,"perlgem":{"SKU_BASE_ID":123459},"preorder_date":null,"prices":[{"currency":"TRY","exclude_tax":{"original_price":240,"original_price_formatted":"240.00 TL","price":240,"price_formatted":"240.00 TL","price_per_unit":null,"price_per_unit_formatted":""},"include_tax":{"original_price":240,"original_price_formatted":"240.00 TL","price":240,"price_formatted":"240.00 TL","price_per_unit":null,"price_per_unit_formatted":""},"is_discounted":false}],"purchase_limit":null,"replenishment":{"message":null},"reviews":{"average_rating":null,"number_of_questions":null,"number_of_reviews":null},"set_components":null,"shade_groups":null,"shades":[{"description":"","hex_val":"#e0b290","image":{"height":null,"src":"","width":null},"name":"CN 62 Porcelain Beige","smoosh_design":{"group_id":null,"name":"43::none::none"}}],"sizes":[{"key":1,"value":"6ml"}],"skin":{"tone":null,"type":null,"type_description":null},"sku_badge":null,"sku_badge_image":null,"sku_display_order":0,"sku_id":"KF5411","sku_promo_messaging":null,"sku_type":"SE","sku_url":null,"tags":{"total":2,"items":[{"id":"1596","key":"göz-alti-kapaticilari","value":"GÖZ ALTI KAPATICILARI"},{"id":"17859","key":"çok-satanlar","value":"ÇOK SATANLAR"}]},"texture":null,"undertone":null,"unit_of_measure":null,"unit_size":0,"unit_size_formatted":null,"upc":"020714968977","vto":{"is_color_experience":null,"is_foundation_experience":null}},{"color_family":null,"coverage_options":null,"cross_sell":null,"display_status":7,"finish":null,"finish_options":null,"fragrances":[{"family":null,"key":null,"value":null}],"iln_listing":null,"iln_version_number":null,"inventory_status":"Active","is_active":true,"is_coming_soon":null,"is_default_sku":false,"is_discountable":true,"is_displayable":null,"is_engravable":null,"is_fragrance":null,"is_giftable":null,"is_giftwrap":false,"is_inactive":null,"is_multi_shaded":null,"is_out_of_stock":null,"is_preorder":false,"is_preorderable":null,"is_promotional":null,"is_replenishable":false,"is_search_suppressed":null,"is_searchable":true,"is_shaded":null,"is_sized":null,"is_sold_out":null,"is_under_weight_hazmat":false,"is_vto_enabled":null,"life_of_product":"Limited life","material_code":"KF54100000","media":{"large":[{"alt":"Even Better Concealer Göz Altı Kapatıcısı","height":1200,"position":1,"src":"/media/export/cms/products/1200x1500/cl_sku_KF5410_1200x1500_0.png","type":"image","width":1500}],"medium":[{"alt":"Even Better Concealer Göz Altı Kapatıcısı","height":600,"position":2,"src":"/media/export/cms/products/600x750/cl_sku_KF5410_600x750_0.png","type":"image","width":750}],"model":null,"poster":null,"small":[{"alt":"Even Better Concealer Göz Altı Kapatıcısı","height":1200,"position":3,"src":"/media/export/cms/products/1200x1500/cl_sku_KF5410_1200x1500_0.png","type":"image","width":1500}],"smoosh":[{"alt":"Even Better Concealer Göz Altı Kapatıcısı","height":1200,"position":0,"src":"/media/export/cms/products/1200x1500/swatches_v3/43_ns_ng.png","type":"image","width":1500}],"xl":null},"out_of_stock_threshold":null,"perlgem":{"SKU_BASE_ID":123189},"preorder_date":null,"prices":[{"currency":"TRY","exclude_tax":{"original_price":240,"original_price_formatted":"240.00 TL","price":240,"price_formatted":"240.00 TL","price_per_unit":null,"price_per_unit_formatted":""},"include_tax":{"original_price":240,"original_price_formatted":"240.00 TL","price":240,"price_formatted":"240.00 TL","price_per_unit":null,"price_per_unit_formatted":""},"is_discounted":false}],"purchase_limit":null,"replenishment":{"message":null},"reviews":{"average_rating":null,"number_of_questions":null,"number_of_reviews":null},"set_components":null,"shade_groups":null,"shades":[{"description":"","hex_val":"#bb7b4e","image":{"height":null,"src":"","width":null},"name":"WN 114 Golden","smoosh_design":{"group_id":null,"name":"43::none::none"}}],"sizes":[{"key":1,"value":null}],"skin":{"tone":null,"type":null,"type_description":null},"sku_badge":null,"sku_badge_image":null,"sku_display_order":0,"sku_id":"KF5410","sku_promo_messaging":null,"sku_type":"SE","sku_url":null,"tags":{"total":3,"items":[{"id":"1596","key":"göz-alti-kapaticilari","value":"GÖZ ALTI KAPATICILARI"},{"id":"17859","key":"çok-satanlar","value":"ÇOK SATANLAR"},{"id":"1590","key":"i̇ndi̇ri̇mli̇-ürünler","value":"İNDİRİMLİ ÜRÜNLER"}]},"texture":null,"undertone":null,"unit_of_measure":null,"unit_size":null,"unit_size_formatted":null,"upc":"020714968960","vto":{"is_color_experience":null,"is_foundation_experience":null}},{"color_family":null,"coverage_options":null,"cross_sell":null,"display_status":7,"finish":null,"finish_options":null,"fragrances":[{"family":null,"key":null,"value":null}],"iln_listing":null,"iln_version_number":null,"inventory_status":"Active","is_active":true,"is_coming_soon":null,"is_default_sku":false,"is_discountable":true,"is_displayable":null,"is_engravable":null,"is_fragrance":null,"is_giftable":null,"is_giftwrap":true,"is_inactive":null,"is_multi_shaded":null,"is_out_of_stock":null,"is_preorder":false,"is_preorderable":null,"is_promotional":null,"is_replenishable":true,"is_search_suppressed":null,"is_searchable":true,"is_shaded":null,"is_sized":null,"is_sold_out":null,"is_under_weight_hazmat":false,"is_vto_enabled":null,"life_of_product":"Basic Reorder","material_code":"KF54120000","media":{"large":[{"alt":"Even Better Concealer Göz Altı Kapatıcısı","height":1200,"position":1,"src":"/media/export/cms/products/1200x1500/cl_sku_KF5412_1200x1500_0.png","type":"image","width":1500}],"medium":[{"alt":"Even Better Concealer Göz Altı Kapatıcısı","height":600,"position":2,"src":"/media/export/cms/products/600x750/cl_sku_KF5412_600x750_0.png","type":"image","width":750}],"model":null,"poster":null,"small":[{"alt":"Even Better Concealer Göz Altı Kapatıcısı","height":1200,"position":3,"src":"/media/export/cms/products/1200x1500/cl_sku_KF5412_1200x1500_0.png","type":"image","width":1500}],"smoosh":[{"alt":"Even Better Concealer Göz Altı Kapatıcısı","height":1200,"position":0,"src":"/media/export/cms/products/1200x1500/swatches_v3/43_ns_ng.png","type":"image","width":1500}],"xl":null},"out_of_stock_threshold":null,"perlgem":{"SKU_BASE_ID":123460},"preorder_date":null,"prices":[{"currency":"TRY","exclude_tax":{"original_price":240,"original_price_formatted":"240.00 TL","price":240,"price_formatted":"240.00 TL","price_per_unit":null,"price_per_unit_formatted":""},"include_tax":{"original_price":240,"original_price_formatted":"240.00 TL","price":240,"price_formatted":"240.00 TL","price_per_unit":null,"price_per_unit_formatted":""},"is_discounted":false}],"purchase_limit":null,"replenishment":{"message":null},"reviews":{"average_rating":null,"number_of_questions":null,"number_of_reviews":null},"set_components":null,"shade_groups":null,"shades":[{"description":"","hex_val":"#ca8b56","image":{"height":null,"src":"","width":null},"name":"WN 112 Ginger","smoosh_design":{"group_id":null,"name":"43::none::none"}}],"sizes":[{"key":1,"value":"6ml"}],"skin":{"tone":null,"type":null,"type_description":null},"sku_badge":null,"sku_badge_image":null,"sku_display_order":0,"sku_id":"KF5412","sku_promo_messaging":null,"sku_type":"SE","sku_url":null,"tags":{"total":2,"items":[{"id":"1596","key":"göz-alti-kapaticilari","value":"GÖZ ALTI KAPATICILARI"},{"id":"17859","key":"çok-satanlar","value":"ÇOK SATANLAR"}]},"texture":null,"undertone":null,"unit_of_measure":null,"unit_size":0,"unit_size_formatted":null,"upc":"020714968984","vto":{"is_color_experience":null,"is_foundation_experience":null}},{"color_family":null,"coverage_options":null,"cross_sell":null,"display_status":7,"finish":null,"finish_options":null,"fragrances":[{"family":null,"key":null,"value":null}],"iln_listing":null,"iln_version_number":null,"inventory_status":"Active","is_active":true,"is_coming_soon":null,"is_default_sku":false,"is_discountable":true,"is_displayable":null,"is_engravable":null,"is_fragrance":null,"is_giftable":null,"is_giftwrap":true,"is_inactive":null,"is_multi_shaded":null,"is_out_of_stock":null,"is_preorder":false,"is_preorderable":null,"is_promotional":null,"is_replenishable":true,"is_search_suppressed":null,"is_searchable":true,"is_shaded":null,"is_sized":null,"is_sold_out":null,"is_under_weight_hazmat":false,"is_vto_enabled":null,"life_of_product":"Basic Reorder","material_code":"KF54200000","media":{"large":[{"alt":"Even Better Concealer Göz Altı Kapatıcısı","height":1200,"position":1,"src":"/media/export/cms/products/1200x1500/cl_sku_KF5420_1200x1500_0.png","type":"image","width":1500}],"medium":[{"alt":"Even Better Concealer Göz Altı Kapatıcısı","height":600,"position":2,"src":"/media/export/cms/products/600x750/cl_sku_KF5420_600x750_0.png","type":"image","width":750}],"model":null,"poster":null,"small":[{"alt":"Even Better Concealer Göz Altı Kapatıcısı","height":1200,"position":3,"src":"/media/export/cms/products/1200x1500/cl_sku_KF5420_1200x1500_0.png","type":"image","width":1500}],"smoosh":[{"alt":"Even Better Concealer Göz Altı Kapatıcısı","height":1200,"position":0,"src":"/media/export/cms/products/1200x1500/swatches_v3/43_ns_ng.png","type":"image","width":1500}],"xl":null},"out_of_stock_threshold":null,"perlgem":{"SKU_BASE_ID":123462},"preorder_date":null,"prices":[{"currency":"TRY","exclude_tax":{"original_price":240,"original_price_formatted":"240.00 TL","price":240,"price_formatted":"240.00 TL","price_per_unit":null,"price_per_unit_formatted":""},"include_tax":{"original_price":240,"original_price_formatted":"240.00 TL","price":240,"price_formatted":"240.00 TL","price_per_unit":null,"price_per_unit_formatted":""},"is_discounted":false}],"purchase_limit":null,"replenishment":{"message":null},"reviews":{"average_rating":null,"number_of_questions":null,"number_of_reviews":null},"set_components":null,"shade_groups":null,"shades":[{"description":"","hex_val":"#99674c","image":{"height":null,"src":"","width":null},"name":"WN 124 Sienna","smoosh_design":{"group_id":null,"name":"43::none::none"}}],"sizes":[{"key":1,"value":"6ml"}],"skin":{"tone":null,"type":null,"type_description":null},"sku_badge":null,"sku_badge_image":null,"sku_display_order":0,"sku_id":"KF5420","sku_promo_messaging":null,"sku_type":"SE","sku_url":null,"tags":{"total":2,"items":[{"id":"1596","key":"göz-alti-kapaticilari","value":"GÖZ ALTI KAPATICILARI"},{"id":"17859","key":"çok-satanlar","value":"ÇOK SATANLAR"}]},"texture":null,"undertone":null,"unit_of_measure":null,"unit_size":0,"unit_size_formatted":null,"upc":"192333055199","vto":{"is_color_experience":null,"is_foundation_experience":null}},{"color_family":null,"coverage_options":null,"cross_sell":null,"display_status":7,"finish":null,"finish_options":null,"fragrances":[{"family":null,"key":null,"value":null}],"iln_listing":null,"iln_version_number":null,"inventory_status":"Active","is_active":true,"is_coming_soon":null,"is_default_sku":false,"is_discountable":true,"is_displayable":null,"is_engravable":null,"is_fragrance":null,"is_giftable":null,"is_giftwrap":true,"is_inactive":null,"is_multi_shaded":null,"is_out_of_stock":null,"is_preorder":false,"is_preorderable":null,"is_promotional":null,"is_replenishable":true,"is_search_suppressed":null,"is_searchable":true,"is_shaded":null,"is_sized":null,"is_sold_out":null,"is_under_weight_hazmat":false,"is_vto_enabled":null,"life_of_product":"Basic Reorder","material_code":"KF54280000","media":{"large":[{"alt":"Even Better Concealer Göz Altı Kapatıcısı","height":1200,"position":1,"src":"/media/export/cms/products/1200x1500/cl_sku_KF5428_1200x1500_0.png","type":"image","width":1500}],"medium":[{"alt":"Even Better Concealer Göz Altı Kapatıcısı","height":600,"position":2,"src":"/media/export/cms/products/600x750/cl_sku_KF5428_600x750_0.png","type":"image","width":750}],"model":null,"poster":null,"small":[{"alt":"Even Better Concealer Göz Altı Kapatıcısı","height":1200,"position":3,"src":"/media/export/cms/products/1200x1500/cl_sku_KF5428_1200x1500_0.png","type":"image","width":1500}],"smoosh":[{"alt":"Even Better Concealer Göz Altı Kapatıcısı","height":1200,"position":0,"src":"/media/export/cms/products/1200x1500/swatches_v3/43_ns_ng.png","type":"image","width":1500}],"xl":null},"out_of_stock_threshold":null,"perlgem":{"SKU_BASE_ID":123464},"preorder_date":null,"prices":[{"currency":"TRY","exclude_tax":{"original_price":240,"original_price_formatted":"240.00 TL","price":240,"price_formatted":"240.00 TL","price_per_unit":null,"price_per_unit_formatted":""},"include_tax":{"original_price":240,"original_price_formatted":"240.00 TL","price":240,"price_formatted":"240.00 TL","price_per_unit":null,"price_per_unit_formatted":""},"is_discounted":false}],"purchase_limit":null,"replenishment":{"message":null},"reviews":{"average_rating":null,"number_of_questions":null,"number_of_reviews":null},"set_components":null,"shade_groups":null,"shades":[{"description":"","hex_val":"#e4af80","image":{"height":null,"src":"","width":null},"name":"WN 80 Tawnied Beige","smoosh_design":{"group_id":null,"name":"43::none::none"}}],"sizes":[{"key":1,"value":"6ml"}],"skin":{"tone":null,"type":null,"type_description":null},"sku_badge":null,"sku_badge_image":null,"sku_display_order":0,"sku_id":"KF5428","sku_promo_messaging":null,"sku_type":"SE","sku_url":null,"tags":{"total":2,"items":[{"id":"1596","key":"göz-alti-kapaticilari","value":"GÖZ ALTI KAPATICILARI"},{"id":"17859","key":"çok-satanlar","value":"ÇOK SATANLAR"}]},"texture":null,"undertone":null,"unit_of_measure":null,"unit_size":0,"unit_size_formatted":null,"upc":"192333055274","vto":{"is_color_experience":null,"is_foundation_experience":null}}]},"sub_display_name":null,"sub_header":null,"tags":{"total":3,"items":[{"id":"1596","key":"göz-alti-kapaticilari","parent_tag_id":"1592","product_display_order":0,"value":"GÖZ ALTI KAPATICILARI"},{"id":"17859","key":"çok-satanlar","parent_tag_id":null,"product_display_order":45,"value":"ÇOK SATANLAR"},{"id":"1590","key":"i̇ndi̇ri̇mli̇-ürünler","parent_tag_id":null,"product_display_order":0,"value":"İNDİRİMLİ ÜRÜNLER"}]},"usage":[{"content":null,"label":"PRODUCT USAGE","type":"product_usage"},{"content":null,"label":"HOW DOES IT WORK","type":"how_does_it_work"},{"content":null,"label":"WHO IT IS FOR","type":"who_it_is_for"},{"content":null,"label":"GREAT TO KNOW","type":"great_to_know"},{"content":null,"label":"WHAT_IT_DOES","type":"what_it_does"},{"content":"Even Better ailesi her günün en iyi cilt gününüz gibi görünmesini sağlayabilir.<br>Daha da iyi olan nedir? Cildiniz. Çünkü Even Better, makyaj ihtiyacını neredeyse ortadan kaldıran fondöten serisidir ve bu da zaman içinde daha ışıltılı, pürüzsüz bir cilt anlamına gelir.<br>&nbsp;<br>Bu yüzden cildinizin en iyi haline uyanmamış olsanız bile- cildinizin en iyi halini göreceksiniz.<br>İlk kez kapatıcı kusursuz eşitleyici aplikatörü ile birlikte.Kapatıcıyı uygulayan yenilikçi sivri uç ile kapatıcıyı yüzünüze uygulayın. Yenilikçi sünger aplikatörü ile gözaltınıza kusursuz bir şekilde dağıtın.<br>Göz altı, bölgesel kusurlar, and tüm yüze uygulayabilirsiniz.","label":"WHAT_IT_IS","type":"what_it_is"}],"objectID":"76702"},{"benefit":{"statement":null,"benefits":null},"brand":null,"collection":null,"coverage":null,"cross_sell":[{"sku_id":"K5G001","sort_key":1},{"sku_id":"ZYYL01","sort_key":2},{"sku_id":"KXC501","sort_key":3}],"default_category":{"id":"1687","key":"yüz-nemlendi̇ri̇ci̇"},"description":null,"display_mode":null,"display_name":"Fresh Pressed 7 Günlük Vitamin C Bakım Desteği Seti: (kuru/karma ciltler)","display_status":7,"finish":null,"form":null,"formula_type":null,"fragrance_family":null,"indexable_keywords":[{"value":"fresh pressed"},{"value":" moisturiser"},{"value":"dry skin"},{"value":" moisturizer"},{"value":" fatigue"},{"value":" skincare gift"},{"value":" superdefense"},{"value":" spf"},{"value":" serum"},{"value":" vitamin c"}],"is_hazmat":false,"is_product_coming_soon":null,"is_product_displayable":true,"is_product_searchable":true,"is_product_shoppable":true,"is_product_sold_out":null,"is_product_temporarily_out_of_stock":null,"is_search_suppressed":null,"key_ingredient":null,"media":{"large":null,"medium":null,"poster":null,"small":null,"videos":[{"position":null,"poster":{"height":null,"src":null,"width":null},"provider":null,"src":null},{"position":null,"poster":{"height":null,"src":null,"width":null},"provider":null,"src":null},{"position":null,"poster":{"height":null,"src":null,"width":null},"provider":null,"src":null}],"xl":null},"meta":{"description":null,"keywords":"fresh pressed., moisturiser, moisturizer, fatigue, skincare gift, superdefense, serum, vitamin c"},"parent_category":[{"id":"1687","value":"YÜZ NEMLENDİRİCİ"},{"id":"1667","value":"CİLT BAKIMI"}],"product_badge":null,"product_id":"76850","product_title_tag":null,"product_type":"Other","product_url":"/product/1687/76850/cilt-bakimi/yuz-nemlendirici/fresh-pressed-7-gunluk-vitamin-c-bakm-destegi-seti-kurukarma-ciltler","reviews":{"average_rating":null,"number_of_questions":null,"number_of_reviews":null},"shade_groups":null,"short_description":null,"skin":null,"skin_goal":null,"skus":{"total":1,"items":[{"color_family":null,"coverage_options":null,"cross_sell":null,"display_status":7,"finish":null,"finish_options":null,"fragrances":[{"family":null,"key":null,"value":null}],"iln_listing":null,"iln_version_number":null,"inventory_status":"Active","is_active":true,"is_coming_soon":null,"is_default_sku":false,"is_discountable":true,"is_displayable":null,"is_engravable":null,"is_fragrance":null,"is_giftable":null,"is_giftwrap":false,"is_inactive":null,"is_multi_shaded":null,"is_out_of_stock":null,"is_preorder":false,"is_preorderable":null,"is_promotional":null,"is_replenishable":false,"is_search_suppressed":null,"is_searchable":true,"is_shaded":null,"is_sized":null,"is_sold_out":null,"is_under_weight_hazmat":false,"is_vto_enabled":null,"life_of_product":"Limited life","material_code":"KXC3010000","media":{"large":[{"alt":"Fresh Pressed 7 Günlük Vitamin C Bakım Desteği Seti: (kuru/karma ciltler)","height":1200,"position":0,"src":"/media/export/cms/products/1200x1500/cl_sku_KXC301_1200x1500_0.png","type":"image","width":1500}],"medium":[{"alt":"Fresh Pressed 7 Günlük Vitamin C Bakım Desteği Seti: (kuru/karma ciltler)","height":600,"position":1,"src":"/media/export/cms/products/600x750/cl_sku_KXC301_600x750_0.png","type":"image","width":750}],"model":null,"poster":null,"small":[{"alt":"Fresh Pressed 7 Günlük Vitamin C Bakım Desteği Seti: (kuru/karma ciltler)","height":1200,"position":2,"src":"/media/export/cms/products/1200x1500/cl_sku_KXC301_1200x1500_0.png","type":"image","width":1500}],"smoosh":null,"xl":null},"out_of_stock_threshold":null,"perlgem":{"SKU_BASE_ID":117977},"preorder_date":null,"prices":[{"currency":"TRY","exclude_tax":{"original_price":255,"original_price_formatted":"255.00 TL","price":255,"price_formatted":"255.00 TL","price_per_unit":null,"price_per_unit_formatted":""},"include_tax":{"original_price":255,"original_price_formatted":"255.00 TL","price":255,"price_formatted":"255.00 TL","price_per_unit":null,"price_per_unit_formatted":""},"is_discounted":false}],"purchase_limit":null,"replenishment":{"message":null},"reviews":{"average_rating":null,"number_of_questions":null,"number_of_reviews":null},"set_components":null,"shade_groups":null,"shades":null,"sizes":[{"key":1,"value":null}],"skin":{"tone":null,"type":null,"type_description":null},"sku_badge":null,"sku_badge_image":null,"sku_display_order":0,"sku_id":"KXC301","sku_promo_messaging":null,"sku_type":"SE","sku_url":null,"tags":{"total":4,"items":[{"id":"1687","key":"yüz-nemlendi̇ri̇ci̇","value":"YÜZ NEMLENDİRİCİ"},{"id":"1590","key":"i̇ndi̇ri̇mli̇-ürünler","value":"İNDİRİMLİ ÜRÜNLER"},{"id":"17860","key":"makyaj-ci̇lt-bakim-parfüm-setleri̇","value":"MAKYAJ & CİLT BAKIM & PARFÜM SETLERİ"},{"id":"17859","key":"çok-satanlar","value":"ÇOK SATANLAR"}]},"texture":null,"undertone":null,"unit_of_measure":null,"unit_size":null,"unit_size_formatted":null,"upc":"192333071328","vto":{"is_color_experience":null,"is_foundation_experience":null}}]},"sub_display_name":null,"sub_header":null,"tags":{"total":4,"items":[{"id":"1687","key":"yüz-nemlendi̇ri̇ci̇","parent_tag_id":"1667","product_display_order":11,"value":"YÜZ NEMLENDİRİCİ"},{"id":"1590","key":"i̇ndi̇ri̇mli̇-ürünler","parent_tag_id":null,"product_display_order":0,"value":"İNDİRİMLİ ÜRÜNLER"},{"id":"17860","key":"makyaj-ci̇lt-bakim-parfüm-setleri̇","parent_tag_id":null,"product_display_order":0,"value":"MAKYAJ & CİLT BAKIM & PARFÜM SETLERİ"},{"id":"17859","key":"çok-satanlar","parent_tag_id":null,"product_display_order":22,"value":"ÇOK SATANLAR"}]},"usage":[{"content":null,"label":"PRODUCT USAGE","type":"product_usage"},{"content":null,"label":"HOW DOES IT WORK","type":"how_does_it_work"},{"content":null,"label":"WHO IT IS FOR","type":"who_it_is_for"},{"content":null,"label":"GREAT TO KNOW","type":"great_to_know"},{"content":null,"label":"WHAT_IT_DOES","type":"what_it_does"},{"content":null,"label":"WHAT_IT_IS","type":"what_it_is"}],"objectID":"76850"},{"benefit":{"statement":null,"benefits":null},"brand":null,"collection":null,"coverage":null,"cross_sell":null,"default_category":{"id":"17860","key":"makyaj-ci̇lt-bakim-parfüm-setleri̇"},"description":null,"display_mode":null,"display_name":"Fresh Pressed Günlük Bakım Desteği Saf C vitaminli Booster + Superdefense Nemlendirici","display_status":7,"finish":null,"form":null,"formula_type":null,"fragrance_family":null,"indexable_keywords":null,"is_hazmat":false,"is_product_coming_soon":null,"is_product_displayable":true,"is_product_searchable":true,"is_product_shoppable":false,"is_product_sold_out":null,"is_product_temporarily_out_of_stock":null,"is_search_suppressed":null,"key_ingredient":null,"media":{"large":null,"medium":null,"poster":null,"small":null,"videos":[{"position":null,"poster":{"height":null,"src":null,"width":null},"provider":"YouTube","src":null},{"position":null,"poster":{"height":null,"src":null,"width":null},"provider":"YouTube","src":null},{"position":null,"poster":{"height":null,"src":null,"width":null},"provider":"YouTube","src":null}],"xl":null},"meta":{"description":null,"keywords":null},"parent_category":[{"id":"17860","value":"MAKYAJ & CİLT BAKIM & PARFÜM SETLERİ"}],"product_badge":null,"product_id":"76851","product_title_tag":null,"product_type":"Other","product_url":"/product/17860/76851/makyaj-cilt-bakim-parfum-setleri/fresh-pressed-gunluk-bakm-destegi-saf-c-vitaminli-booster-superdefense-nemlendirici","reviews":{"average_rating":null,"number_of_questions":null,"number_of_reviews":null},"shade_groups":null,"short_description":null,"skin":null,"skin_goal":null,"skus":{"total":1,"items":[{"color_family":null,"coverage_options":null,"cross_sell":null,"display_status":7,"finish":null,"finish_options":null,"fragrances":[{"family":null,"key":null,"value":null}],"iln_listing":null,"iln_version_number":null,"inventory_status":"Sold Out","is_active":null,"is_coming_soon":null,"is_default_sku":false,"is_discountable":true,"is_displayable":null,"is_engravable":null,"is_fragrance":null,"is_giftable":null,"is_giftwrap":false,"is_inactive":null,"is_multi_shaded":null,"is_out_of_stock":null,"is_preorder":false,"is_preorderable":null,"is_promotional":null,"is_replenishable":false,"is_search_suppressed":null,"is_searchable":true,"is_shaded":null,"is_sized":null,"is_sold_out":true,"is_under_weight_hazmat":false,"is_vto_enabled":null,"life_of_product":"Limited life","material_code":"KXC5010000","media":{"large":[{"alt":"Fresh Pressed Günlük Bakım Desteği Saf C vitaminli Booster + Superdefense Nemlendirici","height":1200,"position":0,"src":"/media/export/cms/products/1200x1500/cl_sku_KXC501_1200x1500_0.png","type":"image","width":1500}],"medium":[{"alt":"Fresh Pressed Günlük Bakım Desteği Saf C vitaminli Booster + Superdefense Nemlendirici","height":600,"position":1,"src":"/media/export/cms/products/600x750/cl_sku_KXC501_600x750_0.png","type":"image","width":750}],"model":null,"poster":null,"small":[{"alt":"Fresh Pressed Günlük Bakım Desteği Saf C vitaminli Booster + Superdefense Nemlendirici","height":1200,"position":2,"src":"/media/export/cms/products/1200x1500/cl_sku_KXC501_1200x1500_0.png","type":"image","width":1500}],"smoosh":null,"xl":null},"out_of_stock_threshold":null,"perlgem":{"SKU_BASE_ID":117978},"preorder_date":null,"prices":[{"currency":"TRY","exclude_tax":{"original_price":255,"original_price_formatted":"255.00 TL","price":255,"price_formatted":"255.00 TL","price_per_unit":null,"price_per_unit_formatted":""},"include_tax":{"original_price":255,"original_price_formatted":"255.00 TL","price":255,"price_formatted":"255.00 TL","price_per_unit":null,"price_per_unit_formatted":""},"is_discounted":false}],"purchase_limit":null,"replenishment":{"message":null},"reviews":{"average_rating":null,"number_of_questions":null,"number_of_reviews":null},"set_components":null,"shade_groups":null,"shades":null,"sizes":[{"key":1,"value":null}],"skin":{"tone":null,"type":null,"type_description":null},"sku_badge":null,"sku_badge_image":null,"sku_display_order":5,"sku_id":"KXC501","sku_promo_messaging":null,"sku_type":"SE","sku_url":null,"tags":{"total":2,"items":[{"id":"1590","key":"i̇ndi̇ri̇mli̇-ürünler","value":"İNDİRİMLİ ÜRÜNLER"},{"id":"17860","key":"makyaj-ci̇lt-bakim-parfüm-setleri̇","value":"MAKYAJ & CİLT BAKIM & PARFÜM SETLERİ"}]},"texture":null,"undertone":null,"unit_of_measure":null,"unit_size":null,"unit_size_formatted":null,"upc":"192333071342","vto":{"is_color_experience":null,"is_foundation_experience":null}}]},"sub_display_name":null,"sub_header":null,"tags":{"total":2,"items":[{"id":"1590","key":"i̇ndi̇ri̇mli̇-ürünler","parent_tag_id":null,"product_display_order":0,"value":"İNDİRİMLİ ÜRÜNLER"},{"id":"17860","key":"makyaj-ci̇lt-bakim-parfüm-setleri̇","parent_tag_id":null,"product_display_order":0,"value":"MAKYAJ & CİLT BAKIM & PARFÜM SETLERİ"}]},"usage":[{"content":null,"label":"PRODUCT USAGE","type":"product_usage"},{"content":null,"label":"HOW DOES IT WORK","type":"how_does_it_work"},{"content":null,"label":"WHO IT IS FOR","type":"who_it_is_for"},{"content":null,"label":"GREAT TO KNOW","type":"great_to_know"},{"content":null,"label":"WHAT_IT_DOES","type":"what_it_does"},{"content":null,"label":"WHAT_IT_IS","type":"what_it_is"}],"objectID":"76851"},{"benefit":null,"brand":null,"collection":null,"coverage":null,"cross_sell":null,"default_category":{"id":"25564","key":"cliniqueids"},"description":null,"display_mode":null,"display_name":"Clinique iD™: Dramatically Different Nemlendirici Arındırıcı Jel","display_status":7,"finish":null,"form":null,"formula_type":null,"fragrance_family":null,"indexable_keywords":null,"is_hazmat":false,"is_product_coming_soon":null,"is_product_displayable":true,"is_product_searchable":true,"is_product_shoppable":true,"is_product_sold_out":null,"is_product_temporarily_out_of_stock":null,"is_search_suppressed":null,"key_ingredient":null,"media":{"large":null,"medium":null,"poster":null,"small":null,"videos":[{"position":null,"poster":{"height":null,"src":null,"width":null},"provider":"YouTube","src":null},{"position":null,"poster":{"height":null,"src":null,"width":null},"provider":"YouTube","src":null},{"position":null,"poster":{"height":null,"src":null,"width":null},"provider":"YouTube","src":null}],"xl":null},"meta":{"description":null,"keywords":null},"parent_category":[{"id":"25564","value":"cliniqueIds"}],"product_badge":null,"product_id":"77661","product_title_tag":null,"product_type":"Other","product_url":"/product/25564/77661/cliniqueids/clinique-idtm-dramatically-different-nemlendirici-arndrc-jel","reviews":{"average_rating":null,"number_of_questions":null,"number_of_reviews":null},"shade_groups":null,"short_description":null,"skin":null,"skin_goal":null,"skus":{"total":1,"items":[{"color_family":null,"coverage_options":null,"cross_sell":null,"display_status":7,"finish":null,"finish_options":null,"fragrances":[{"family":null,"key":null,"value":null}],"iln_listing":null,"iln_version_number":null,"inventory_status":"Active","is_active":true,"is_coming_soon":null,"is_default_sku":false,"is_discountable":true,"is_displayable":null,"is_engravable":null,"is_fragrance":null,"is_giftable":null,"is_giftwrap":false,"is_inactive":null,"is_multi_shaded":null,"is_out_of_stock":null,"is_preorder":false,"is_preorderable":null,"is_promotional":null,"is_replenishable":false,"is_search_suppressed":null,"is_searchable":true,"is_shaded":null,"is_sized":null,"is_sold_out":null,"is_under_weight_hazmat":false,"is_vto_enabled":null,"life_of_product":"Basic Reorder","material_code":"KPP2010000","media":{"large":[{"alt":"Clinique iD™: Dramatically Different Nemlendirici Arındırıcı Jel","height":1200,"position":0,"src":"/media/export/cms/products/1200x1500/cl_sku_KPP201_1200x1500_0.png","type":"image","width":1500}],"medium":[{"alt":"Clinique iD™: Dramatically Different Nemlendirici Arındırıcı Jel","height":600,"position":1,"src":"/media/export/cms/products/600x750/cl_sku_KPP201_600x750_0.png","type":"image","width":750}],"model":null,"poster":null,"small":[{"alt":"Clinique iD™: Dramatically Different Nemlendirici Arındırıcı Jel","height":1200,"position":2,"src":"/media/export/cms/products/1200x1500/cl_sku_KPP201_1200x1500_0.png","type":"image","width":1500}],"smoosh":null,"xl":null},"out_of_stock_threshold":null,"perlgem":{"SKU_BASE_ID":119068},"preorder_date":null,"prices":[{"currency":"TRY","exclude_tax":{"original_price":285,"original_price_formatted":"285.00 TL","price":285,"price_formatted":"285.00 TL","price_per_unit":null,"price_per_unit_formatted":""},"include_tax":{"original_price":285,"original_price_formatted":"285.00 TL","price":285,"price_formatted":"285.00 TL","price_per_unit":null,"price_per_unit_formatted":""},"is_discounted":false}],"purchase_limit":null,"replenishment":{"message":null},"reviews":{"average_rating":null,"number_of_questions":null,"number_of_reviews":null},"set_components":null,"shade_groups":null,"shades":null,"sizes":[{"key":1,"value":null}],"skin":{"tone":null,"type":null,"type_description":null},"sku_badge":null,"sku_badge_image":null,"sku_display_order":0,"sku_id":"KPP201","sku_promo_messaging":null,"sku_type":"SE","sku_url":null,"tags":{"total":1,"items":[{"id":"25564","key":"cliniqueids","value":"cliniqueIds"}]},"texture":null,"undertone":null,"unit_of_measure":null,"unit_size":null,"unit_size_formatted":null,"upc":"192333042328","vto":{"is_color_experience":null,"is_foundation_experience":null}}]},"sub_display_name":null,"sub_header":null,"tags":{"total":1,"items":[{"id":"25564","key":"cliniqueids","parent_tag_id":null,"product_display_order":0,"value":"cliniqueIds"}]},"usage":[{"content":null,"label":"PRODUCT USAGE","type":"product_usage"},{"content":null,"label":"HOW DOES IT WORK","type":"how_does_it_work"},{"content":null,"label":"WHO IT IS FOR","type":"who_it_is_for"},{"content":null,"label":"GREAT TO KNOW","type":"great_to_know"},{"content":null,"label":"WHAT_IT_DOES","type":"what_it_does"},{"content":null,"label":"WHAT_IT_IS","type":"what_it_is"}],"objectID":"77661"},{"benefit":{"statement":null,"benefits":null},"brand":null,"collection":null,"coverage":null,"cross_sell":null,"default_category":{"id":"1687","key":"yüz-nemlendi̇ri̇ci̇"},"description":"<P>Fresh Pressed 7 Günlük Vitamin C Bakım Desteği Seti: (karma/yağlı ciltler)</P><P>cilt tipi: 3/4</P><P>Cildine devamlı olarak enerji veren ve canlandıran continuous recharge teknolojisi ile tanışın! 7 gün boyunca cildinize bakım yaparken, daha canlı ve dolgun bir cilt görünümü elde etmenize yardımcı olur. Cildinizin ihtiyacı olan enerjiyi keşfedin!</P><P>Fresh Pressed 20% Saf C vitaminli Bakım Desteği 7.5ml <BR>Sabahları taze sıkılmış meyve suyunun veya vitaminin vücudunuzun sağlıklı kalmanıza yardımcı olması gibi, bu süper güçlü Booster, cildi dışardan gözle görülür bir şekilde gençleştirmek ve yaşlanma karşıtı rutininizi harekete geçirmek için günlük bir tamamlayıcı olarak tasarlandı. Sabah ve akşam 2 damlayı kendi nemlendiriciniz ile karıştırın ve sonuçları görün:<BR>İlk uygulamada daha aydınlık bir cilt.<BR>Yaşlanma belirtilerinde azalma<BR>Zaman içinde çizgi ve kırışıklık görünümünde azalma</P><P>Daha fazla bilgi<BR>Taze daha güçlü demektir. Saf C vitamini oksijenle birleştiğinde doğal olarak çözünür, bu yüzden tazeyken daha güçlüdür. İsole teknolojili ambalajlar saf C Vitaminini aktive edene kadar korur, daha güçlü sonuçlar için tazeliğini saklar.</P><P>&nbsp;Superdefense SPF25 Nemlendirici Krem 15ml (3/4)<BR>Yağ içermeyen formülü ile cildi zararlı dış etkenlere karşı korur, canlandırır ve yaşlanmanın ilk belirtileri olan ince çizgi ve kırışıklıkların görünümünü azaltır. Ter ve neme dayanıklıdır. Formülündeki Stop Signs™ Teknolojisi ile cildi UV ışınlarından, kızılötesinden, mavi ışıktan, serbest radikallerden, kirden, toz ve polenden, prematüre yaşlanmayla oluşan ilk mimik çizgilerinden korumaya yardımcı olur. 8 saat boyunca zengin antioksidan içeriği ile cildi besler, içerisindeki inci ışıltısı yardımıyla cilt yorgunluğu izlerini anında yatıştırır.<BR>İnce çizgileri ve kırışıklıkların görünümünü gözle görünür derecede azaltır.<BR>Karnitin ile fermente bir enerji karışımı cildin enerji kaynağını destekler.<BR>Ayrıca, anında Hiyalüronik Asit, Trehaloz ve Sarıteçan özütü içeren nem bariyeri kompleksiyle uzun süre kalıcı nem sağlar.</P>","display_mode":null,"display_name":"Fresh Pressed 7 Günlük Vitamin C Bakım Desteği Seti: (karma/yağlı ciltler)","display_status":7,"finish":null,"form":null,"formula_type":null,"fragrance_family":null,"indexable_keywords":null,"is_hazmat":false,"is_product_coming_soon":null,"is_product_displayable":true,"is_product_searchable":true,"is_product_shoppable":true,"is_product_sold_out":null,"is_product_temporarily_out_of_stock":null,"is_search_suppressed":null,"key_ingredient":null,"media":{"large":null,"medium":null,"poster":null,"small":null,"videos":[{"position":null,"poster":{"height":null,"src":null,"width":null},"provider":null,"src":null},{"position":null,"poster":{"height":null,"src":null,"width":null},"provider":null,"src":null},{"position":null,"poster":{"height":null,"src":null,"width":null},"provider":null,"src":null}],"xl":null},"meta":{"description":null,"keywords":null},"parent_category":[{"id":"1687","value":"YÜZ NEMLENDİRİCİ"},{"id":"1667","value":"CİLT BAKIMI"}],"product_badge":null,"product_id":"78084","product_title_tag":null,"product_type":"Other","product_url":"/product/1687/78084/cilt-bakimi/yuz-nemlendirici/fresh-pressed-7-gunluk-vitamin-c-bakm-destegi-seti-karmayagl-ciltler","reviews":{"average_rating":null,"number_of_questions":null,"number_of_reviews":null},"shade_groups":null,"short_description":null,"skin":null,"skin_goal":null,"skus":{"total":1,"items":[{"color_family":null,"coverage_options":null,"cross_sell":null,"display_status":7,"finish":null,"finish_options":null,"fragrances":[{"family":null,"key":null,"value":null}],"iln_listing":null,"iln_version_number":null,"inventory_status":"Active","is_active":true,"is_coming_soon":null,"is_default_sku":false,"is_discountable":true,"is_displayable":null,"is_engravable":null,"is_fragrance":null,"is_giftable":null,"is_giftwrap":false,"is_inactive":null,"is_multi_shaded":null,"is_out_of_stock":null,"is_preorder":false,"is_preorderable":null,"is_promotional":null,"is_replenishable":false,"is_search_suppressed":null,"is_searchable":true,"is_shaded":null,"is_sized":null,"is_sold_out":null,"is_under_weight_hazmat":false,"is_vto_enabled":null,"life_of_product":"Limited life","material_code":"KXC4010000","media":{"large":[{"alt":"Fresh Pressed 7 Günlük Vitamin C Bakım Desteği Seti: (karma/yağlı ciltler)","height":1200,"position":0,"src":"/media/export/cms/products/1200x1500/cl_sku_KXC401_1200x1500_0.png","type":"image","width":1500}],"medium":[{"alt":"Fresh Pressed 7 Günlük Vitamin C Bakım Desteği Seti: (karma/yağlı ciltler)","height":600,"position":1,"src":"/media/export/cms/products/600x750/cl_sku_KXC401_600x750_0.png","type":"image","width":750}],"model":null,"poster":null,"small":[{"alt":"Fresh Pressed 7 Günlük Vitamin C Bakım Desteği Seti: (karma/yağlı ciltler)","height":1200,"position":2,"src":"/media/export/cms/products/1200x1500/cl_sku_KXC401_1200x1500_0.png","type":"image","width":1500}],"smoosh":null,"xl":null},"out_of_stock_threshold":null,"perlgem":{"SKU_BASE_ID":119613},"preorder_date":null,"prices":[{"currency":"TRY","exclude_tax":{"original_price":255,"original_price_formatted":"255.00 TL","price":255,"price_formatted":"255.00 TL","price_per_unit":null,"price_per_unit_formatted":""},"include_tax":{"original_price":255,"original_price_formatted":"255.00 TL","price":255,"price_formatted":"255.00 TL","price_per_unit":null,"price_per_unit_formatted":""},"is_discounted":false}],"purchase_limit":null,"replenishment":{"message":null},"reviews":{"average_rating":null,"number_of_questions":null,"number_of_reviews":null},"set_components":null,"shade_groups":null,"shades":null,"sizes":[{"key":1,"value":null}],"skin":{"tone":null,"type":null,"type_description":null},"sku_badge":null,"sku_badge_image":null,"sku_display_order":0,"sku_id":"KXC401","sku_promo_messaging":null,"sku_type":"SE","sku_url":null,"tags":{"total":4,"items":[{"id":"17859","key":"çok-satanlar","value":"ÇOK SATANLAR"},{"id":"17860","key":"makyaj-ci̇lt-bakim-parfüm-setleri̇","value":"MAKYAJ & CİLT BAKIM & PARFÜM SETLERİ"},{"id":"1590","key":"i̇ndi̇ri̇mli̇-ürünler","value":"İNDİRİMLİ ÜRÜNLER"},{"id":"1687","key":"yüz-nemlendi̇ri̇ci̇","value":"YÜZ NEMLENDİRİCİ"}]},"texture":null,"undertone":null,"unit_of_measure":null,"unit_size":null,"unit_size_formatted":null,"upc":"192333071335","vto":{"is_color_experience":null,"is_foundation_experience":null}}]},"sub_display_name":null,"sub_header":null,"tags":{"total":4,"items":[{"id":"17859","key":"çok-satanlar","parent_tag_id":null,"product_display_order":23,"value":"ÇOK SATANLAR"},{"id":"17860","key":"makyaj-ci̇lt-bakim-parfüm-setleri̇","parent_tag_id":null,"product_display_order":0,"value":"MAKYAJ & CİLT BAKIM & PARFÜM SETLERİ"},{"id":"1590","key":"i̇ndi̇ri̇mli̇-ürünler","parent_tag_id":null,"product_display_order":0,"value":"İNDİRİMLİ ÜRÜNLER"},{"id":"1687","key":"yüz-nemlendi̇ri̇ci̇","parent_tag_id":"1667","product_display_order":12,"value":"YÜZ NEMLENDİRİCİ"}]},"usage":[{"content":null,"label":"PRODUCT USAGE","type":"product_usage"},{"content":null,"label":"HOW DOES IT WORK","type":"how_does_it_work"},{"content":null,"label":"WHO IT IS FOR","type":"who_it_is_for"},{"content":null,"label":"GREAT TO KNOW","type":"great_to_know"},{"content":null,"label":"WHAT_IT_DOES","type":"what_it_does"},{"content":null,"label":"WHAT_IT_IS","type":"what_it_is"}],"objectID":"78084"},{"benefit":null,"brand":null,"collection":[{"key":"dramatically-dif-collection","value":"dramatically_dif_collection"},{"key":"acne-solutions-collection","value":"acne_solutions_collection"}],"coverage":null,"cross_sell":null,"default_category":{"id":"25564","key":"cliniqueids"},"description":"Kişiselleştirilmiş nemlendirici kartuş cilt kusurlarınızı gidermeye yardımcı olur ve nemlendirme sağlar. Gözle görülür bir biçimde pürüzler, fazla yağlanma ve kızarıklık gibi cilt kusurlarını azaltmak için içeriğinde salisilik asit barındırır. Tercih ettiğiniz iD nemlendiriciye ekleyerek kullanabilirsiniz.Salisilik Asit ile kendine en uygun kombinasyonu seç. Kişiselleştirilmiş iD nemlendiricini yarat.&nbsp; Salisilik Asit siyah nokta, cilt kusurları, kızarıklık, sivilce ve sivilceye neden olan etmenleri cildinden arındırır ve temiz bir cilt sağlar.","display_mode":null,"display_name":"Clinique iD Aktif Kartuş Konsantresi - Cilt Kusurları","display_status":7,"finish":null,"form":[{"key":"gel-form","value":"gel_form"},{"key":"water-jelly-form","value":"water_jelly_form"},{"key":"watery-form","value":"watery_form"}],"formula_type":null,"fragrance_family":null,"indexable_keywords":null,"is_hazmat":false,"is_product_coming_soon":null,"is_product_displayable":true,"is_product_searchable":true,"is_product_shoppable":true,"is_product_sold_out":null,"is_product_temporarily_out_of_stock":null,"is_search_suppressed":null,"key_ingredient":null,"media":{"large":[{"alt":"Clinique iD Aktif Kartuş Konsantresi - Cilt Kusurları","height":1200,"position":0,"src":"/media/export/cms/products/1200x1500/cl_prod_79003_1200x1500_0.png","type":"image","width":1500},{"alt":"Clinique iD Aktif Kartuş Konsantresi - Cilt Kusurları","height":1200,"position":1,"src":"/media/export/cms/products/1200x1500/cl_prod_79003_1200x1500_1.png","type":"image","width":1500},{"alt":"Clinique iD Aktif Kartuş Konsantresi - Cilt Kusurları","height":1200,"position":2,"src":"/media/export/cms/products/1200x1500/cl_prod_79003_1200x1500_2.png","type":"image","width":1500}],"medium":null,"poster":null,"small":[{"alt":"Clinique iD Aktif Kartuş Konsantresi - Cilt Kusurları","height":1200,"position":3,"src":"/media/export/cms/products/1200x1500/cl_prod_79003_1200x1500_0.png","type":"image","width":1500},{"alt":"Clinique iD Aktif Kartuş Konsantresi - Cilt Kusurları","height":1200,"position":4,"src":"/media/export/cms/products/1200x1500/cl_prod_79003_1200x1500_1.png","type":"image","width":1500},{"alt":"Clinique iD Aktif Kartuş Konsantresi - Cilt Kusurları","height":1200,"position":5,"src":"/media/export/cms/products/1200x1500/cl_prod_79003_1200x1500_2.png","type":"image","width":1500}],"videos":[{"position":null,"poster":{"height":null,"src":null,"width":null},"provider":"YouTube","src":null},{"position":null,"poster":{"height":null,"src":null,"width":null},"provider":"YouTube","src":null},{"position":null,"poster":{"height":null,"src":null,"width":null},"provider":"YouTube","src":null}],"xl":null},"meta":{"description":null,"keywords":null},"parent_category":[{"id":"25564","value":"cliniqueIds"}],"product_badge":null,"product_id":"79003","product_title_tag":null,"product_type":"Sized","product_url":"/product/25564/79003/cliniqueids/clinique-id-aktif-kartus-konsantresi--cilt-kusurlar","reviews":{"average_rating":null,"number_of_questions":null,"number_of_reviews":null},"shade_groups":null,"short_description":null,"skin":{"concern":[{"key":"acne-concern","value":"acne_concern"},{"key":"oil-free-concern","value":"oil_free_concern"},{"key":"sensitive-concern","value":"sensitive_concern"}]},"skin_goal":null,"skus":{"total":1,"items":[{"color_family":null,"coverage_options":null,"cross_sell":null,"display_status":7,"finish":null,"finish_options":null,"fragrances":[{"family":null,"key":null,"value":null}],"iln_listing":null,"iln_version_number":null,"inventory_status":"Active","is_active":true,"is_coming_soon":null,"is_default_sku":true,"is_discountable":true,"is_displayable":null,"is_engravable":null,"is_fragrance":null,"is_giftable":null,"is_giftwrap":false,"is_inactive":null,"is_multi_shaded":null,"is_out_of_stock":null,"is_preorder":false,"is_preorderable":null,"is_promotional":null,"is_replenishable":false,"is_search_suppressed":null,"is_searchable":true,"is_shaded":null,"is_sized":null,"is_sold_out":null,"is_under_weight_hazmat":false,"is_vto_enabled":null,"life_of_product":"Basic Reorder","material_code":"KPP3010000","media":{"large":[{"alt":"Clinique iD Aktif Kartuş Konsantresi - Cilt Kusurları","height":1200,"position":0,"src":"/media/export/cms/products/1200x1500/cl_sku_KPP301_1200x1500_0.png","type":"image","width":1500}],"medium":[{"alt":"Clinique iD Aktif Kartuş Konsantresi - Cilt Kusurları","height":600,"position":1,"src":"/media/export/cms/products/600x750/cl_sku_KPP301_600x750_0.png","type":"image","width":750}],"model":null,"poster":null,"small":[{"alt":"Clinique iD Aktif Kartuş Konsantresi - Cilt Kusurları","height":1200,"position":2,"src":"/media/export/cms/products/1200x1500/cl_sku_KPP301_1200x1500_0.png","type":"image","width":1500}],"smoosh":null,"xl":null},"out_of_stock_threshold":null,"perlgem":{"SKU_BASE_ID":120795},"preorder_date":null,"prices":[{"currency":"TRY","exclude_tax":{"original_price":100,"original_price_formatted":"100.00 TL","price":100,"price_formatted":"100.00 TL","price_per_unit":null,"price_per_unit_formatted":""},"include_tax":{"original_price":100,"original_price_formatted":"100.00 TL","price":100,"price_formatted":"100.00 TL","price_per_unit":null,"price_per_unit_formatted":""},"is_discounted":false}],"purchase_limit":null,"replenishment":{"message":null},"reviews":{"average_rating":null,"number_of_questions":null,"number_of_reviews":null},"set_components":null,"shade_groups":null,"shades":null,"sizes":[{"key":1,"value":".34  oz"}],"skin":{"tone":null,"type":null,"type_description":null},"sku_badge":null,"sku_badge_image":null,"sku_display_order":0,"sku_id":"KPP301","sku_promo_messaging":null,"sku_type":"SE","sku_url":null,"tags":{"total":1,"items":[{"id":"25564","key":"cliniqueids","value":"cliniqueIds"}]},"texture":null,"undertone":null,"unit_of_measure":null,"unit_size":null,"unit_size_formatted":null,"upc":"192333042335","vto":{"is_color_experience":null,"is_foundation_experience":null}}]},"sub_display_name":null,"sub_header":null,"tags":{"total":1,"items":[{"id":"25564","key":"cliniqueids","parent_tag_id":null,"product_display_order":0,"value":"cliniqueIds"}]},"usage":[{"content":null,"label":"PRODUCT USAGE","type":"product_usage"},{"content":null,"label":"HOW DOES IT WORK","type":"how_does_it_work"},{"content":null,"label":"WHO IT IS FOR","type":"who_it_is_for"},{"content":null,"label":"GREAT TO KNOW","type":"great_to_know"},{"content":null,"label":"WHAT_IT_DOES","type":"what_it_does"},{"content":null,"label":"WHAT_IT_IS","type":"what_it_is"}],"objectID":"79003"},{"benefit":{"statement":null,"benefits":null},"brand":null,"collection":null,"coverage":null,"cross_sell":null,"default_category":{"id":"1628","key":"-evde-bakim"},"description":null,"display_mode":null,"display_name":"BCA - Donation","display_status":7,"finish":null,"form":null,"formula_type":null,"fragrance_family":null,"indexable_keywords":null,"is_hazmat":false,"is_product_coming_soon":null,"is_product_displayable":true,"is_product_searchable":true,"is_product_shoppable":true,"is_product_sold_out":null,"is_product_temporarily_out_of_stock":null,"is_search_suppressed":null,"key_ingredient":null,"media":{"large":null,"medium":null,"poster":null,"small":null,"videos":[{"position":null,"poster":{"height":null,"src":null,"width":null},"provider":null,"src":null},{"position":null,"poster":{"height":null,"src":null,"width":null},"provider":null,"src":null},{"position":null,"poster":{"height":null,"src":null,"width":null},"provider":null,"src":null}],"xl":null},"meta":{"description":null,"keywords":null},"parent_category":[{"id":"1628","value":"# EVDE BAKIM"}],"product_badge":null,"product_id":"79322","product_title_tag":null,"product_type":"Other","product_url":"/product/1628/79322/evde-bakim/bca--donation","reviews":{"average_rating":null,"number_of_questions":null,"number_of_reviews":null},"shade_groups":null,"short_description":null,"skin":null,"skin_goal":null,"skus":{"total":4,"items":[{"color_family":null,"coverage_options":null,"cross_sell":null,"display_status":1,"finish":null,"finish_options":null,"fragrances":[{"family":null,"key":null,"value":null}],"iln_listing":null,"iln_version_number":null,"inventory_status":"Active","is_active":true,"is_coming_soon":null,"is_default_sku":false,"is_discountable":false,"is_displayable":null,"is_engravable":null,"is_fragrance":null,"is_giftable":null,"is_giftwrap":true,"is_inactive":null,"is_multi_shaded":null,"is_out_of_stock":null,"is_preorder":false,"is_preorderable":null,"is_promotional":null,"is_replenishable":false,"is_search_suppressed":null,"is_searchable":true,"is_shaded":null,"is_sized":null,"is_sold_out":null,"is_under_weight_hazmat":false,"is_vto_enabled":null,"life_of_product":"Limited life","material_code":"CLNAOE0000","media":{"large":[{"alt":"BCA - Donation","height":1200,"position":0,"src":"/media/export/cms/products/1200x1500/cl_sku_CLNAOE_1200x1500_0.png","type":"image","width":1500}],"medium":[{"alt":"BCA - Donation","height":600,"position":1,"src":"/media/export/cms/products/600x750/cl_sku_CLNAOE_600x750_0.png","type":"image","width":750}],"model":null,"poster":null,"small":[{"alt":"BCA - Donation","height":1200,"position":2,"src":"/media/export/cms/products/1200x1500/cl_sku_CLNAOE_1200x1500_0.png","type":"image","width":1500}],"smoosh":null,"xl":null},"out_of_stock_threshold":null,"perlgem":{"SKU_BASE_ID":121190},"preorder_date":null,"prices":[{"currency":"TRY","exclude_tax":{"original_price":10,"original_price_formatted":"10.00 TL","price":10,"price_formatted":"10.00 TL","price_per_unit":null,"price_per_unit_formatted":""},"include_tax":{"original_price":10,"original_price_formatted":"10.00 TL","price":10,"price_formatted":"10.00 TL","price_per_unit":null,"price_per_unit_formatted":""},"is_discounted":false}],"purchase_limit":null,"replenishment":{"message":null},"reviews":{"average_rating":null,"number_of_questions":null,"number_of_reviews":null},"set_components":null,"shade_groups":null,"shades":null,"sizes":[{"key":1,"value":null}],"skin":{"tone":null,"type":null,"type_description":null},"sku_badge":null,"sku_badge_image":null,"sku_display_order":0,"sku_id":"CLNAOE","sku_promo_messaging":null,"sku_type":"SE","sku_url":null,"tags":{"total":3,"items":[{"id":"27411","key":"donation","value":"Donation"},{"id":"1628","key":"-evde-bakim","value":"# EVDE BAKIM"},{"id":"7502","key":"meme-kanseri-bilinçlendirme-kampanyası","value":"Meme Kanseri Bilinçlendirme Kampanyası"}]},"texture":null,"undertone":null,"unit_of_measure":null,"unit_size":null,"unit_size_formatted":null,"upc":"020000000616","vto":{"is_color_experience":null,"is_foundation_experience":null}},{"color_family":null,"coverage_options":null,"cross_sell":null,"display_status":1,"finish":null,"finish_options":null,"fragrances":[{"family":null,"key":null,"value":null}],"iln_listing":null,"iln_version_number":null,"inventory_status":"Active","is_active":true,"is_coming_soon":null,"is_default_sku":false,"is_discountable":false,"is_displayable":null,"is_engravable":null,"is_fragrance":null,"is_giftable":null,"is_giftwrap":true,"is_inactive":null,"is_multi_shaded":null,"is_out_of_stock":null,"is_preorder":false,"is_preorderable":null,"is_promotional":null,"is_replenishable":false,"is_search_suppressed":null,"is_searchable":true,"is_shaded":null,"is_sized":null,"is_sold_out":null,"is_under_weight_hazmat":false,"is_vto_enabled":null,"life_of_product":"Limited life","material_code":"CLNAOC0000","media":{"large":[{"alt":"BCA - Donation","height":1200,"position":0,"src":"/media/export/cms/products/1200x1500/cl_sku_CLNAOC_1200x1500_0.png","type":"image","width":1500}],"medium":[{"alt":"BCA - Donation","height":600,"position":1,"src":"/media/export/cms/products/600x750/cl_sku_CLNAOC_600x750_0.png","type":"image","width":750}],"model":null,"poster":null,"small":[{"alt":"BCA - Donation","height":1200,"position":2,"src":"/media/export/cms/products/1200x1500/cl_sku_CLNAOC_1200x1500_0.png","type":"image","width":1500}],"smoosh":null,"xl":null},"out_of_stock_threshold":null,"perlgem":{"SKU_BASE_ID":121188},"preorder_date":null,"prices":[{"currency":"TRY","exclude_tax":{"original_price":1,"original_price_formatted":"1.00 TL","price":1,"price_formatted":"1.00 TL","price_per_unit":null,"price_per_unit_formatted":""},"include_tax":{"original_price":1,"original_price_formatted":"1.00 TL","price":1,"price_formatted":"1.00 TL","price_per_unit":null,"price_per_unit_formatted":""},"is_discounted":false}],"purchase_limit":null,"replenishment":{"message":null},"reviews":{"average_rating":null,"number_of_questions":null,"number_of_reviews":null},"set_components":null,"shade_groups":null,"shades":null,"sizes":[{"key":1,"value":null}],"skin":{"tone":null,"type":null,"type_description":null},"sku_badge":null,"sku_badge_image":null,"sku_display_order":0,"sku_id":"CLNAOC","sku_promo_messaging":null,"sku_type":"SE","sku_url":null,"tags":{"total":3,"items":[{"id":"27411","key":"donation","value":"Donation"},{"id":"1628","key":"-evde-bakim","value":"# EVDE BAKIM"},{"id":"7502","key":"meme-kanseri-bilinçlendirme-kampanyası","value":"Meme Kanseri Bilinçlendirme Kampanyası"}]},"texture":null,"undertone":null,"unit_of_measure":null,"unit_size":null,"unit_size_formatted":null,"upc":"020000000614","vto":{"is_color_experience":null,"is_foundation_experience":null}},{"color_family":null,"coverage_options":null,"cross_sell":null,"display_status":1,"finish":null,"finish_options":null,"fragrances":[{"family":null,"key":null,"value":null}],"iln_listing":null,"iln_version_number":null,"inventory_status":"Active","is_active":true,"is_coming_soon":null,"is_default_sku":false,"is_discountable":false,"is_displayable":null,"is_engravable":null,"is_fragrance":null,"is_giftable":null,"is_giftwrap":true,"is_inactive":null,"is_multi_shaded":null,"is_out_of_stock":null,"is_preorder":false,"is_preorderable":null,"is_promotional":null,"is_replenishable":false,"is_search_suppressed":null,"is_searchable":true,"is_shaded":null,"is_sized":null,"is_sold_out":null,"is_under_weight_hazmat":false,"is_vto_enabled":null,"life_of_product":"Limited life","material_code":"CLNAOD0000","media":{"large":[{"alt":"BCA - Donation","height":1200,"position":0,"src":"/media/export/cms/products/1200x1500/cl_sku_CLNAOD_1200x1500_0.png","type":"image","width":1500}],"medium":[{"alt":"BCA - Donation","height":600,"position":1,"src":"/media/export/cms/products/600x750/cl_sku_CLNAOD_600x750_0.png","type":"image","width":750}],"model":null,"poster":null,"small":[{"alt":"BCA - Donation","height":1200,"position":2,"src":"/media/export/cms/products/1200x1500/cl_sku_CLNAOD_1200x1500_0.png","type":"image","width":1500}],"smoosh":null,"xl":null},"out_of_stock_threshold":null,"perlgem":{"SKU_BASE_ID":121189},"preorder_date":null,"prices":[{"currency":"TRY","exclude_tax":{"original_price":5,"original_price_formatted":"5.00 TL","price":5,"price_formatted":"5.00 TL","price_per_unit":null,"price_per_unit_formatted":""},"include_tax":{"original_price":5,"original_price_formatted":"5.00 TL","price":5,"price_formatted":"5.00 TL","price_per_unit":null,"price_per_unit_formatted":""},"is_discounted":false}],"purchase_limit":null,"replenishment":{"message":null},"reviews":{"average_rating":null,"number_of_questions":null,"number_of_reviews":null},"set_components":null,"shade_groups":null,"shades":null,"sizes":[{"key":1,"value":null}],"skin":{"tone":null,"type":null,"type_description":null},"sku_badge":null,"sku_badge_image":null,"sku_display_order":0,"sku_id":"CLNAOD","sku_promo_messaging":null,"sku_type":"SE","sku_url":null,"tags":{"total":3,"items":[{"id":"27411","key":"donation","value":"Donation"},{"id":"1628","key":"-evde-bakim","value":"# EVDE BAKIM"},{"id":"7502","key":"meme-kanseri-bilinçlendirme-kampanyası","value":"Meme Kanseri Bilinçlendirme Kampanyası"}]},"texture":null,"undertone":null,"unit_of_measure":null,"unit_size":null,"unit_size_formatted":null,"upc":"020000000615","vto":{"is_color_experience":null,"is_foundation_experience":null}},{"color_family":null,"coverage_options":null,"cross_sell":null,"display_status":7,"finish":null,"finish_options":null,"fragrances":[{"family":null,"key":null,"value":null}],"iln_listing":null,"iln_version_number":null,"inventory_status":"Active","is_active":true,"is_coming_soon":null,"is_default_sku":false,"is_discountable":false,"is_displayable":null,"is_engravable":null,"is_fragrance":null,"is_giftable":null,"is_giftwrap":true,"is_inactive":null,"is_multi_shaded":null,"is_out_of_stock":null,"is_preorder":false,"is_preorderable":null,"is_promotional":null,"is_replenishable":false,"is_search_suppressed":null,"is_searchable":true,"is_shaded":null,"is_sized":null,"is_sold_out":null,"is_under_weight_hazmat":false,"is_vto_enabled":null,"life_of_product":"Limited life","material_code":"CLNAOF0000","media":{"large":[{"alt":"BCA - Donation","height":1200,"position":0,"src":"/media/export/cms/products/1200x1500/cl_sku_CLNAOF_1200x1500_0.png","type":"image","width":1500}],"medium":[{"alt":"BCA - Donation","height":600,"position":1,"src":"/media/export/cms/products/600x750/cl_sku_CLNAOF_600x750_0.png","type":"image","width":750}],"model":null,"poster":null,"small":[{"alt":"BCA - Donation","height":1200,"position":2,"src":"/media/export/cms/products/1200x1500/cl_sku_CLNAOF_1200x1500_0.png","type":"image","width":1500}],"smoosh":null,"xl":null},"out_of_stock_threshold":null,"perlgem":{"SKU_BASE_ID":121191},"preorder_date":null,"prices":[{"currency":"TRY","exclude_tax":{"original_price":15,"original_price_formatted":"15.00 TL","price":15,"price_formatted":"15.00 TL","price_per_unit":null,"price_per_unit_formatted":""},"include_tax":{"original_price":15,"original_price_formatted":"15.00 TL","price":15,"price_formatted":"15.00 TL","price_per_unit":null,"price_per_unit_formatted":""},"is_discounted":false}],"purchase_limit":null,"replenishment":{"message":null},"reviews":{"average_rating":null,"number_of_questions":null,"number_of_reviews":null},"set_components":null,"shade_groups":null,"shades":null,"sizes":[{"key":1,"value":null}],"skin":{"tone":null,"type":null,"type_description":null},"sku_badge":null,"sku_badge_image":null,"sku_display_order":1,"sku_id":"CLNAOF","sku_promo_messaging":null,"sku_type":"SE","sku_url":null,"tags":{"total":2,"items":[{"id":"27411","key":"donation","value":"Donation"},{"id":"1628","key":"-evde-bakim","value":"# EVDE BAKIM"}]},"texture":null,"undertone":null,"unit_of_measure":null,"unit_size":null,"unit_size_formatted":null,"upc":"020000000617","vto":{"is_color_experience":null,"is_foundation_experience":null}}]},"sub_display_name":null,"sub_header":null,"tags":{"total":3,"items":[{"id":"27411","key":"donation","parent_tag_id":"1585","product_display_order":0,"value":"Donation"},{"id":"1628","key":"-evde-bakim","parent_tag_id":null,"product_display_order":0,"value":"# EVDE BAKIM"},{"id":"7502","key":"meme-kanseri-bilinçlendirme-kampanyası","parent_tag_id":null,"product_display_order":0,"value":"Meme Kanseri Bilinçlendirme Kampanyası"}]},"usage":[{"content":null,"label":"PRODUCT USAGE","type":"product_usage"},{"content":null,"label":"HOW DOES IT WORK","type":"how_does_it_work"},{"content":null,"label":"WHO IT IS FOR","type":"who_it_is_for"},{"content":null,"label":"GREAT TO KNOW","type":"great_to_know"},{"content":null,"label":"WHAT_IT_DOES","type":"what_it_does"},{"content":null,"label":"WHAT_IT_IS","type":"what_it_is"}],"objectID":"79322"},{"benefit":{"statement":null,"benefits":null},"brand":null,"collection":null,"coverage":null,"cross_sell":null,"default_category":{"id":"17860","key":"makyaj-ci̇lt-bakim-parfüm-setleri̇"},"description":"<P>Set içeriği:</P><P>Superdefense™ Broad Spectrum SPF 25 Fatigue + 1st Signs of Age Multi-Correcting Nemlendirici Krem, 1.7oz./ 50ml</P><P>Clinique Fresh Pressed™ Daily Booster with Pure Vitamin C 10%, 0.25oz./ 8.5ml</P><P>All About Eyes™, Göz Bakım Kremi&nbsp; 0.17oz./ 5ml</P>","display_mode":null,"display_name":"Derm Pro Yorgunluk Karşıtı Cilt Bakım Seti","display_status":7,"finish":null,"form":null,"formula_type":null,"fragrance_family":null,"indexable_keywords":null,"is_hazmat":false,"is_product_coming_soon":null,"is_product_displayable":true,"is_product_searchable":true,"is_product_shoppable":true,"is_product_sold_out":null,"is_product_temporarily_out_of_stock":null,"is_search_suppressed":null,"key_ingredient":null,"media":{"large":null,"medium":null,"poster":null,"small":null,"videos":[{"position":null,"poster":{"height":null,"src":null,"width":null},"provider":"YouTube","src":null},{"position":null,"poster":{"height":null,"src":null,"width":null},"provider":"YouTube","src":null},{"position":null,"poster":{"height":null,"src":null,"width":null},"provider":"YouTube","src":null}],"xl":null},"meta":{"description":null,"keywords":null},"parent_category":[{"id":"17860","value":"MAKYAJ & CİLT BAKIM & PARFÜM SETLERİ"}],"product_badge":null,"product_id":"79600","product_title_tag":null,"product_type":"Other","product_url":"/product/17860/79600/makyaj-cilt-bakim-parfum-setleri/derm-pro-yorgunluk-karst-cilt-bakm-seti","reviews":{"average_rating":null,"number_of_questions":null,"number_of_reviews":null},"shade_groups":null,"short_description":null,"skin":null,"skin_goal":null,"skus":{"total":1,"items":[{"color_family":null,"coverage_options":null,"cross_sell":null,"display_status":7,"finish":null,"finish_options":null,"fragrances":[{"family":null,"key":null,"value":null}],"iln_listing":null,"iln_version_number":null,"inventory_status":"Active","is_active":true,"is_coming_soon":null,"is_default_sku":false,"is_discountable":false,"is_displayable":null,"is_engravable":null,"is_fragrance":null,"is_giftable":null,"is_giftwrap":false,"is_inactive":null,"is_multi_shaded":null,"is_out_of_stock":null,"is_preorder":false,"is_preorderable":null,"is_promotional":null,"is_replenishable":false,"is_search_suppressed":null,"is_searchable":true,"is_shaded":null,"is_sized":null,"is_sold_out":null,"is_under_weight_hazmat":false,"is_vto_enabled":null,"life_of_product":"Limited life","material_code":"KTYJ010000","media":{"large":[{"alt":"Derm Pro Yorgunluk Karşıtı Cilt Bakım Seti","height":1200,"position":0,"src":"/media/export/cms/products/1200x1500/cl_sku_KTYJ01_1200x1500_0.png","type":"image","width":1500}],"medium":[{"alt":"Derm Pro Yorgunluk Karşıtı Cilt Bakım Seti","height":600,"position":1,"src":"/media/export/cms/products/600x750/cl_sku_KTYJ01_600x750_0.png","type":"image","width":750}],"model":null,"poster":null,"small":[{"alt":"Derm Pro Yorgunluk Karşıtı Cilt Bakım Seti","height":1200,"position":2,"src":"/media/export/cms/products/1200x1500/cl_sku_KTYJ01_1200x1500_0.png","type":"image","width":1500}],"smoosh":null,"xl":null},"out_of_stock_threshold":null,"perlgem":{"SKU_BASE_ID":121506},"preorder_date":null,"prices":[{"currency":"TRY","exclude_tax":{"original_price":430,"original_price_formatted":"430.00 TL","price":430,"price_formatted":"430.00 TL","price_per_unit":null,"price_per_unit_formatted":""},"include_tax":{"original_price":430,"original_price_formatted":"430.00 TL","price":430,"price_formatted":"430.00 TL","price_per_unit":null,"price_per_unit_formatted":""},"is_discounted":false}],"purchase_limit":null,"replenishment":{"message":null},"reviews":{"average_rating":null,"number_of_questions":null,"number_of_reviews":null},"set_components":null,"shade_groups":null,"shades":null,"sizes":[{"key":1,"value":null}],"skin":{"tone":null,"type":null,"type_description":null},"sku_badge":null,"sku_badge_image":null,"sku_display_order":0,"sku_id":"KTYJ01","sku_promo_messaging":null,"sku_type":"SE","sku_url":null,"tags":{"total":6,"items":[{"id":"9423","key":"seasonal1","value":"seasonal1"},{"id":"4323","key":"yeni̇-ürünler","value":"YENİ ÜRÜNLER"},{"id":"17860","key":"makyaj-ci̇lt-bakim-parfüm-setleri̇","value":"MAKYAJ & CİLT BAKIM & PARFÜM SETLERİ"},{"id":"16422","key":"gifts","value":"Gifts"},{"id":"1590","key":"i̇ndi̇ri̇mli̇-ürünler","value":"İNDİRİMLİ ÜRÜNLER"},{"id":"1685","key":"hedi̇yeler-setler","value":"HEDİYELER & SETLER"}]},"texture":null,"undertone":null,"unit_of_measure":null,"unit_size":null,"unit_size_formatted":null,"upc":"192333060148","vto":{"is_color_experience":null,"is_foundation_experience":null}}]},"sub_display_name":null,"sub_header":null,"tags":{"total":6,"items":[{"id":"9423","key":"seasonal1","parent_tag_id":"9420","product_display_order":0,"value":"seasonal1"},{"id":"4323","key":"yeni̇-ürünler","parent_tag_id":null,"product_display_order":0,"value":"YENİ ÜRÜNLER"},{"id":"17860","key":"makyaj-ci̇lt-bakim-parfüm-setleri̇","parent_tag_id":null,"product_display_order":0,"value":"MAKYAJ & CİLT BAKIM & PARFÜM SETLERİ"},{"id":"16422","key":"gifts","parent_tag_id":"1585","product_display_order":0,"value":"Gifts"},{"id":"1590","key":"i̇ndi̇ri̇mli̇-ürünler","parent_tag_id":null,"product_display_order":0,"value":"İNDİRİMLİ ÜRÜNLER"},{"id":"1685","key":"hedi̇yeler-setler","parent_tag_id":"1684","product_display_order":0,"value":"HEDİYELER & SETLER"}]},"usage":[{"content":null,"label":"PRODUCT USAGE","type":"product_usage"},{"content":null,"label":"HOW DOES IT WORK","type":"how_does_it_work"},{"content":null,"label":"WHO IT IS FOR","type":"who_it_is_for"},{"content":null,"label":"GREAT TO KNOW","type":"great_to_know"},{"content":null,"label":"WHAT_IT_DOES","type":"what_it_does"},{"content":null,"label":"WHAT_IT_IS","type":"what_it_is"}],"objectID":"79600"},{"benefit":{"statement":null,"benefits":null},"brand":null,"collection":null,"coverage":null,"cross_sell":null,"default_category":{"id":"17860","key":"makyaj-ci̇lt-bakim-parfüm-setleri̇"},"description":"<P>Even Better Clinical™ Radical Koyu Leke Serumu 50ml<BR>Cilt Tipleri: Tüm cilt tipleri için uygundur.<BR>Clinique'in ilk radikal koyu leke serumu. Ciltteki lekeleri önler ve varolan lekelerin renginin açılmasına yardımcı olur. Koyu lekeleri ve akne lekelerini azaltır. Cildin netliğini arttırır.Nazik ve güçlü aydınlatıcı molekülümüzün iki katına sahip; yeni ve geliştirilmiş ürün formülü ile lekelere karşı savaşır.</P><P>Fresh Pressed Günlük Bakım Desteği Saf C Vitamini</P><P>Eşsiz yaşlanma karşıtı Booster, cildi aydınlatmak, eşitlemek ve yeniden yapılandırmak için saf taze C vitamini konsantrasyonundan faydalanır. .<BR>Ne işe Yarar?<BR>Sabahları taze sıkılmış meyve suyunun veya vitaminin vücudunuzun sağlıklı kalmanıza yardımcı olması gibi, bu süper güçlü Booster, cildi dışardan gözle görülür bir şekilde gençleştirmek ve yaşlanma karşıtı rutininizi harekete geçirmek için günlük bir tamamlayıcı olarak tasarlandı. Sabah ve akşam 2 damlayı kendi nemlendiriciniz ile karıştırın ve sonuçları görün:<BR>İlk uygulamada daha aydınlık bir cilt.<BR>yaşlanma belirtilerinde azalma<BR>Zaman içinde çizgi ve kırışıklık görünümünde azalma<BR>Daha fazla bilgi<BR>Taze daha güçlü demektir. Saf C vitamini oksijenle birleştiğinde doğal olarak çözünür, bu yüzden tazeyken daha güçlüdür. İsole teknolojili ambalajlar saf C Vitaminini aktive edene kadar korur, daha güçlü sonuçlar için tazeliğini saklar.</P><P>Smart SPF 15 Akıllı Onarım Nemlendiricisi 15 ml<BR>Cilt Tipleri: Tüm cilt tipleri için uygundur.<BR>&nbsp;Akıllı teknolojisi sayesinde zararlı UV ışınlarına karşı korumada ilk adım olarak önerilir. Aynı zamanda çizgi, kırışıklık, donukluk görünümü ve esneklik kaybı gibi birden fazla endişenin görünen etkileri bakımından fark yaratmaya yardımcı olur. Görünen kırışıklıkların azalmasına ve cildin daha gergin gözükmesine yardımcı olur. Vitamin C ve Ergothioneine ile birlikte aydınlatıcı bitkiler Dianella Ensifolia ve Scutellaria Baicelensis Root Özü koyu leke görünümünü ve cilt renk tonu eşitsizliğini azaltmaya ve daha eşit renk tonlu bir cilt yaratmaya yardımcı olur.</P>","display_mode":null,"display_name":"Lekeli Ciltlere Özel Cilt Bakım Seti","display_status":7,"finish":null,"form":null,"formula_type":null,"fragrance_family":null,"indexable_keywords":null,"is_hazmat":false,"is_product_coming_soon":null,"is_product_displayable":true,"is_product_searchable":true,"is_product_shoppable":false,"is_product_sold_out":null,"is_product_temporarily_out_of_stock":null,"is_search_suppressed":null,"key_ingredient":null,"media":{"large":null,"medium":null,"poster":null,"small":null,"videos":[{"position":null,"poster":{"height":null,"src":null,"width":null},"provider":null,"src":null},{"position":null,"poster":{"height":null,"src":null,"width":null},"provider":null,"src":null},{"position":null,"poster":{"height":null,"src":null,"width":null},"provider":null,"src":null}],"xl":null},"meta":{"description":null,"keywords":null},"parent_category":[{"id":"17860","value":"MAKYAJ & CİLT BAKIM & PARFÜM SETLERİ"}],"product_badge":null,"product_id":"79604","product_title_tag":null,"product_type":"Other","product_url":"/product/17860/79604/makyaj-cilt-bakim-parfum-setleri/lekeli-ciltlere-ozel-cilt-bakm-seti","reviews":{"average_rating":null,"number_of_questions":null,"number_of_reviews":null},"shade_groups":null,"short_description":null,"skin":null,"skin_goal":null,"skus":{"total":1,"items":[{"color_family":null,"coverage_options":null,"cross_sell":null,"display_status":7,"finish":null,"finish_options":null,"fragrances":[{"family":null,"key":null,"value":null}],"iln_listing":null,"iln_version_number":null,"inventory_status":"Sold Out","is_active":null,"is_coming_soon":null,"is_default_sku":false,"is_discountable":true,"is_displayable":null,"is_engravable":null,"is_fragrance":null,"is_giftable":null,"is_giftwrap":true,"is_inactive":null,"is_multi_shaded":null,"is_out_of_stock":null,"is_preorder":false,"is_preorderable":null,"is_promotional":null,"is_replenishable":false,"is_search_suppressed":null,"is_searchable":true,"is_shaded":null,"is_sized":null,"is_sold_out":true,"is_under_weight_hazmat":false,"is_vto_enabled":null,"life_of_product":"Limited life","material_code":"KTYP010000","media":{"large":[{"alt":"Lekeli Ciltlere Özel Cilt Bakım Seti","height":1200,"position":0,"src":"/media/export/cms/products/1200x1500/cl_sku_KTYP01_1200x1500_0.png","type":"image","width":1500}],"medium":[{"alt":"Lekeli Ciltlere Özel Cilt Bakım Seti","height":600,"position":1,"src":"/media/export/cms/products/600x750/cl_sku_KTYP01_600x750_0.png","type":"image","width":750}],"model":null,"poster":null,"small":[{"alt":"Lekeli Ciltlere Özel Cilt Bakım Seti","height":1200,"position":2,"src":"/media/export/cms/products/1200x1500/cl_sku_KTYP01_1200x1500_0.png","type":"image","width":1500}],"smoosh":null,"xl":null},"out_of_stock_threshold":null,"perlgem":{"SKU_BASE_ID":121509},"preorder_date":null,"prices":[{"currency":"TRY","exclude_tax":{"original_price":855,"original_price_formatted":"855.00 TL","price":855,"price_formatted":"855.00 TL","price_per_unit":null,"price_per_unit_formatted":""},"include_tax":{"original_price":855,"original_price_formatted":"855.00 TL","price":855,"price_formatted":"855.00 TL","price_per_unit":null,"price_per_unit_formatted":""},"is_discounted":false}],"purchase_limit":null,"replenishment":{"message":null},"reviews":{"average_rating":null,"number_of_questions":null,"number_of_reviews":null},"set_components":null,"shade_groups":null,"shades":null,"sizes":[{"key":1,"value":null}],"skin":{"tone":null,"type":null,"type_description":null},"sku_badge":"VALUE $120.50","sku_badge_image":null,"sku_display_order":0,"sku_id":"KTYP01","sku_promo_messaging":null,"sku_type":"SE","sku_url":null,"tags":{"total":5,"items":[{"id":"1685","key":"hedi̇yeler-setler","value":"HEDİYELER & SETLER"},{"id":"4323","key":"yeni̇-ürünler","value":"YENİ ÜRÜNLER"},{"id":"9423","key":"seasonal1","value":"seasonal1"},{"id":"17860","key":"makyaj-ci̇lt-bakim-parfüm-setleri̇","value":"MAKYAJ & CİLT BAKIM & PARFÜM SETLERİ"},{"id":"16422","key":"gifts","value":"Gifts"}]},"texture":null,"undertone":null,"unit_of_measure":null,"unit_size":null,"unit_size_formatted":null,"upc":"192333060193","vto":{"is_color_experience":null,"is_foundation_experience":null}}]},"sub_display_name":null,"sub_header":null,"tags":{"total":5,"items":[{"id":"1685","key":"hedi̇yeler-setler","parent_tag_id":"1684","product_display_order":0,"value":"HEDİYELER & SETLER"},{"id":"4323","key":"yeni̇-ürünler","parent_tag_id":null,"product_display_order":0,"value":"YENİ ÜRÜNLER"},{"id":"9423","key":"seasonal1","parent_tag_id":"9420","product_display_order":0,"value":"seasonal1"},{"id":"17860","key":"makyaj-ci̇lt-bakim-parfüm-setleri̇","parent_tag_id":null,"product_display_order":0,"value":"MAKYAJ & CİLT BAKIM & PARFÜM SETLERİ"},{"id":"16422","key":"gifts","parent_tag_id":"1585","product_display_order":0,"value":"Gifts"}]},"usage":[{"content":null,"label":"PRODUCT USAGE","type":"product_usage"},{"content":null,"label":"HOW DOES IT WORK","type":"how_does_it_work"},{"content":null,"label":"WHO IT IS FOR","type":"who_it_is_for"},{"content":null,"label":"GREAT TO KNOW","type":"great_to_know"},{"content":null,"label":"WHAT_IT_DOES","type":"what_it_does"},{"content":null,"label":"WHAT_IT_IS","type":"what_it_is"}],"objectID":"79604"},{"benefit":{"statement":null,"benefits":null},"brand":null,"collection":null,"coverage":null,"cross_sell":null,"default_category":{"id":"17860","key":"makyaj-ci̇lt-bakim-parfüm-setleri̇"},"description":"<P><STRONG>360 TL değerinde. </STRONG></P><P>Merhaba Sivilceler! Etrafınız sarıldı. Klinik olarak kanıtlanmış Anti Blemish Sivilce Karşıtı seri ile aktif sivilcelere karşı savaşmanın tam zamanı. <STRONG><EM>3 gün içinde %37 7 gün içinde %45 Sivilcelerden arınmış daha temiz bir cilt</EM> </STRONG>ve bu sadece bir başlangıç. </P><P>Sivilce karşıtı bakım seti ile sivilce karşıtı bakımın en iyilerini keşfedin</P><P><U><STRONG>Set içeriğinde neler var? </STRONG></U></P><P><STRONG><EM>Anti-Blemish Clinical Siyah Nokta ve Sivilce Karşıtı Bakım Jeli 30ml:</EM></STRONG></P><P><STRONG><U>Nedir?</U></STRONG></P><P>%1 Salisilik asit içeriğiyle cildi yatıştırmaya ve sivilcelerin azalmasına yardımcı olur. Günlük kullanım jeli, uygulandıktan sonra sivilcenin üzerinde etki etmeye başlar. Sivilcenin istenmeyen görünümünü sakinleştirirken yenilerinin oluşmasını engellemeye yardımcı olur. Sivilceye yatkın ciltler ve aktif sivilcesi olarnlar tüm yüzüne ya da sivilcelerin üzerine uygulayabilir. Cildi gözle görülür şekilde arındırmaya yardımcı olur.</P><P><STRONG><U>Nasıl kullanılır?</U></STRONG> </P><P>Cildinizi temizledikten sonra ince bir tabaka şeklinde uygulayın. Eğer sivilceler için başka bir ürün kullanıyorsanız sadece lokal olarak sivilcenin üzerine uygulayın. </P><P><STRONG><EM>Anti-Blemish Sivilce Karşıtı Çözüm Serisi Temizleyici Köpük&nbsp; 50ml:</EM></STRONG></P><P><U><STRONG>Nedir?</STRONG> </U></P><P>Sivilce karşıtı bakım sistemimizin 1. adımıdır. (1. Adım: Temizleme) % 2 Salisilik Asit içeren formülü ile son derece nazik ancak etkili bir temizleyicidir. Ciltte biriken yağı arındırır ve sivilce oluşumunu engeller. Ciltteki kızarıklığı ve iltihabı yatıştırır. Gözenekleri temiz tutmaya yardımcı olur, sivilcelerin ciltte yayılmasını engeller.</P><P><U><STRONG>Nasıl Kullanılır?</STRONG> </U></P><P>Gündüz ve gece olmak üzere günde iki kez kullanın. Uygulamak için parmağınıza 2-3 damla alın. Göz bölgesinden kaçınarak, ıslak cilde nazikçe masaj yapın. İyice durulayın ve ardından cildinizi kurulayın. Kuruluk veya soyulma meydana gelirse kullanımı azaltın. Lekeler temizlendikten sonra koruyucu bakım için kullanmaya devam edin.</P><P><STRONG><EM>Clinique Dramatically Different Oil Control Nemlendirici Jel 30ml: </EM></STRONG></P><P><U><STRONG>Nedir?</STRONG> </U></P><P>Yağlı ve karma ciltler için yağsız formülüyle gün boyu güçlü nemlendirme sağlar. Yağlı ciltleri dengelemeye ve yenilemeye yardımcı olan hafif, losyon-jel bir dokusu vardır. 8 saat boyunca yağsız nemlendirme sağlar. Hızlı emilir ve yağlı ciltler için cildi nemlendirirken yağ oranını dengelemeye yardımcı olur. </P><P><U><STRONG>Nasıl kullanılır?</STRONG> </U></P><P>Temiz ve arınmış cildinize nazikçe uygulayın.</P>","display_mode":null,"display_name":"Anti-Blemish Derm Pro Sivilce Karşıtı Bakım Seti","display_status":7,"finish":null,"form":null,"formula_type":null,"fragrance_family":null,"indexable_keywords":null,"is_hazmat":false,"is_product_coming_soon":null,"is_product_displayable":true,"is_product_searchable":true,"is_product_shoppable":false,"is_product_sold_out":null,"is_product_temporarily_out_of_stock":null,"is_search_suppressed":null,"key_ingredient":null,"media":{"large":null,"medium":null,"poster":null,"small":null,"videos":[{"position":null,"poster":{"height":null,"src":null,"width":null},"provider":"YouTube","src":null},{"position":null,"poster":{"height":null,"src":null,"width":null},"provider":"YouTube","src":null},{"position":null,"poster":{"height":null,"src":null,"width":null},"provider":"YouTube","src":null}],"xl":null},"meta":{"description":null,"keywords":null},"parent_category":[{"id":"17860","value":"MAKYAJ & CİLT BAKIM & PARFÜM SETLERİ"}],"product_badge":"360 TL DEĞERİNDE","product_id":"79606","product_title_tag":null,"product_type":"Other","product_url":"/product/17860/79606/makyaj-cilt-bakim-parfum-setleri/anti-blemish-derm-pro-sivilce-karst-bakm-seti","reviews":{"average_rating":null,"number_of_questions":null,"number_of_reviews":null},"shade_groups":null,"short_description":null,"skin":{"concern":[{"key":"acne-concern","value":"acne_concern"}]},"skin_goal":[{"key":"look-acne-free-skingoal","value":"look_acne_free_skingoal"}],"skus":{"total":1,"items":[{"color_family":null,"coverage_options":null,"cross_sell":null,"display_status":7,"finish":null,"finish_options":null,"fragrances":[{"family":null,"key":null,"value":null}],"iln_listing":null,"iln_version_number":null,"inventory_status":"Sold Out","is_active":null,"is_coming_soon":null,"is_default_sku":false,"is_discountable":true,"is_displayable":null,"is_engravable":null,"is_fragrance":null,"is_giftable":null,"is_giftwrap":true,"is_inactive":null,"is_multi_shaded":null,"is_out_of_stock":null,"is_preorder":false,"is_preorderable":null,"is_promotional":null,"is_replenishable":false,"is_search_suppressed":null,"is_searchable":true,"is_shaded":null,"is_sized":null,"is_sold_out":true,"is_under_weight_hazmat":false,"is_vto_enabled":null,"life_of_product":"Limited life","material_code":"KTYE010000","media":{"large":[{"alt":"Anti-Blemish Derm Pro Sivilce Karşıtı Bakım Seti","height":1200,"position":0,"src":"/media/export/cms/products/1200x1500/cl_sku_KTYE01_1200x1500_0.png","type":"image","width":1500}],"medium":[{"alt":"Anti-Blemish Derm Pro Sivilce Karşıtı Bakım Seti","height":600,"position":1,"src":"/media/export/cms/products/600x750/cl_sku_KTYE01_600x750_0.png","type":"image","width":750}],"model":null,"poster":null,"small":[{"alt":"Anti-Blemish Derm Pro Sivilce Karşıtı Bakım Seti","height":1200,"position":2,"src":"/media/export/cms/products/1200x1500/cl_sku_KTYE01_1200x1500_0.png","type":"image","width":1500}],"smoosh":null,"xl":null},"out_of_stock_threshold":null,"perlgem":{"SKU_BASE_ID":121512},"preorder_date":null,"prices":[{"currency":"TRY","exclude_tax":{"original_price":289,"original_price_formatted":"289.00 TL","price":289,"price_formatted":"289.00 TL","price_per_unit":null,"price_per_unit_formatted":""},"include_tax":{"original_price":289,"original_price_formatted":"289.00 TL","price":289,"price_formatted":"289.00 TL","price_per_unit":null,"price_per_unit_formatted":""},"is_discounted":false}],"purchase_limit":null,"replenishment":{"message":null},"reviews":{"average_rating":null,"number_of_questions":null,"number_of_reviews":null},"set_components":null,"shade_groups":null,"shades":null,"sizes":[{"key":1,"value":null}],"skin":{"tone":null,"type":null,"type_description":null},"sku_badge":"360 TL DEĞERİNDE","sku_badge_image":null,"sku_display_order":0,"sku_id":"KTYE01","sku_promo_messaging":null,"sku_type":"SE","sku_url":null,"tags":{"total":5,"items":[{"id":"4323","key":"yeni̇-ürünler","value":"YENİ ÜRÜNLER"},{"id":"16422","key":"gifts","value":"Gifts"},{"id":"9423","key":"seasonal1","value":"seasonal1"},{"id":"1685","key":"hedi̇yeler-setler","value":"HEDİYELER & SETLER"},{"id":"17860","key":"makyaj-ci̇lt-bakim-parfüm-setleri̇","value":"MAKYAJ & CİLT BAKIM & PARFÜM SETLERİ"}]},"texture":null,"undertone":null,"unit_of_measure":null,"unit_size":null,"unit_size_formatted":null,"upc":"192333060100","vto":{"is_color_experience":null,"is_foundation_experience":null}}]},"sub_display_name":"Diğer indirimlerle birleştirilemez.","sub_header":null,"tags":{"total":5,"items":[{"id":"4323","key":"yeni̇-ürünler","parent_tag_id":null,"product_display_order":0,"value":"YENİ ÜRÜNLER"},{"id":"16422","key":"gifts","parent_tag_id":"1585","product_display_order":0,"value":"Gifts"},{"id":"9423","key":"seasonal1","parent_tag_id":"9420","product_display_order":0,"value":"seasonal1"},{"id":"1685","key":"hedi̇yeler-setler","parent_tag_id":"1684","product_display_order":0,"value":"HEDİYELER & SETLER"},{"id":"17860","key":"makyaj-ci̇lt-bakim-parfüm-setleri̇","parent_tag_id":null,"product_display_order":0,"value":"MAKYAJ & CİLT BAKIM & PARFÜM SETLERİ"}]},"usage":[{"content":null,"label":"PRODUCT USAGE","type":"product_usage"},{"content":null,"label":"HOW DOES IT WORK","type":"how_does_it_work"},{"content":null,"label":"WHO IT IS FOR","type":"who_it_is_for"},{"content":null,"label":"GREAT TO KNOW","type":"great_to_know"},{"content":null,"label":"WHAT_IT_DOES","type":"what_it_does"},{"content":null,"label":"WHAT_IT_IS","type":"what_it_is"}],"objectID":"79606"},{"benefit":{"statement":null,"benefits":null},"brand":null,"collection":[{"key":"dramatically-dif-collection","value":"dramatically_dif_collection"}],"coverage":null,"cross_sell":null,"default_category":{"id":"1687","key":"yüz-nemlendi̇ri̇ci̇"},"description":null,"display_mode":null,"display_name":"Dramatically Different Nemlendirici Arındırıcı Jel","display_status":7,"finish":null,"form":[{"key":"gel-form","value":"gel_form"},{"key":"water-jelly-form","value":"water_jelly_form"},{"key":"watery-form","value":"watery_form"}],"formula_type":null,"fragrance_family":null,"indexable_keywords":null,"is_hazmat":false,"is_product_coming_soon":null,"is_product_displayable":true,"is_product_searchable":true,"is_product_shoppable":true,"is_product_sold_out":null,"is_product_temporarily_out_of_stock":null,"is_search_suppressed":null,"key_ingredient":null,"media":{"large":[{"alt":"Dramatically Different Nemlendirici Arındırıcı Jel","height":1200,"position":0,"src":"/media/export/cms/products/1200x1500/cl_prod_79609_1200x1500_0.png","type":"image","width":1500}],"medium":null,"poster":null,"small":[{"alt":"Dramatically Different Nemlendirici Arındırıcı Jel","height":1200,"position":1,"src":"/media/export/cms/products/1200x1500/cl_prod_79609_1200x1500_0.png","type":"image","width":1500}],"videos":[{"position":null,"poster":{"height":null,"src":null,"width":null},"provider":"YouTube","src":null},{"position":null,"poster":{"height":null,"src":null,"width":null},"provider":"YouTube","src":null},{"position":null,"poster":{"height":null,"src":null,"width":null},"provider":"YouTube","src":null}],"xl":null},"meta":{"description":null,"keywords":null},"parent_category":[{"id":"1687","value":"YÜZ NEMLENDİRİCİ"},{"id":"1667","value":"CİLT BAKIMI"}],"product_badge":"YENİ","product_id":"79609","product_title_tag":null,"product_type":"Sized","product_url":"/product/1687/79609/cilt-bakimi/yuz-nemlendirici/dramatically-different-nemlendirici-arndrc-jel","reviews":{"average_rating":null,"number_of_questions":null,"number_of_reviews":null},"shade_groups":null,"short_description":null,"skin":{"concern":[{"key":"acne-concern","value":"acne_concern"},{"key":"oil-free-concern","value":"oil_free_concern"},{"key":"sensitive-concern","value":"sensitive_concern"}]},"skin_goal":null,"skus":{"total":2,"items":[{"color_family":null,"coverage_options":null,"cross_sell":null,"display_status":7,"finish":null,"finish_options":null,"fragrances":[{"family":null,"key":null,"value":null}],"iln_listing":null,"iln_version_number":null,"inventory_status":"Active","is_active":true,"is_coming_soon":null,"is_default_sku":false,"is_discountable":true,"is_displayable":null,"is_engravable":null,"is_fragrance":null,"is_giftable":null,"is_giftwrap":true,"is_inactive":null,"is_multi_shaded":null,"is_out_of_stock":null,"is_preorder":false,"is_preorderable":null,"is_promotional":null,"is_replenishable":true,"is_search_suppressed":null,"is_searchable":true,"is_shaded":null,"is_sized":null,"is_sold_out":null,"is_under_weight_hazmat":false,"is_vto_enabled":null,"life_of_product":"Basic Reorder","material_code":"KPP4010000","media":{"large":[{"alt":"Dramatically Different Nemlendirici Arındırıcı Jel","height":1200,"position":0,"src":"/media/export/cms/products/1200x1500/cl_sku_KPP401_1200x1500_0.png","type":"image","width":1500}],"medium":[{"alt":"Dramatically Different Nemlendirici Arındırıcı Jel","height":600,"position":1,"src":"/media/export/cms/products/600x750/cl_sku_KPP401_600x750_0.png","type":"image","width":750}],"model":null,"poster":null,"small":[{"alt":"Dramatically Different Nemlendirici Arındırıcı Jel","height":1200,"position":2,"src":"/media/export/cms/products/1200x1500/cl_sku_KPP401_1200x1500_0.png","type":"image","width":1500}],"smoosh":null,"xl":null},"out_of_stock_threshold":null,"perlgem":{"SKU_BASE_ID":121515},"preorder_date":null,"prices":[{"currency":"TRY","exclude_tax":{"original_price":215,"original_price_formatted":"215.00 TL","price":215,"price_formatted":"215.00 TL","price_per_unit":null,"price_per_unit_formatted":""},"include_tax":{"original_price":215,"original_price_formatted":"215.00 TL","price":215,"price_formatted":"215.00 TL","price_per_unit":null,"price_per_unit_formatted":""},"is_discounted":false}],"purchase_limit":null,"replenishment":{"message":null},"reviews":{"average_rating":null,"number_of_questions":null,"number_of_reviews":null},"set_components":null,"shade_groups":null,"shades":null,"sizes":[{"key":1,"value":"50ml"}],"skin":{"tone":null,"type":null,"type_description":null},"sku_badge":null,"sku_badge_image":null,"sku_display_order":0,"sku_id":"KPP401","sku_promo_messaging":null,"sku_type":"SE","sku_url":null,"tags":{"total":2,"items":[{"id":"1687","key":"yüz-nemlendi̇ri̇ci̇","value":"YÜZ NEMLENDİRİCİ"},{"id":"1574","key":"nemlendi̇rme","value":"NEMLENDİRME"}]},"texture":null,"undertone":null,"unit_of_measure":null,"unit_size":null,"unit_size_formatted":null,"upc":"192333042342","vto":{"is_color_experience":null,"is_foundation_experience":null}},{"color_family":null,"coverage_options":null,"cross_sell":null,"display_status":7,"finish":null,"finish_options":null,"fragrances":[{"family":null,"key":null,"value":null}],"iln_listing":null,"iln_version_number":null,"inventory_status":"Active","is_active":true,"is_coming_soon":null,"is_default_sku":true,"is_discountable":true,"is_displayable":null,"is_engravable":null,"is_fragrance":null,"is_giftable":null,"is_giftwrap":false,"is_inactive":null,"is_multi_shaded":null,"is_out_of_stock":null,"is_preorder":false,"is_preorderable":null,"is_promotional":null,"is_replenishable":false,"is_search_suppressed":null,"is_searchable":true,"is_shaded":null,"is_sized":null,"is_sold_out":null,"is_under_weight_hazmat":false,"is_vto_enabled":null,"life_of_product":"Basic Reorder","material_code":"KT68010000","media":{"large":[{"alt":"Dramatically Different Nemlendirici Arındırıcı Jel","height":1200,"position":0,"src":"/media/export/cms/products/1200x1500/cl_sku_KT6801_1200x1500_0.png","type":"image","width":1500}],"medium":[{"alt":"Dramatically Different Nemlendirici Arındırıcı Jel","height":600,"position":1,"src":"/media/export/cms/products/600x750/cl_sku_KT6801_600x750_0.png","type":"image","width":750}],"model":null,"poster":null,"small":[{"alt":"Dramatically Different Nemlendirici Arındırıcı Jel","height":1200,"position":2,"src":"/media/export/cms/products/1200x1500/cl_sku_KT6801_1200x1500_0.png","type":"image","width":1500}],"smoosh":null,"xl":null},"out_of_stock_threshold":null,"perlgem":{"SKU_BASE_ID":121516},"preorder_date":null,"prices":[{"currency":"TRY","exclude_tax":{"original_price":69,"original_price_formatted":"69.00 TL","price":69,"price_formatted":"69.00 TL","price_per_unit":null,"price_per_unit_formatted":""},"include_tax":{"original_price":69,"original_price_formatted":"69.00 TL","price":69,"price_formatted":"69.00 TL","price_per_unit":null,"price_per_unit_formatted":""},"is_discounted":false}],"purchase_limit":null,"replenishment":{"message":null},"reviews":{"average_rating":null,"number_of_questions":null,"number_of_reviews":null},"set_components":null,"shade_groups":null,"shades":null,"sizes":[{"key":1,"value":"30ml"}],"skin":{"tone":null,"type":null,"type_description":null},"sku_badge":null,"sku_badge_image":null,"sku_display_order":0,"sku_id":"KT6801","sku_promo_messaging":null,"sku_type":"SE","sku_url":null,"tags":{"total":3,"items":[{"id":"1687","key":"yüz-nemlendi̇ri̇ci̇","value":"YÜZ NEMLENDİRİCİ"},{"id":"1590","key":"i̇ndi̇ri̇mli̇-ürünler","value":"İNDİRİMLİ ÜRÜNLER"},{"id":"1574","key":"nemlendi̇rme","value":"NEMLENDİRME"}]},"texture":null,"undertone":null,"unit_of_measure":null,"unit_size":null,"unit_size_formatted":null,"upc":"192333053850","vto":{"is_color_experience":null,"is_foundation_experience":null}}]},"sub_display_name":null,"sub_header":null,"tags":{"total":3,"items":[{"id":"1687","key":"yüz-nemlendi̇ri̇ci̇","parent_tag_id":"1667","product_display_order":15,"value":"YÜZ NEMLENDİRİCİ"},{"id":"1590","key":"i̇ndi̇ri̇mli̇-ürünler","parent_tag_id":null,"product_display_order":0,"value":"İNDİRİMLİ ÜRÜNLER"},{"id":"1574","key":"nemlendi̇rme","parent_tag_id":"1570","product_display_order":0,"value":"NEMLENDİRME"}]},"usage":[{"content":null,"label":"PRODUCT USAGE","type":"product_usage"},{"content":null,"label":"HOW DOES IT WORK","type":"how_does_it_work"},{"content":null,"label":"WHO IT IS FOR","type":"who_it_is_for"},{"content":null,"label":"GREAT TO KNOW","type":"great_to_know"},{"content":"Tüm cildinize ya da nemlendirmeye ihtiyaç olan bölgeye uygulayın. Günde 2 kere uygulayın.<BR>En iyi sonuç için Facial Soap Temizleyici ve Arındırıcı Losyon'umuzdan sonra uygulayın","label":"WHAT_IT_DOES","type":"what_it_does"},{"content":"<P>3 Adımlı cilt bakım sistemimizin 3. adımıdır. </P><P>Cildi 24 saat boyunca nemlendiren ve cildi günlük olarak maruz kaldığı çevre kirliliğine karşı koruyan %100 şeffaf, yağsız,su-jel. Clean Shield Teknolojisi ile ciltte bir filtre görevi görür ve hava kirliliklerine karşı cildi koruyarak 24 saat boyunca kesintisiz nem verir. C</P><P>ildin nem bariyerini güçlendirir ve cildin esnekliğini arttırır. Su-jel formülü sayesinde cilt tarafından hızlıca emilir ve anında daha taze bir his verir. </P><P>Yağsız formülü sayesinde ciltte ağırlık bırakmaz. </P><P>Cildi daha pürüzsüz, daha sağlıklı ve doğal ışıltısına kavuşturur. </P><P>Kanıtlanmış sonuçlar %87'ye kadar hava kirliliğine karşı cildi korur.* * Cilt modellerinde test edilmiştir. Clean Shield Teknolojisi ile güçlendirilmiş aktif içerikler:Ayçiçeği tohumu, Salatalık Özü ile cildin nem bariyerini güçlendirir, dayanıklılığını arttırır ve cildin doğal nem dengesini düzenler. Hyalüronik Asit(Hümektan) mıknatıs görevi yaparak havadaki nemi cilde çeker.</P>","label":"WHAT_IT_IS","type":"what_it_is"}],"objectID":"79609"},{"benefit":{"statement":null,"benefits":[{"key":"hydrating-benefit","value":"hydrating_benefit"},{"key":"moisturizing-benefit","value":"moisturizing_benefit"}]},"brand":null,"collection":[{"key":"moisture-surge-collection","value":"moisture_surge_collection"}],"coverage":null,"cross_sell":null,"default_category":{"id":"1687","key":"yüz-nemlendi̇ri̇ci̇"},"description":"<P>Yoğun Nem için yeni bir başlangıç! </P><P>Güçlendirilmiş yeni kremsi jel formülüyle anında yoğun nem etkisi hem de 72 saat boyunca. Cilt bariyerini güçlendiren özel lipid teknolojisi ve yatıştırıcı Cica Bitkisi Özü ile Yeni Moisture Surge Intense 72 Saat Nem Koruma Teknolojili Nemlendirici.</P><P>İçten Dışa İyilik! Hem cildine hem de doğaya iyi gelecek <STRONG>sürdürülebilir ambalajlı</STRONG> temiz içerikli Clinique formülünü keşfet. </P><P><STRONG>Şimdi sürdürülebilir ambalajlarında: tüm boyutları geri dönüştürülebilir camdan üretilmektedir.</STRONG></P>","display_mode":null,"display_name":"Moisture Surge™ Intense72 Saat Nem Koruma Teknolojili Nemlendirici","display_status":7,"finish":null,"form":[{"key":"cream-form","value":"cream_form"},{"key":"gel-form","value":"gel_form"}],"formula_type":null,"fragrance_family":null,"indexable_keywords":null,"is_hazmat":false,"is_product_coming_soon":null,"is_product_displayable":true,"is_product_searchable":true,"is_product_shoppable":true,"is_product_sold_out":null,"is_product_temporarily_out_of_stock":null,"is_search_suppressed":null,"key_ingredient":null,"media":{"large":[{"alt":"Moisture Surge™ Intense72 Saat Nem Koruma Teknolojili Nemlendirici","height":1200,"position":0,"src":"/media/export/cms/products/1200x1500/cl_prod_79628_1200x1500_0.png","type":"image","width":1500},{"alt":"Moisture Surge™ Intense72 Saat Nem Koruma Teknolojili Nemlendirici","height":1200,"position":1,"src":"/media/export/cms/products/1200x1500/cl_prod_79628_1200x1500_1.png","type":"image","width":1500},{"alt":"Moisture Surge™ Intense72 Saat Nem Koruma Teknolojili Nemlendirici","height":1200,"position":2,"src":"/media/export/cms/products/1200x1500/cl_prod_79628_1200x1500_2.png","type":"image","width":1500},{"alt":"Moisture Surge™ Intense72 Saat Nem Koruma Teknolojili Nemlendirici","height":1200,"position":3,"src":"/media/export/cms/products/1200x1500/cl_prod_79628_1200x1500_3.png","type":"image","width":1500}],"medium":null,"poster":null,"small":[{"alt":"Moisture Surge™ Intense72 Saat Nem Koruma Teknolojili Nemlendirici","height":1200,"position":4,"src":"/media/export/cms/products/1200x1500/cl_prod_79628_1200x1500_0.png","type":"image","width":1500},{"alt":"Moisture Surge™ Intense72 Saat Nem Koruma Teknolojili Nemlendirici","height":1200,"position":5,"src":"/media/export/cms/products/1200x1500/cl_prod_79628_1200x1500_1.png","type":"image","width":1500},{"alt":"Moisture Surge™ Intense72 Saat Nem Koruma Teknolojili Nemlendirici","height":1200,"position":6,"src":"/media/export/cms/products/1200x1500/cl_prod_79628_1200x1500_2.png","type":"image","width":1500},{"alt":"Moisture Surge™ Intense72 Saat Nem Koruma Teknolojili Nemlendirici","height":1200,"position":7,"src":"/media/export/cms/products/1200x1500/cl_prod_79628_1200x1500_3.png","type":"image","width":1500}],"videos":[{"position":null,"poster":{"height":null,"src":null,"width":null},"provider":"YouTube","src":null},{"position":null,"poster":{"height":null,"src":null,"width":null},"provider":"YouTube","src":null},{"position":null,"poster":{"height":null,"src":null,"width":null},"provider":"YouTube","src":null}],"xl":null},"meta":{"description":null,"keywords":null},"parent_category":[{"id":"1687","value":"YÜZ NEMLENDİRİCİ"},{"id":"1667","value":"CİLT BAKIMI"}],"product_badge":"YENİ FORMÜL","product_id":"79628","product_title_tag":null,"product_type":"Sized","product_url":"/product/1687/79628/cilt-bakimi/yuz-nemlendirici/moisture-surgetm-intense72-saat-nem-koruma-teknolojili-nemlendirici","reviews":{"average_rating":null,"number_of_questions":null,"number_of_reviews":null},"shade_groups":null,"short_description":null,"skin":{"concern":[{"key":"oil-free-concern","value":"oil_free_concern"},{"key":"dry-concern","value":"dry_concern"},{"key":"dehydration-concern","value":"dehydration_concern"}]},"skin_goal":null,"skus":{"total":4,"items":[{"color_family":null,"coverage_options":null,"cross_sell":null,"display_status":3,"finish":null,"finish_options":null,"fragrances":[{"family":null,"key":null,"value":null}],"iln_listing":null,"iln_version_number":null,"inventory_status":"Active","is_active":true,"is_coming_soon":null,"is_default_sku":false,"is_discountable":true,"is_displayable":null,"is_engravable":null,"is_fragrance":null,"is_giftable":null,"is_giftwrap":true,"is_inactive":null,"is_multi_shaded":null,"is_out_of_stock":null,"is_preorder":false,"is_preorderable":null,"is_promotional":null,"is_replenishable":true,"is_search_suppressed":null,"is_searchable":true,"is_shaded":null,"is_sized":null,"is_sold_out":null,"is_under_weight_hazmat":false,"is_vto_enabled":null,"life_of_product":"Basic Reorder","material_code":"KPR7010000","media":{"large":[{"alt":"Moisture Surge™ Intense72 Saat Nem Koruma Teknolojili Nemlendirici","height":1200,"position":0,"src":"/media/export/cms/products/1200x1500/cl_sku_KPR701_1200x1500_0.png","type":"image","width":1500}],"medium":[{"alt":"Moisture Surge™ Intense72 Saat Nem Koruma Teknolojili Nemlendirici","height":600,"position":1,"src":"/media/export/cms/products/600x750/cl_sku_KPR701_600x750_0.png","type":"image","width":750}],"model":null,"poster":null,"small":[{"alt":"Moisture Surge™ Intense72 Saat Nem Koruma Teknolojili Nemlendirici","height":1200,"position":2,"src":"/media/export/cms/products/1200x1500/cl_sku_KPR701_1200x1500_0.png","type":"image","width":1500}],"smoosh":null,"xl":null},"out_of_stock_threshold":null,"perlgem":{"SKU_BASE_ID":121557},"preorder_date":null,"prices":[{"currency":"TRY","exclude_tax":{"original_price":165,"original_price_formatted":"165.00 TL","price":165,"price_formatted":"165.00 TL","price_per_unit":null,"price_per_unit_formatted":""},"include_tax":{"original_price":165,"original_price_formatted":"165.00 TL","price":165,"price_formatted":"165.00 TL","price_per_unit":null,"price_per_unit_formatted":""},"is_discounted":false}],"purchase_limit":null,"replenishment":{"message":null},"reviews":{"average_rating":null,"number_of_questions":null,"number_of_reviews":null},"set_components":null,"shade_groups":null,"shades":null,"sizes":[{"key":1,"value":"30ml"}],"skin":{"tone":null,"type":null,"type_description":null},"sku_badge":null,"sku_badge_image":null,"sku_display_order":0,"sku_id":"KPR701","sku_promo_messaging":null,"sku_type":"SE","sku_url":null,"tags":{"total":2,"items":[{"id":"1687","key":"yüz-nemlendi̇ri̇ci̇","value":"YÜZ NEMLENDİRİCİ"},{"id":"17859","key":"çok-satanlar","value":"ÇOK SATANLAR"}]},"texture":null,"undertone":null,"unit_of_measure":null,"unit_size":null,"unit_size_formatted":null,"upc":"192333042793","vto":{"is_color_experience":null,"is_foundation_experience":null}},{"color_family":null,"coverage_options":null,"cross_sell":null,"display_status":7,"finish":null,"finish_options":null,"fragrances":[{"family":null,"key":null,"value":null}],"iln_listing":null,"iln_version_number":null,"inventory_status":"Active","is_active":true,"is_coming_soon":null,"is_default_sku":false,"is_discountable":true,"is_displayable":null,"is_engravable":null,"is_fragrance":null,"is_giftable":null,"is_giftwrap":true,"is_inactive":null,"is_multi_shaded":null,"is_out_of_stock":null,"is_preorder":false,"is_preorderable":null,"is_promotional":null,"is_replenishable":true,"is_search_suppressed":null,"is_searchable":true,"is_shaded":null,"is_sized":null,"is_sold_out":null,"is_under_weight_hazmat":false,"is_vto_enabled":null,"life_of_product":"Basic Reorder","material_code":"KPR9010000","media":{"large":[{"alt":"Moisture Surge™ Intense72 Saat Nem Koruma Teknolojili Nemlendirici","height":1200,"position":0,"src":"/media/export/cms/products/1200x1500/cl_sku_KPR901_1200x1500_0.png","type":"image","width":1500}],"medium":[{"alt":"Moisture Surge™ Intense72 Saat Nem Koruma Teknolojili Nemlendirici","height":600,"position":1,"src":"/media/export/cms/products/600x750/cl_sku_KPR901_600x750_0.png","type":"image","width":750}],"model":null,"poster":null,"small":[{"alt":"Moisture Surge™ Intense72 Saat Nem Koruma Teknolojili Nemlendirici","height":1200,"position":2,"src":"/media/export/cms/products/1200x1500/cl_sku_KPR901_1200x1500_0.png","type":"image","width":1500}],"smoosh":null,"xl":null},"out_of_stock_threshold":null,"perlgem":{"SKU_BASE_ID":121559},"preorder_date":null,"prices":[{"currency":"TRY","exclude_tax":{"original_price":359,"original_price_formatted":"359.00 TL","price":359,"price_formatted":"359.00 TL","price_per_unit":null,"price_per_unit_formatted":""},"include_tax":{"original_price":359,"original_price_formatted":"359.00 TL","price":359,"price_formatted":"359.00 TL","price_per_unit":null,"price_per_unit_formatted":""},"is_discounted":false}],"purchase_limit":null,"replenishment":{"message":null},"reviews":{"average_rating":null,"number_of_questions":null,"number_of_reviews":null},"set_components":null,"shade_groups":null,"shades":null,"sizes":[{"key":1,"value":"75ml"}],"skin":{"tone":null,"type":null,"type_description":null},"sku_badge":null,"sku_badge_image":null,"sku_display_order":0,"sku_id":"KPR901","sku_promo_messaging":null,"sku_type":"SE","sku_url":null,"tags":{"total":2,"items":[{"id":"1687","key":"yüz-nemlendi̇ri̇ci̇","value":"YÜZ NEMLENDİRİCİ"},{"id":"17859","key":"çok-satanlar","value":"ÇOK SATANLAR"}]},"texture":null,"undertone":null,"unit_of_measure":null,"unit_size":null,"unit_size_formatted":null,"upc":"192333042816","vto":{"is_color_experience":null,"is_foundation_experience":null}},{"color_family":null,"coverage_options":null,"cross_sell":null,"display_status":7,"finish":null,"finish_options":null,"fragrances":[{"family":null,"key":null,"value":null}],"iln_listing":null,"iln_version_number":null,"inventory_status":"Active","is_active":true,"is_coming_soon":null,"is_default_sku":false,"is_discountable":true,"is_displayable":null,"is_engravable":null,"is_fragrance":null,"is_giftable":null,"is_giftwrap":true,"is_inactive":null,"is_multi_shaded":null,"is_out_of_stock":null,"is_preorder":false,"is_preorderable":null,"is_promotional":null,"is_replenishable":true,"is_search_suppressed":null,"is_searchable":true,"is_shaded":null,"is_sized":null,"is_sold_out":null,"is_under_weight_hazmat":false,"is_vto_enabled":null,"life_of_product":"Basic Reorder","material_code":"KPR6010000","media":{"large":[{"alt":"Moisture Surge™ Intense72 Saat Nem Koruma Teknolojili Nemlendirici","height":1200,"position":0,"src":"/media/export/cms/products/1200x1500/cl_sku_KPR601_1200x1500_0.png","type":"image","width":1500}],"medium":[{"alt":"Moisture Surge™ Intense72 Saat Nem Koruma Teknolojili Nemlendirici","height":600,"position":1,"src":"/media/export/cms/products/600x750/cl_sku_KPR601_600x750_0.png","type":"image","width":750}],"model":null,"poster":null,"small":[{"alt":"Moisture Surge™ Intense72 Saat Nem Koruma Teknolojili Nemlendirici","height":1200,"position":2,"src":"/media/export/cms/products/1200x1500/cl_sku_KPR601_1200x1500_0.png","type":"image","width":1500}],"smoosh":null,"xl":null},"out_of_stock_threshold":null,"perlgem":{"SKU_BASE_ID":121556},"preorder_date":null,"prices":[{"currency":"TRY","exclude_tax":{"original_price":89,"original_price_formatted":"89.00 TL","price":89,"price_formatted":"89.00 TL","price_per_unit":null,"price_per_unit_formatted":""},"include_tax":{"original_price":89,"original_price_formatted":"89.00 TL","price":89,"price_formatted":"89.00 TL","price_per_unit":null,"price_per_unit_formatted":""},"is_discounted":false}],"purchase_limit":null,"replenishment":{"message":null},"reviews":{"average_rating":null,"number_of_questions":null,"number_of_reviews":null},"set_components":null,"shade_groups":null,"shades":null,"sizes":[{"key":1,"value":"15ml"}],"skin":{"tone":null,"type":null,"type_description":null},"sku_badge":null,"sku_badge_image":null,"sku_display_order":0,"sku_id":"KPR601","sku_promo_messaging":null,"sku_type":"SE","sku_url":null,"tags":{"total":3,"items":[{"id":"1687","key":"yüz-nemlendi̇ri̇ci̇","value":"YÜZ NEMLENDİRİCİ"},{"id":"13659","key":"travel-minis","value":"Travel Minis"},{"id":"17859","key":"çok-satanlar","value":"ÇOK SATANLAR"}]},"texture":null,"undertone":null,"unit_of_measure":null,"unit_size":null,"unit_size_formatted":null,"upc":"192333042786","vto":{"is_color_experience":null,"is_foundation_experience":null}},{"color_family":null,"coverage_options":null,"cross_sell":null,"display_status":3,"finish":null,"finish_options":null,"fragrances":[{"family":null,"key":null,"value":null}],"iln_listing":null,"iln_version_number":null,"inventory_status":"Active","is_active":true,"is_coming_soon":null,"is_default_sku":false,"is_discountable":true,"is_displayable":null,"is_engravable":null,"is_fragrance":null,"is_giftable":null,"is_giftwrap":true,"is_inactive":null,"is_multi_shaded":null,"is_out_of_stock":null,"is_preorder":false,"is_preorderable":null,"is_promotional":null,"is_replenishable":true,"is_search_suppressed":null,"is_searchable":true,"is_shaded":null,"is_sized":null,"is_sold_out":null,"is_under_weight_hazmat":false,"is_vto_enabled":null,"life_of_product":"Basic Reorder","material_code":"KPR8010000","media":{"large":[{"alt":"Moisture Surge™ Intense72 Saat Nem Koruma Teknolojili Nemlendirici","height":1200,"position":0,"src":"/media/export/cms/products/1200x1500/cl_sku_KPR801_1200x1500_0.png","type":"image","width":1500}],"medium":[{"alt":"Moisture Surge™ Intense72 Saat Nem Koruma Teknolojili Nemlendirici","height":600,"position":1,"src":"/media/export/cms/products/600x750/cl_sku_KPR801_600x750_0.png","type":"image","width":750}],"model":null,"poster":null,"small":[{"alt":"Moisture Surge™ Intense72 Saat Nem Koruma Teknolojili Nemlendirici","height":1200,"position":2,"src":"/media/export/cms/products/1200x1500/cl_sku_KPR801_1200x1500_0.png","type":"image","width":1500}],"smoosh":null,"xl":null},"out_of_stock_threshold":null,"perlgem":{"SKU_BASE_ID":121558},"preorder_date":null,"prices":[{"currency":"TRY","exclude_tax":{"original_price":279,"original_price_formatted":"279.00 TL","price":279,"price_formatted":"279.00 TL","price_per_unit":null,"price_per_unit_formatted":""},"include_tax":{"original_price":279,"original_price_formatted":"279.00 TL","price":279,"price_formatted":"279.00 TL","price_per_unit":null,"price_per_unit_formatted":""},"is_discounted":false}],"purchase_limit":null,"replenishment":{"message":null},"reviews":{"average_rating":null,"number_of_questions":null,"number_of_reviews":null},"set_components":null,"shade_groups":null,"shades":null,"sizes":[{"key":1,"value":"50ml"}],"skin":{"tone":null,"type":null,"type_description":null},"sku_badge":null,"sku_badge_image":null,"sku_display_order":0,"sku_id":"KPR801","sku_promo_messaging":null,"sku_type":"SE","sku_url":null,"tags":{"total":2,"items":[{"id":"1687","key":"yüz-nemlendi̇ri̇ci̇","value":"YÜZ NEMLENDİRİCİ"},{"id":"17859","key":"çok-satanlar","value":"ÇOK SATANLAR"}]},"texture":null,"undertone":null,"unit_of_measure":null,"unit_size":null,"unit_size_formatted":null,"upc":"192333042809","vto":{"is_color_experience":null,"is_foundation_experience":null}}]},"sub_display_name":null,"sub_header":null,"tags":{"total":3,"items":[{"id":"1687","key":"yüz-nemlendi̇ri̇ci̇","parent_tag_id":"1667","product_display_order":0,"value":"YÜZ NEMLENDİRİCİ"},{"id":"13659","key":"travel-minis","parent_tag_id":"1667","product_display_order":0,"value":"Travel Minis"},{"id":"17859","key":"çok-satanlar","parent_tag_id":null,"product_display_order":1,"value":"ÇOK SATANLAR"}]},"usage":[{"content":"Temiz cilde sabah ve gece olmak üzere günde iki kez uygulayın. Tek başına veya makyaj altında, kuru noktalar üzerinde veya 5 dakikalık maske olarak kullanın.","label":"PRODUCT USAGE","type":"product_usage"},{"content":null,"label":"HOW DOES IT WORK","type":"how_does_it_work"},{"content":null,"label":"WHO IT IS FOR","type":"who_it_is_for"},{"content":null,"label":"GREAT TO KNOW","type":"great_to_know"},{"content":null,"label":"WHAT_IT_DOES","type":"what_it_does"},{"content":"<P>Lipid yenileme teknolojili, yatıştırıcı krem-jel formüllü yeni nemlendiricimiz, cilde nem konforunu tekrar sağlarken, 72 saat boyunca cilde nemi çeker ve ardından hapseder. Cildin nem bariyerini güçlendiren antioksidan korumasıyla cildi çevresel faktörlere karşı korur ve yaşlanmaya etken olan belirtileri engeller. Formülündeki Cica bitki özü sayesinde kuru ve hassas cildi anında yatıştırır ve rahatlatır. Cilt daha canlı, dolgun ve pürüzsüz gözükür</P><P>&nbsp;</P>","label":"WHAT_IT_IS","type":"what_it_is"}],"objectID":"79628"},{"benefit":{"statement":null,"benefits":null},"brand":null,"collection":[{"key":"moisture-surge-collection","value":"moisture_surge_collection"}],"coverage":null,"cross_sell":null,"default_category":{"id":"1687","key":"yüz-nemlendi̇ri̇ci̇"},"description":null,"display_mode":null,"display_name":"Moisture Surge 72 Saat Nem Koruma Teknolojili Nemlendirici Krem 200 ml","display_status":3,"finish":null,"form":[{"key":"cream-form","value":"cream_form"},{"key":"gel-form","value":"gel_form"}],"formula_type":null,"fragrance_family":null,"indexable_keywords":[{"value":"moisture surge"},{"value":" hydratation"},{"value":"crème hydratante"},{"value":"peaux sèches"},{"value":"soin intense"},{"value":" désaltérant"}],"is_hazmat":false,"is_product_coming_soon":null,"is_product_displayable":true,"is_product_searchable":true,"is_product_shoppable":false,"is_product_sold_out":null,"is_product_temporarily_out_of_stock":null,"is_search_suppressed":null,"key_ingredient":null,"media":{"large":null,"medium":null,"poster":null,"small":null,"videos":[{"position":null,"poster":{"height":null,"src":null,"width":null},"provider":null,"src":null},{"position":null,"poster":{"height":null,"src":null,"width":null},"provider":null,"src":null},{"position":null,"poster":{"height":null,"src":null,"width":null},"provider":null,"src":null}],"xl":null},"meta":{"description":null,"keywords":null},"parent_category":[{"id":"1687","value":"YÜZ NEMLENDİRİCİ"},{"id":"1667","value":"CİLT BAKIMI"}],"product_badge":null,"product_id":"80249","product_title_tag":null,"product_type":"Sized","product_url":"/product/1687/80249/cilt-bakimi/yuz-nemlendirici/moisture-surge-72-saat-nem-koruma-teknolojili-nemlendirici-krem-200-ml","reviews":{"average_rating":null,"number_of_questions":null,"number_of_reviews":null},"shade_groups":null,"short_description":null,"skin":null,"skin_goal":null,"skus":{"total":1,"items":[{"color_family":null,"coverage_options":null,"cross_sell":null,"display_status":3,"finish":null,"finish_options":null,"fragrances":[{"family":null,"key":null,"value":null}],"iln_listing":null,"iln_version_number":null,"inventory_status":"Sold Out","is_active":null,"is_coming_soon":null,"is_default_sku":false,"is_discountable":true,"is_displayable":null,"is_engravable":null,"is_fragrance":null,"is_giftable":null,"is_giftwrap":false,"is_inactive":null,"is_multi_shaded":null,"is_out_of_stock":null,"is_preorder":false,"is_preorderable":null,"is_promotional":null,"is_replenishable":false,"is_search_suppressed":null,"is_searchable":true,"is_shaded":null,"is_sized":null,"is_sold_out":true,"is_under_weight_hazmat":false,"is_vto_enabled":null,"life_of_product":"Limited life","material_code":"K4N0010000","media":{"large":[{"alt":"Moisture Surge 72 Saat Nem Koruma Teknolojili Nemlendirici Krem 200 ml","height":1200,"position":0,"src":"/media/export/cms/products/1200x1500/cl_sku_K4N001_1200x1500_0.png","type":"image","width":1500}],"medium":[{"alt":"Moisture Surge 72 Saat Nem Koruma Teknolojili Nemlendirici Krem 200 ml","height":600,"position":1,"src":"/media/export/cms/products/600x750/cl_sku_K4N001_600x750_0.png","type":"image","width":750}],"model":null,"poster":null,"small":[{"alt":"Moisture Surge 72 Saat Nem Koruma Teknolojili Nemlendirici Krem 200 ml","height":1200,"position":2,"src":"/media/export/cms/products/1200x1500/cl_sku_K4N001_1200x1500_0.png","type":"image","width":1500}],"smoosh":null,"xl":null},"out_of_stock_threshold":null,"perlgem":{"SKU_BASE_ID":122236},"preorder_date":null,"prices":[{"currency":"TRY","exclude_tax":{"original_price":399,"original_price_formatted":"399.00 TL","price":399,"price_formatted":"399.00 TL","price_per_unit":null,"price_per_unit_formatted":""},"include_tax":{"original_price":399,"original_price_formatted":"399.00 TL","price":399,"price_formatted":"399.00 TL","price_per_unit":null,"price_per_unit_formatted":""},"is_discounted":false}],"purchase_limit":null,"replenishment":{"message":null},"reviews":{"average_rating":null,"number_of_questions":null,"number_of_reviews":null},"set_components":null,"shade_groups":null,"shades":null,"sizes":[{"key":1,"value":"200ml"}],"skin":{"tone":null,"type":[{"key":"very-dry-skintype","value":"very_dry_skintype"},{"key":"dry-skintype","value":"dry_skintype"},{"key":"combination-skintype","value":"combination_skintype"},{"key":"oily-skintype","value":"oily_skintype"}],"type_description":null},"sku_badge":null,"sku_badge_image":null,"sku_display_order":0,"sku_id":"K4N001","sku_promo_messaging":null,"sku_type":"SE","sku_url":null,"tags":{"total":4,"items":[{"id":"17859","key":"çok-satanlar","value":"ÇOK SATANLAR"},{"id":"4323","key":"yeni̇-ürünler","value":"YENİ ÜRÜNLER"},{"id":"8388","key":"nem","value":"nem"},{"id":"1687","key":"yüz-nemlendi̇ri̇ci̇","value":"YÜZ NEMLENDİRİCİ"}]},"texture":null,"undertone":null,"unit_of_measure":null,"unit_size":null,"unit_size_formatted":null,"upc":"020714898212","vto":{"is_color_experience":null,"is_foundation_experience":null}}]},"sub_display_name":null,"sub_header":null,"tags":{"total":4,"items":[{"id":"17859","key":"çok-satanlar","parent_tag_id":null,"product_display_order":0,"value":"ÇOK SATANLAR"},{"id":"4323","key":"yeni̇-ürünler","parent_tag_id":null,"product_display_order":0,"value":"YENİ ÜRÜNLER"},{"id":"8388","key":"nem","parent_tag_id":"1667","product_display_order":0,"value":"nem"},{"id":"1687","key":"yüz-nemlendi̇ri̇ci̇","parent_tag_id":"1667","product_display_order":4,"value":"YÜZ NEMLENDİRİCİ"}]},"usage":[{"content":null,"label":"PRODUCT USAGE","type":"product_usage"},{"content":null,"label":"HOW DOES IT WORK","type":"how_does_it_work"},{"content":null,"label":"WHO IT IS FOR","type":"who_it_is_for"},{"content":null,"label":"GREAT TO KNOW","type":"great_to_know"},{"content":null,"label":"WHAT_IT_DOES","type":"what_it_does"},{"content":null,"label":"WHAT_IT_IS","type":"what_it_is"}],"objectID":"80249"},{"benefit":{"statement":null,"benefits":null},"brand":null,"collection":null,"coverage":null,"cross_sell":null,"default_category":{"id":"17860","key":"makyaj-ci̇lt-bakim-parfüm-setleri̇"},"description":"Take The Day Off 50 ml temizleyici hızlı ve etkili ve nazik bir şekilde makyajı temizler<BR>High Impact Maskara + Primer 2.4 gr<BR>Kirpikleri ayırarak en uzun ve en dolgun görünüm kazanmasına yardımcı olur. Kirpiklere doğal ve derin bir renk katarak dramatik görüntüye sahip olmasını destekler.Ambalajı açılan ürünlerin iadesi kabul edilmemektedir.","display_mode":null,"display_name":"Göz Makyajı Seti","display_status":7,"finish":null,"form":null,"formula_type":null,"fragrance_family":null,"indexable_keywords":null,"is_hazmat":true,"is_product_coming_soon":null,"is_product_displayable":true,"is_product_searchable":true,"is_product_shoppable":false,"is_product_sold_out":null,"is_product_temporarily_out_of_stock":null,"is_search_suppressed":null,"key_ingredient":null,"media":{"large":null,"medium":null,"poster":null,"small":null,"videos":[{"position":null,"poster":{"height":null,"src":null,"width":null},"provider":null,"src":null},{"position":null,"poster":{"height":null,"src":null,"width":null},"provider":null,"src":null},{"position":null,"poster":{"height":null,"src":null,"width":null},"provider":null,"src":null}],"xl":null},"meta":{"description":null,"keywords":null},"parent_category":[{"id":"17860","value":"MAKYAJ & CİLT BAKIM & PARFÜM SETLERİ"}],"product_badge":null,"product_id":"80395","product_title_tag":null,"product_type":"Other","product_url":"/product/17860/80395/makyaj-cilt-bakim-parfum-setleri/goz-makyaj-seti/goz-makyaj-seti","reviews":{"average_rating":null,"number_of_questions":null,"number_of_reviews":null},"shade_groups":null,"short_description":null,"skin":null,"skin_goal":null,"skus":{"total":1,"items":[{"color_family":null,"coverage_options":null,"cross_sell":null,"display_status":7,"finish":null,"finish_options":null,"fragrances":[{"family":null,"key":null,"value":null}],"iln_listing":null,"iln_version_number":null,"inventory_status":"Sold Out","is_active":null,"is_coming_soon":null,"is_default_sku":false,"is_discountable":true,"is_displayable":null,"is_engravable":null,"is_fragrance":null,"is_giftable":null,"is_giftwrap":false,"is_inactive":null,"is_multi_shaded":null,"is_out_of_stock":null,"is_preorder":false,"is_preorderable":null,"is_promotional":null,"is_replenishable":false,"is_search_suppressed":null,"is_searchable":true,"is_shaded":null,"is_sized":null,"is_sold_out":true,"is_under_weight_hazmat":false,"is_vto_enabled":null,"life_of_product":"Limited life","material_code":"CLTR330001","media":{"large":[{"alt":"Göz Makyajı Seti","height":1200,"position":0,"src":"/media/export/cms/products/1200x1500/cl_sku_CLTR33_1200x1500_0.png","type":"image","width":1500}],"medium":[{"alt":"Göz Makyajı Seti","height":600,"position":1,"src":"/media/export/cms/products/600x750/cl_sku_CLTR33_600x750_0.png","type":"image","width":750}],"model":null,"poster":null,"small":[{"alt":"Göz Makyajı Seti","height":1200,"position":2,"src":"/media/export/cms/products/1200x1500/cl_sku_CLTR33_1200x1500_0.png","type":"image","width":1500}],"smoosh":null,"xl":null},"out_of_stock_threshold":null,"perlgem":{"SKU_BASE_ID":122430},"preorder_date":null,"prices":[{"currency":"TRY","exclude_tax":{"original_price":178,"original_price_formatted":"178.00 TL","price":178,"price_formatted":"178.00 TL","price_per_unit":null,"price_per_unit_formatted":null},"include_tax":{"original_price":178,"original_price_formatted":"178.00 TL","price":178,"price_formatted":"178.00 TL","price_per_unit":null,"price_per_unit_formatted":null},"is_discounted":true}],"purchase_limit":null,"replenishment":{"message":null},"reviews":{"average_rating":null,"number_of_questions":null,"number_of_reviews":null},"set_components":[{"product":{"display_name":"Take The Day Off Makyaj Temizleyici Seyahat Boy - 50ml"},"quantity":1,"sku":{"shades":null,"sizes":[{"key":0,"value":"50ml"}],"sku_id":"6RK101"}},{"product":{"display_name":"Çift Taraflı Maskara+ - "},"quantity":1,"sku":{"shades":null,"sizes":[{"key":0,"value":null}],"sku_id":"K06W01"}}],"shade_groups":null,"shades":null,"sizes":[{"key":1,"value":null}],"skin":{"tone":null,"type":null,"type_description":null},"sku_badge":null,"sku_badge_image":null,"sku_display_order":0,"sku_id":"CLTR33","sku_promo_messaging":null,"sku_type":"SE","sku_url":null,"tags":{"total":2,"items":[{"id":"17860","key":"makyaj-ci̇lt-bakim-parfüm-setleri̇","value":"MAKYAJ & CİLT BAKIM & PARFÜM SETLERİ"},{"id":"17859","key":"çok-satanlar","value":"ÇOK SATANLAR"}]},"texture":null,"undertone":null,"unit_of_measure":null,"unit_size":null,"unit_size_formatted":null,"upc":"023000000033","vto":{"is_color_experience":null,"is_foundation_experience":null}}]},"sub_display_name":"Özel Fiyatlı Set","sub_header":null,"tags":{"total":2,"items":[{"id":"17860","key":"makyaj-ci̇lt-bakim-parfüm-setleri̇","parent_tag_id":null,"product_display_order":1,"value":"MAKYAJ & CİLT BAKIM & PARFÜM SETLERİ"},{"id":"17859","key":"çok-satanlar","parent_tag_id":null,"product_display_order":26,"value":"ÇOK SATANLAR"}]},"usage":[{"content":null,"label":"PRODUCT USAGE","type":"product_usage"},{"content":null,"label":"HOW DOES IT WORK","type":"how_does_it_work"},{"content":null,"label":"WHO IT IS FOR","type":"who_it_is_for"},{"content":null,"label":"GREAT TO KNOW","type":"great_to_know"},{"content":null,"label":"WHAT_IT_DOES","type":"what_it_does"},{"content":null,"label":"WHAT_IT_IS","type":"what_it_is"}],"objectID":"80395"},{"benefit":{"statement":null,"benefits":null},"brand":null,"collection":null,"coverage":null,"cross_sell":null,"default_category":{"id":"17860","key":"makyaj-ci̇lt-bakim-parfüm-setleri̇"},"description":"<body bgcolor='White' style='font-family:sans-serif;font-size:10pt;'><body bgcolor='White' style='font-family:sans-serif;font-size:10pt;'><body bgcolor='White' style='font-family:sans-serif;font-size:10pt;'><P>İndirimli Fiyat Ödeme Esnasında Sepete Yansıyacaktır!</P><P>Stoklarla Sınırlıdır! Diğer Kampanyalar Geçerli Değildir!</P><P>Set İçeriği:</P><P class=MsoNormal style=\"MARGIN: 0cm 0cm 0pt\"><FONT size=3><FONT face=Calibri>Moisture Surge 72 Saat Nem Koruma Teknolojili Nemlendirici Krem 30ml (orijinal boy)<?xml:namespace prefix = \"o\" ns = \"urn:schemas-microsoft-com:office:office\" /><o:p></o:p></FONT></FONT></P><P class=MsoNormal style=\"MARGIN: 0cm 0cm 0pt\"><FONT size=3><FONT face=Calibri>Take the Day Off Göz ve Makyaj Temizleyicisi 125ml (orijinal boy)<o:p></o:p></FONT></FONT></P><P class=MsoNormal style=\"MARGIN: 0cm 0cm 0pt\"><FONT size=3><FONT face=Calibri>Smart SPF 15 Akıllı Onarım Nemlendiricisi 15 ml <o:p></o:p></FONT></FONT></P><P class=MsoNormal style=\"MARGIN: 0cm 0cm 0pt\"><FONT size=3><FONT face=Calibri>High Impact Maskara + Primer Çift taraflı maskara (orijinal boy)<o:p></o:p></FONT></FONT></P><P class=MsoNormal style=\"MARGIN: 0cm 0cm 0pt\"><FONT size=3><FONT face=Calibri>Rinse Off Foaming Cleanser Yüz Temizleyici 30ml <o:p></o:p></FONT></FONT></P><P class=MsoNormal style=\"MARGIN: 0cm 0cm 0pt\"><FONT size=3><FONT face=Calibri>Even Better Pop Lip Ruj (orijinal boy)<o:p></o:p></FONT></FONT></P><P class=MsoNormal style=\"MARGIN: 0cm 0cm 0pt\"><FONT size=3><FONT face=Calibri>Fresh Pressed C Vitaminli Canlandırıcı Pudra Temizleyici (orijinal boy)<o:p></o:p></FONT></FONT></P><P class=MsoNormal style=\"MARGIN: 0cm 0cm 0pt\"><FONT size=3><FONT face=Calibri>Mini Dramatically Different Nemlendirici Losyon + 15 ml<o:p></o:p></FONT></FONT></P><P class=MsoNormal style=\"MARGIN: 0cm 0cm 0pt\"><FONT size=3><FONT face=Calibri>Clarifying Lotion Karma/Yağlı Cilt İçin Arındırıcı Losyon Tonik 3 30ml<o:p></o:p></FONT></FONT></P><P class=MsoNormal style=\"MARGIN: 0cm 0cm 0pt\"><FONT size=3><FONT face=Calibri><o:p></o:p></FONT></FONT></P><P class=MsoNormal style=\"MARGIN: 0cm 0cm 0pt\"><FONT size=3 face=Calibri>Makyaj Çantası</FONT><o:p></o:p></P><P>&nbsp;</P></body></body></body>","display_mode":null,"display_name":"11 ürünlü Clinique'in Favorileri Seti","display_status":7,"finish":null,"form":null,"formula_type":null,"fragrance_family":null,"indexable_keywords":null,"is_hazmat":true,"is_product_coming_soon":null,"is_product_displayable":true,"is_product_searchable":true,"is_product_shoppable":false,"is_product_sold_out":null,"is_product_temporarily_out_of_stock":null,"is_search_suppressed":null,"key_ingredient":null,"media":{"large":null,"medium":null,"poster":null,"small":null,"videos":[{"position":null,"poster":{"height":null,"src":null,"width":null},"provider":null,"src":null},{"position":null,"poster":{"height":null,"src":null,"width":null},"provider":null,"src":null},{"position":null,"poster":{"height":null,"src":null,"width":null},"provider":null,"src":null}],"xl":null},"meta":{"description":null,"keywords":null},"parent_category":[{"id":"17860","value":"MAKYAJ & CİLT BAKIM & PARFÜM SETLERİ"}],"product_badge":null,"product_id":"80405","product_title_tag":null,"product_type":"Other","product_url":"/product/17860/80405/makyaj-cilt-bakim-parfum-setleri/11-urunlu-cliniquein-favorileri-seti/11-urunlu-cliniquein-favorileri-seti","reviews":{"average_rating":null,"number_of_questions":null,"number_of_reviews":null},"shade_groups":null,"short_description":null,"skin":null,"skin_goal":null,"skus":{"total":1,"items":[{"color_family":null,"coverage_options":null,"cross_sell":null,"display_status":7,"finish":null,"finish_options":null,"fragrances":[{"family":null,"key":null,"value":null}],"iln_listing":null,"iln_version_number":null,"inventory_status":"Sold Out","is_active":null,"is_coming_soon":null,"is_default_sku":false,"is_discountable":true,"is_displayable":null,"is_engravable":null,"is_fragrance":null,"is_giftable":null,"is_giftwrap":false,"is_inactive":null,"is_multi_shaded":null,"is_out_of_stock":null,"is_preorder":false,"is_preorderable":null,"is_promotional":null,"is_replenishable":false,"is_search_suppressed":null,"is_searchable":true,"is_shaded":null,"is_sized":null,"is_sold_out":true,"is_under_weight_hazmat":false,"is_vto_enabled":null,"life_of_product":"Limited life","material_code":"CLTR320001","media":{"large":[{"alt":"11 ürünlü Clinique'in Favorileri Seti","height":1200,"position":0,"src":"/media/export/cms/products/1200x1500/cl_sku_CLTR32_1200x1500_0.png","type":"image","width":1500}],"medium":[{"alt":"11 ürünlü Clinique'in Favorileri Seti","height":600,"position":1,"src":"/media/export/cms/products/600x750/cl_sku_CLTR32_600x750_0.png","type":"image","width":750}],"model":null,"poster":null,"small":[{"alt":"11 ürünlü Clinique'in Favorileri Seti","height":1200,"position":2,"src":"/media/export/cms/products/1200x1500/cl_sku_CLTR32_1200x1500_0.png","type":"image","width":1500}],"smoosh":null,"xl":null},"out_of_stock_threshold":null,"perlgem":{"SKU_BASE_ID":122435},"preorder_date":null,"prices":[{"currency":"TRY","exclude_tax":{"original_price":941,"original_price_formatted":"941.00 TL","price":947,"price_formatted":"947.00 TL","price_per_unit":null,"price_per_unit_formatted":null},"include_tax":{"original_price":947,"original_price_formatted":"947.00 TL","price":947,"price_formatted":"947.00 TL","price_per_unit":null,"price_per_unit_formatted":null},"is_discounted":true}],"purchase_limit":null,"replenishment":{"message":null},"reviews":{"average_rating":null,"number_of_questions":null,"number_of_reviews":null},"set_components":[{"product":{"display_name":"Moisture Surge 72 Saat Etkili Uzman Cilt Bakım Seti - "},"quantity":1,"sku":{"shades":null,"sizes":[{"key":0,"value":null}],"sku_id":"KNXC01"}},{"product":{"display_name":"Çift Taraflı Maskara+ - "},"quantity":1,"sku":{"shades":null,"sizes":[{"key":0,"value":null}],"sku_id":"K06W01"}},{"product":{"display_name":"Isıltılı Makyaj Cantası - "},"quantity":1,"sku":{"shades":null,"sizes":[{"key":0,"value":null}],"sku_id":"KKHL90"}},{"product":{"display_name":"Take The Day Off Göz ve Dudak Makyaj Temizleyicisi - 125 ml"},"quantity":1,"sku":{"shades":null,"sizes":[{"key":0,"value":"125 ml"}],"sku_id":"60MK01"}},{"product":{"display_name":"Rinse-Off Foaming Yüz Temizleyici - 30 ml."},"quantity":1,"sku":{"shades":null,"sizes":[{"key":0,"value":"30 ml."}],"sku_id":"K4EC01"}},{"product":{"display_name":"Arındırıcı Losyon 2 Mini - 30ml"},"quantity":1,"sku":{"shades":null,"sizes":[{"key":0,"value":"30ml"}],"sku_id":"K82M40"}},{"product":{"display_name":"Dramatically Different Moisturizing Losyon+ 15ml Kuru/Kuru Karma Cilt - 15ml"},"quantity":1,"sku":{"shades":null,"sizes":[{"key":0,"value":"15ml"}],"sku_id":"K82G40"}},{"product":{"display_name":"Smart SPF 15 Akıllı Onarım Nemlendiricisi 15 ml - 15 ml"},"quantity":1,"sku":{"shades":null,"sizes":[{"key":0,"value":"15 ml"}],"sku_id":"ZMW901"}},{"product":{"display_name":"Moisture Surge Pop 3’ü 1 Arada Dudak Balmı - Lychee"},"quantity":1,"sku":{"shades":[{"description":"","hex_val":"#f2a897","name":"Lychee"}],"sizes":[{"key":0,"value":"3.8 g"}],"sku_id":"KLL704"}}],"shade_groups":null,"shades":null,"sizes":[{"key":1,"value":null}],"skin":{"tone":null,"type":null,"type_description":null},"sku_badge":null,"sku_badge_image":null,"sku_display_order":0,"sku_id":"CLTR32","sku_promo_messaging":null,"sku_type":"SE","sku_url":null,"tags":{"total":2,"items":[{"id":"17859","key":"çok-satanlar","value":"ÇOK SATANLAR"},{"id":"17860","key":"makyaj-ci̇lt-bakim-parfüm-setleri̇","value":"MAKYAJ & CİLT BAKIM & PARFÜM SETLERİ"}]},"texture":null,"undertone":null,"unit_of_measure":null,"unit_size":null,"unit_size_formatted":null,"upc":"023000000032","vto":{"is_color_experience":null,"is_foundation_experience":null}}]},"sub_display_name":"Sınırlı Sayıda! Kampanyalarla birleştirilemez. İndirimli Fiyat Ödeme Esnasında Sepete Yansıyacaktır","sub_header":null,"tags":{"total":2,"items":[{"id":"17859","key":"çok-satanlar","parent_tag_id":null,"product_display_order":21,"value":"ÇOK SATANLAR"},{"id":"17860","key":"makyaj-ci̇lt-bakim-parfüm-setleri̇","parent_tag_id":null,"product_display_order":0,"value":"MAKYAJ & CİLT BAKIM & PARFÜM SETLERİ"}]},"usage":[{"content":null,"label":"PRODUCT USAGE","type":"product_usage"},{"content":null,"label":"HOW DOES IT WORK","type":"how_does_it_work"},{"content":null,"label":"WHO IT IS FOR","type":"who_it_is_for"},{"content":null,"label":"GREAT TO KNOW","type":"great_to_know"},{"content":null,"label":"WHAT_IT_DOES","type":"what_it_does"},{"content":null,"label":"WHAT_IT_IS","type":"what_it_is"}],"objectID":"80405"},{"benefit":{"statement":null,"benefits":null},"brand":null,"collection":null,"coverage":null,"cross_sell":null,"default_category":{"id":"17860","key":"makyaj-ci̇lt-bakim-parfüm-setleri̇"},"description":"Dramatik bakışları sevenler için! Aydınlık bakışlara sahip olmak isteyenler için all about eyes göz kremi, etkileyici ve dolgun kirpik görünümü sağlayan High Impact Maskara ile birleşti! Tek adımda göz makyajını çıkarmanız için en sevilen makyaj temizleyici Take The Day Off’u da içerir.Lens kullananlar için uygundur, oftalmolojik olarak test edilmiştir.&nbsp; %100 parfümsüzdür. All About Eyes Göz Kremi 15ml: Nem yönünden zengin göz kremi, göz altı torbalarının, koyulukların ve ince çizgilerin görünümünü azaltmaya yardımcı olur. Göz altı torbalarının, koyulukların ve ince çizgilerin görünümünü azaltmaya yardımcı olur. Bitkisel içeriğiyle şişkinlik görünümünün giderilmesine katkı sağlayıp rahatlama hissi verir. Yaygın tahriş edici etkenlere karşı cildin nem bariyerinin güçlendirilmesine destek verir. Take The Day Off Makeup Remover 30ml: Clinique'in en çok satan makyaj temizleyicisi. Özel formülü ile makyajı anında çıkarır. En kalıcı makyajı, hatta su geçirmez maskarayı çözer ve çıkarır. Yoğun göz makyajını tek adımda çıkarır. Cildinizi tahriş etmez. High Impact Mascara 3.5ml : Black Kirpikleri ayırarak en uzun ve en dolgun görünüm kazanmasını sağlar. Daha uzun, daha dolgun ve etkileyici kirpiklere sahip olabilirsiniz. Kirpiklere doğal ve derin bir renk katarak dramatik görüntü verir.","display_mode":null,"display_name":"Eye Favourites Göz Bakım Seti","display_status":7,"finish":null,"form":null,"formula_type":null,"fragrance_family":null,"indexable_keywords":null,"is_hazmat":false,"is_product_coming_soon":null,"is_product_displayable":true,"is_product_searchable":true,"is_product_shoppable":true,"is_product_sold_out":null,"is_product_temporarily_out_of_stock":null,"is_search_suppressed":null,"key_ingredient":null,"media":{"large":null,"medium":null,"poster":null,"small":null,"videos":[{"position":null,"poster":{"height":null,"src":null,"width":null},"provider":"YouTube","src":null},{"position":null,"poster":{"height":null,"src":null,"width":null},"provider":"YouTube","src":null},{"position":null,"poster":{"height":null,"src":null,"width":null},"provider":"YouTube","src":null}],"xl":null},"meta":{"description":null,"keywords":null},"parent_category":[{"id":"17860","value":"MAKYAJ & CİLT BAKIM & PARFÜM SETLERİ"}],"product_badge":null,"product_id":"81787","product_title_tag":null,"product_type":"Other","product_url":"/product/17860/81787/makyaj-cilt-bakim-parfum-setleri/eye-favourites-goz-bakm-seti/eye-favourites-goz-bakm-seti","reviews":{"average_rating":null,"number_of_questions":null,"number_of_reviews":null},"shade_groups":null,"short_description":null,"skin":null,"skin_goal":null,"skus":{"total":1,"items":[{"color_family":null,"coverage_options":null,"cross_sell":null,"display_status":7,"finish":null,"finish_options":null,"fragrances":[{"family":null,"key":null,"value":null}],"iln_listing":null,"iln_version_number":null,"inventory_status":"Active","is_active":true,"is_coming_soon":null,"is_default_sku":false,"is_discountable":true,"is_displayable":null,"is_engravable":null,"is_fragrance":null,"is_giftable":null,"is_giftwrap":false,"is_inactive":null,"is_multi_shaded":null,"is_out_of_stock":null,"is_preorder":false,"is_preorderable":null,"is_promotional":null,"is_replenishable":false,"is_search_suppressed":null,"is_searchable":true,"is_shaded":null,"is_sized":null,"is_sold_out":null,"is_under_weight_hazmat":false,"is_vto_enabled":null,"life_of_product":"Limited life","material_code":"KRX8Y00000","media":{"large":[{"alt":"Eye Favourites Göz Bakım Seti","height":1200,"position":0,"src":"/media/export/cms/products/1200x1500/cl_sku_KRX8Y0_1200x1500_0.png","type":"image","width":1500}],"medium":[{"alt":"Eye Favourites Göz Bakım Seti","height":600,"position":1,"src":"/media/export/cms/products/600x750/cl_sku_KRX8Y0_600x750_0.png","type":"image","width":750}],"model":null,"poster":null,"small":[{"alt":"Eye Favourites Göz Bakım Seti","height":1200,"position":2,"src":"/media/export/cms/products/1200x1500/cl_sku_KRX8Y0_1200x1500_0.png","type":"image","width":1500}],"smoosh":null,"xl":null},"out_of_stock_threshold":null,"perlgem":{"SKU_BASE_ID":124288},"preorder_date":null,"prices":[{"currency":"TRY","exclude_tax":{"original_price":289,"original_price_formatted":"289.00 TL","price":289,"price_formatted":"289.00 TL","price_per_unit":null,"price_per_unit_formatted":""},"include_tax":{"original_price":289,"original_price_formatted":"289.00 TL","price":289,"price_formatted":"289.00 TL","price_per_unit":null,"price_per_unit_formatted":""},"is_discounted":false}],"purchase_limit":null,"replenishment":{"message":null},"reviews":{"average_rating":null,"number_of_questions":null,"number_of_reviews":null},"set_components":null,"shade_groups":null,"shades":null,"sizes":[{"key":1,"value":null}],"skin":{"tone":null,"type":null,"type_description":null},"sku_badge":null,"sku_badge_image":null,"sku_display_order":0,"sku_id":"KRX8Y0","sku_promo_messaging":null,"sku_type":"SE","sku_url":null,"tags":{"total":2,"items":[{"id":"17860","key":"makyaj-ci̇lt-bakim-parfüm-setleri̇","value":"MAKYAJ & CİLT BAKIM & PARFÜM SETLERİ"},{"id":"1590","key":"i̇ndi̇ri̇mli̇-ürünler","value":"İNDİRİMLİ ÜRÜNLER"}]},"texture":null,"undertone":null,"unit_of_measure":null,"unit_size":null,"unit_size_formatted":null,"upc":"192333051658","vto":{"is_color_experience":null,"is_foundation_experience":null}}]},"sub_display_name":null,"sub_header":null,"tags":{"total":2,"items":[{"id":"17860","key":"makyaj-ci̇lt-bakim-parfüm-setleri̇","parent_tag_id":null,"product_display_order":0,"value":"MAKYAJ & CİLT BAKIM & PARFÜM SETLERİ"},{"id":"1590","key":"i̇ndi̇ri̇mli̇-ürünler","parent_tag_id":null,"product_display_order":0,"value":"İNDİRİMLİ ÜRÜNLER"}]},"usage":[{"content":null,"label":"PRODUCT USAGE","type":"product_usage"},{"content":null,"label":"HOW DOES IT WORK","type":"how_does_it_work"},{"content":null,"label":"WHO IT IS FOR","type":"who_it_is_for"},{"content":null,"label":"GREAT TO KNOW","type":"great_to_know"},{"content":null,"label":"WHAT_IT_DOES","type":"what_it_does"},{"content":"Dramatik bakışları sevenler için! Aydınlık bakışlara sahip olmak isteyenler için all about eyes göz kremi, etkileyici ve dolgun kirpik görünümü sağlayan High Impact Maskara ile birleşti! Tek adımda göz makyajını çıkarmanız için en sevilen makyaj temizleyici Take The Day Off’u da içerir.Lens kullananlar için uygundur, oftalmolojik olarak test edilmiştir.&nbsp; %100 parfümsüzdür. All About Eyes Göz Kremi 15ml: Nem yönünden zengin göz kremi, göz altı torbalarının, koyulukların ve ince çizgilerin görünümünü azaltmaya yardımcı olur. Göz altı torbalarının, koyulukların ve ince çizgilerin görünümünü azaltmaya yardımcı olur. Bitkisel içeriğiyle şişkinlik görünümünün giderilmesine katkı sağlayıp rahatlama hissi verir. Yaygın tahriş edici etkenlere karşı cildin nem bariyerinin güçlendirilmesine destek verir. Take The Day Off Makeup Remover 30ml: Clinique'in en çok satan makyaj temizleyicisi. Özel formülü ile makyajı anında çıkarır. En kalıcı makyajı, hatta su geçirmez maskarayı çözer ve çıkarır. Yoğun göz makyajını tek adımda çıkarır. Cildinizi tahriş etmez.High Impact Mascara 3.5ml : Black Kirpikleri ayırarak en uzun ve en dolgun görünüm kazanmasını sağlar. Daha uzun, daha dolgun ve etkileyici kirpiklere sahip olabilirsiniz. Kirpiklere doğal ve derin bir renk katarak dramatik görüntü verir.","label":"WHAT_IT_IS","type":"what_it_is"}],"objectID":"81787"},{"benefit":{"statement":null,"benefits":null},"brand":null,"collection":null,"coverage":null,"cross_sell":null,"default_category":{"id":"1687","key":"yüz-nemlendi̇ri̇ci̇"},"description":null,"display_mode":null,"display_name":"Smart Clinical MD Retinol Krem","display_status":7,"finish":null,"form":null,"formula_type":null,"fragrance_family":null,"indexable_keywords":null,"is_hazmat":false,"is_product_coming_soon":null,"is_product_displayable":true,"is_product_searchable":true,"is_product_shoppable":true,"is_product_sold_out":null,"is_product_temporarily_out_of_stock":null,"is_search_suppressed":null,"key_ingredient":null,"media":{"large":[{"alt":"Smart Clinical MD Retinol Krem","height":1200,"position":0,"src":"/media/export/cms/products/1200x1500/cl_prod_81833_1200x1500_0.png","type":"image","width":1500},{"alt":"Smart Clinical MD Retinol Krem","height":1200,"position":1,"src":"/media/export/cms/products/1200x1500/cl_prod_81833_1200x1500_1.png","type":"image","width":1500},{"alt":"Smart Clinical MD Retinol Krem","height":1200,"position":2,"src":"/media/export/cms/products/1200x1500/cl_prod_81833_1200x1500_2.png","type":"image","width":1500},{"alt":"Smart Clinical MD Retinol Krem","height":1200,"position":3,"src":"/media/export/cms/products/1200x1500/cl_prod_81833_1200x1500_3.png","type":"image","width":1500}],"medium":null,"poster":null,"small":[{"alt":"Smart Clinical MD Retinol Krem","height":1200,"position":4,"src":"/media/export/cms/products/1200x1500/cl_prod_81833_1200x1500_0.png","type":"image","width":1500},{"alt":"Smart Clinical MD Retinol Krem","height":1200,"position":5,"src":"/media/export/cms/products/1200x1500/cl_prod_81833_1200x1500_1.png","type":"image","width":1500},{"alt":"Smart Clinical MD Retinol Krem","height":1200,"position":6,"src":"/media/export/cms/products/1200x1500/cl_prod_81833_1200x1500_2.png","type":"image","width":1500},{"alt":"Smart Clinical MD Retinol Krem","height":1200,"position":7,"src":"/media/export/cms/products/1200x1500/cl_prod_81833_1200x1500_3.png","type":"image","width":1500}],"videos":[{"position":null,"poster":{"height":null,"src":null,"width":null},"provider":"YouTube","src":null},{"position":null,"poster":{"height":null,"src":null,"width":null},"provider":"YouTube","src":null},{"position":null,"poster":{"height":null,"src":null,"width":null},"provider":"YouTube","src":null}],"xl":null},"meta":{"description":null,"keywords":null},"parent_category":[{"id":"1687","value":"YÜZ NEMLENDİRİCİ"},{"id":"1667","value":"CİLT BAKIMI"}],"product_badge":"YENİ FORMÜL","product_id":"81833","product_title_tag":null,"product_type":"Other","product_url":"/product/1687/81833/cilt-bakimi/yuz-nemlendirici/smart-clinical-md-retinol-krem","reviews":{"average_rating":null,"number_of_questions":null,"number_of_reviews":null},"shade_groups":null,"short_description":null,"skin":null,"skin_goal":null,"skus":{"total":1,"items":[{"color_family":null,"coverage_options":null,"cross_sell":null,"display_status":7,"finish":null,"finish_options":null,"fragrances":[{"family":null,"key":null,"value":null}],"iln_listing":null,"iln_version_number":"ILN47666","inventory_status":"Active","is_active":true,"is_coming_soon":null,"is_default_sku":false,"is_discountable":true,"is_displayable":null,"is_engravable":null,"is_fragrance":null,"is_giftable":null,"is_giftwrap":false,"is_inactive":null,"is_multi_shaded":null,"is_out_of_stock":null,"is_preorder":false,"is_preorderable":null,"is_promotional":null,"is_replenishable":false,"is_search_suppressed":null,"is_searchable":true,"is_shaded":null,"is_sized":null,"is_sold_out":null,"is_under_weight_hazmat":false,"is_vto_enabled":null,"life_of_product":"Limited life","material_code":"KT9L010000","media":{"large":[{"alt":"Smart Clinical MD Retinol Krem","height":1200,"position":0,"src":"/media/export/cms/products/1200x1500/cl_sku_KT9L01_1200x1500_0.png","type":"image","width":1500}],"medium":[{"alt":"Smart Clinical MD Retinol Krem","height":600,"position":1,"src":"/media/export/cms/products/600x750/cl_sku_KT9L01_600x750_0.png","type":"image","width":750}],"model":null,"poster":null,"small":[{"alt":"Smart Clinical MD Retinol Krem","height":1200,"position":2,"src":"/media/export/cms/products/1200x1500/cl_sku_KT9L01_1200x1500_0.png","type":"image","width":1500}],"smoosh":null,"xl":null},"out_of_stock_threshold":null,"perlgem":{"SKU_BASE_ID":124384},"preorder_date":null,"prices":[{"currency":"TRY","exclude_tax":{"original_price":719,"original_price_formatted":"719.00 TL","price":719,"price_formatted":"719.00 TL","price_per_unit":null,"price_per_unit_formatted":""},"include_tax":{"original_price":719,"original_price_formatted":"719.00 TL","price":719,"price_formatted":"719.00 TL","price_per_unit":null,"price_per_unit_formatted":""},"is_discounted":false}],"purchase_limit":null,"replenishment":{"message":null},"reviews":{"average_rating":null,"number_of_questions":null,"number_of_reviews":null},"set_components":null,"shade_groups":null,"shades":null,"sizes":[{"key":1,"value":null}],"skin":{"tone":null,"type":null,"type_description":null},"sku_badge":null,"sku_badge_image":null,"sku_display_order":0,"sku_id":"KT9L01","sku_promo_messaging":null,"sku_type":"SE","sku_url":null,"tags":{"total":8,"items":[{"id":"4034","key":"yüz-serumlari","value":"YÜZ SERUMLARI"},{"id":"1575","key":"en-çok-satanlar","value":"En Çok Satanlar"},{"id":"16320","key":"clinique-smart","value":"Clinique Smart"},{"id":"1674","key":"yaşlanma-karşıtı-bakım","value":"Yaşlanma Karşıtı Bakım"},{"id":"13051","key":"skin-care-best-sellers","value":"Skin Care Best Sellers"},{"id":"1590","key":"i̇ndi̇ri̇mli̇-ürünler","value":"İNDİRİMLİ ÜRÜNLER"},{"id":"4323","key":"yeni̇-ürünler","value":"YENİ ÜRÜNLER"},{"id":"1687","key":"yüz-nemlendi̇ri̇ci̇","value":"YÜZ NEMLENDİRİCİ"}]},"texture":null,"undertone":null,"unit_of_measure":null,"unit_size":null,"unit_size_formatted":null,"upc":"192333054802","vto":{"is_color_experience":null,"is_foundation_experience":null}}]},"sub_display_name":null,"sub_header":null,"tags":{"total":8,"items":[{"id":"4034","key":"yüz-serumlari","parent_tag_id":"1667","product_display_order":0,"value":"YÜZ SERUMLARI"},{"id":"1575","key":"en-çok-satanlar","parent_tag_id":null,"product_display_order":12,"value":"En Çok Satanlar"},{"id":"16320","key":"clinique-smart","parent_tag_id":"1667","product_display_order":0,"value":"Clinique Smart"},{"id":"1674","key":"yaşlanma-karşıtı-bakım","parent_tag_id":"1667","product_display_order":0,"value":"Yaşlanma Karşıtı Bakım"},{"id":"13051","key":"skin-care-best-sellers","parent_tag_id":"1667","product_display_order":4,"value":"Skin Care Best Sellers"},{"id":"1590","key":"i̇ndi̇ri̇mli̇-ürünler","parent_tag_id":null,"product_display_order":2,"value":"İNDİRİMLİ ÜRÜNLER"},{"id":"4323","key":"yeni̇-ürünler","parent_tag_id":null,"product_display_order":0,"value":"YENİ ÜRÜNLER"},{"id":"1687","key":"yüz-nemlendi̇ri̇ci̇","parent_tag_id":"1667","product_display_order":22,"value":"YÜZ NEMLENDİRİCİ"}]},"usage":[{"content":"Gece Bakımı:Smart Serum rutininize yeni gece retinolümüzü ekleyin. Hücre yenilenmesini hızlandırır, ince çizgi ve kırışıklıkların giderilmesine yardımcı olur.","label":"PRODUCT USAGE","type":"product_usage"},{"content":null,"label":"HOW DOES IT WORK","type":"how_does_it_work"},{"content":null,"label":"WHO IT IS FOR","type":"who_it_is_for"},{"content":null,"label":"GREAT TO KNOW","type":"great_to_know"},{"content":null,"label":"WHAT_IT_DOES","type":"what_it_does"},{"content":"Dermatologlar tarafından geliştirilen yaşlanma karşıtı formülüyle hücre yenilenmesini destekler, çizgi ve kırışıklıkları azaltır, gözenekli görünümü azaltır ve cildinize ışıltılı bir görünüm katar.&nbsp;","label":"WHAT_IT_IS","type":"what_it_is"}],"objectID":"81833"},{"benefit":{"statement":null,"benefits":null},"brand":null,"collection":null,"coverage":null,"cross_sell":null,"default_category":{"id":"1685","key":"hedi̇yeler-setler"},"description":"Ciltteki lekeleri önler ve varolan lekelerin renginin açılmasına yardımcı olur. Koyu lekeleri ve akne lekelerini azaltır. Cildin netliğini arttırır.Nazik ve güçlü aydınlatıcı molekülümüzün iki katına sahip; yeni ve geliştirilmiş ürün formülü ile lekelere karşı savaşır.","display_mode":null,"display_name":"Even Better Clinical Koyu Leke Serumu 50ml ","display_status":7,"finish":null,"form":null,"formula_type":null,"fragrance_family":null,"indexable_keywords":null,"is_hazmat":false,"is_product_coming_soon":null,"is_product_displayable":true,"is_product_searchable":true,"is_product_shoppable":true,"is_product_sold_out":null,"is_product_temporarily_out_of_stock":null,"is_search_suppressed":null,"key_ingredient":null,"media":{"large":null,"medium":null,"poster":null,"small":null,"videos":[{"position":null,"poster":{"height":null,"src":null,"width":null},"provider":"YouTube","src":null},{"position":null,"poster":{"height":null,"src":null,"width":null},"provider":"YouTube","src":null},{"position":null,"poster":{"height":null,"src":null,"width":null},"provider":"YouTube","src":null}],"xl":null},"meta":{"description":null,"keywords":null},"parent_category":[{"id":"1685","value":"HEDİYELER & SETLER"},{"id":"1684","value":"Hediyeler"},{"id":"1667","value":"CİLT BAKIMI"}],"product_badge":null,"product_id":"81836","product_title_tag":null,"product_type":"Other","product_url":"/product/1685/81836/cilt-bakimi/hediyeler/hediyeler-setler/even-better-clinical-koyu-leke-serumu-50ml","reviews":{"average_rating":null,"number_of_questions":null,"number_of_reviews":null},"shade_groups":null,"short_description":null,"skin":null,"skin_goal":null,"skus":{"total":1,"items":[{"color_family":null,"coverage_options":null,"cross_sell":null,"display_status":7,"finish":null,"finish_options":null,"fragrances":[{"family":null,"key":null,"value":null}],"iln_listing":"Ingredients: Water\\Aqua\\Eau , Cyclopentasiloxane , Dimethicone , Polysilicone-11 , Isododecane , Butylene Glycol , Ascorbyl Glucoside , Peg-10 Dimethicone , Peg-6 , Morus Bombycis (Mulberry) Root Extract , Scutellaria Baicalensis Root Extract , Camellia Sinensis Leaf Extract , Cucumis Sativus (Cucumber) Fruit Extract , Saccharomyces Lysate Extract , Hordeum Vulgare (Barley) Extract\\Extrait D'Orge , Salicylic Acid , Triticum Vulgare (Wheat) Germ Extract , Cholesterol , Oryza Sativa (Rice) Bran Extract , Squalane , Acetyl Glucosamine , Sodium Hyaluronate , Caffeine , Isohexadecane , Betula Alba (Birch) Bark Extract , Trametes Versicolor Extract , Sodium Rna , Glycyrrhetinic Acid , Dimethoxytolyl Propylresorcinol , Di-C12-18 Alkyl Dimonium Chloride , Helianthus Annuus (Sunflower) Seedcake , Yeast Extract\\Faex\\Extrait De Levure , Caprylyl Glycol , Propylene Glycol Dicaprate , Ammonium Acryloyldimethyltaurate/Vp Copolymer , Acrylamide/Sodium Acryloyldimethyltaurate Copolymer , Polysorbate 20 , Tocopheryl Acetate , Polysorbate 80 , Tromethamine , Sodium Hydroxide , Hexylene Glycol , Disodium Edta , Sodium Benzoate , Sodium Metabisulfite , Sodium Sulfite , Phenoxyethanol , Yellow 6 (Ci 15985) , Yellow 5 (Ci 19140) <ILN46602>","iln_version_number":"ILN46602","inventory_status":"Active","is_active":true,"is_coming_soon":null,"is_default_sku":true,"is_discountable":true,"is_displayable":null,"is_engravable":null,"is_fragrance":null,"is_giftable":null,"is_giftwrap":false,"is_inactive":null,"is_multi_shaded":null,"is_out_of_stock":null,"is_preorder":false,"is_preorderable":null,"is_promotional":null,"is_replenishable":false,"is_search_suppressed":null,"is_searchable":true,"is_shaded":null,"is_sized":null,"is_sold_out":null,"is_under_weight_hazmat":false,"is_vto_enabled":null,"life_of_product":"Limited life","material_code":"KXMX010000","media":{"large":[{"alt":"Even Better Clinical Koyu Leke Serumu 50ml ","height":1200,"position":0,"src":"/media/export/cms/products/1200x1500/cl_sku_KXMX01_1200x1500_0.png","type":"image","width":1500}],"medium":[{"alt":"Even Better Clinical Koyu Leke Serumu 50ml ","height":600,"position":1,"src":"/media/export/cms/products/600x750/cl_sku_KXMX01_600x750_0.png","type":"image","width":750}],"model":null,"poster":null,"small":[{"alt":"Even Better Clinical Koyu Leke Serumu 50ml ","height":1200,"position":2,"src":"/media/export/cms/products/1200x1500/cl_sku_KXMX01_1200x1500_0.png","type":"image","width":1500}],"smoosh":null,"xl":null},"out_of_stock_threshold":null,"perlgem":{"SKU_BASE_ID":124387},"preorder_date":null,"prices":[{"currency":"TRY","exclude_tax":{"original_price":839,"original_price_formatted":"839.00 TL","price":839,"price_formatted":"839.00 TL","price_per_unit":null,"price_per_unit_formatted":""},"include_tax":{"original_price":839,"original_price_formatted":"839.00 TL","price":839,"price_formatted":"839.00 TL","price_per_unit":null,"price_per_unit_formatted":""},"is_discounted":false}],"purchase_limit":null,"replenishment":{"message":null},"reviews":{"average_rating":null,"number_of_questions":null,"number_of_reviews":null},"set_components":null,"shade_groups":null,"shades":null,"sizes":[{"key":1,"value":null}],"skin":{"tone":null,"type":null,"type_description":null},"sku_badge":null,"sku_badge_image":null,"sku_display_order":0,"sku_id":"KXMX01","sku_promo_messaging":null,"sku_type":"SE","sku_url":null,"tags":{"total":6,"items":[{"id":"1693","key":"lekeler","value":"Lekeler"},{"id":"16422","key":"gifts","value":"Gifts"},{"id":"4323","key":"yeni̇-ürünler","value":"YENİ ÜRÜNLER"},{"id":"1590","key":"i̇ndi̇ri̇mli̇-ürünler","value":"İNDİRİMLİ ÜRÜNLER"},{"id":"1685","key":"hedi̇yeler-setler","value":"HEDİYELER & SETLER"},{"id":"4034","key":"yüz-serumlari","value":"YÜZ SERUMLARI"}]},"texture":null,"undertone":null,"unit_of_measure":null,"unit_size":null,"unit_size_formatted":null,"upc":"192333075487","vto":{"is_color_experience":null,"is_foundation_experience":null}}]},"sub_display_name":"Sınırlı Sayıda!","sub_header":null,"tags":{"total":6,"items":[{"id":"1693","key":"lekeler","parent_tag_id":"1667","product_display_order":0,"value":"Lekeler"},{"id":"16422","key":"gifts","parent_tag_id":"1585","product_display_order":0,"value":"Gifts"},{"id":"4323","key":"yeni̇-ürünler","parent_tag_id":null,"product_display_order":0,"value":"YENİ ÜRÜNLER"},{"id":"1590","key":"i̇ndi̇ri̇mli̇-ürünler","parent_tag_id":null,"product_display_order":9,"value":"İNDİRİMLİ ÜRÜNLER"},{"id":"1685","key":"hedi̇yeler-setler","parent_tag_id":"1684","product_display_order":0,"value":"HEDİYELER & SETLER"},{"id":"4034","key":"yüz-serumlari","parent_tag_id":"1667","product_display_order":0,"value":"YÜZ SERUMLARI"}]},"usage":[{"content":null,"label":"PRODUCT USAGE","type":"product_usage"},{"content":null,"label":"HOW DOES IT WORK","type":"how_does_it_work"},{"content":null,"label":"WHO IT IS FOR","type":"who_it_is_for"},{"content":null,"label":"GREAT TO KNOW","type":"great_to_know"},{"content":null,"label":"WHAT_IT_DOES","type":"what_it_does"},{"content":null,"label":"WHAT_IT_IS","type":"what_it_is"}],"objectID":"81836"},{"benefit":{"statement":null,"benefits":null},"brand":null,"collection":null,"coverage":null,"cross_sell":null,"default_category":{"id":"1687","key":"yüz-nemlendi̇ri̇ci̇"},"description":null,"display_mode":null,"display_name":"Moisture Surge Nemlendirici Yüz Spreyi 30 ml","display_status":7,"finish":null,"form":null,"formula_type":null,"fragrance_family":null,"indexable_keywords":null,"is_hazmat":false,"is_product_coming_soon":null,"is_product_displayable":true,"is_product_searchable":true,"is_product_shoppable":true,"is_product_sold_out":null,"is_product_temporarily_out_of_stock":null,"is_search_suppressed":null,"key_ingredient":null,"media":{"large":null,"medium":null,"poster":null,"small":null,"videos":[{"position":null,"poster":{"height":null,"src":null,"width":null},"provider":"YouTube","src":null},{"position":null,"poster":{"height":null,"src":null,"width":null},"provider":"YouTube","src":null},{"position":null,"poster":{"height":null,"src":null,"width":null},"provider":"YouTube","src":null}],"xl":null},"meta":{"description":null,"keywords":null},"parent_category":[{"id":"1687","value":"YÜZ NEMLENDİRİCİ"},{"id":"1667","value":"CİLT BAKIMI"}],"product_badge":null,"product_id":"81838","product_title_tag":null,"product_type":"Sized","product_url":"/product/1687/81838/cilt-bakimi/yuz-nemlendirici/moisture-surge-nemlendirici-yuz-spreyi-30-ml","reviews":{"average_rating":null,"number_of_questions":null,"number_of_reviews":null},"shade_groups":null,"short_description":null,"skin":null,"skin_goal":null,"skus":{"total":1,"items":[{"color_family":null,"coverage_options":null,"cross_sell":null,"display_status":7,"finish":null,"finish_options":null,"fragrances":[{"family":null,"key":null,"value":null}],"iln_listing":null,"iln_version_number":null,"inventory_status":"Active","is_active":true,"is_coming_soon":null,"is_default_sku":false,"is_discountable":true,"is_displayable":null,"is_engravable":null,"is_fragrance":null,"is_giftable":null,"is_giftwrap":false,"is_inactive":null,"is_multi_shaded":null,"is_out_of_stock":null,"is_preorder":false,"is_preorderable":null,"is_promotional":null,"is_replenishable":false,"is_search_suppressed":null,"is_searchable":true,"is_shaded":null,"is_sized":null,"is_sold_out":null,"is_under_weight_hazmat":false,"is_vto_enabled":null,"life_of_product":"Limited life","material_code":"KWY7010000","media":{"large":[{"alt":"Moisture Surge Nemlendirici Yüz Spreyi 30 ml","height":1200,"position":0,"src":"/media/export/cms/products/1200x1500/cl_sku_KWY701_1200x1500_0.png","type":"image","width":1500}],"medium":[{"alt":"Moisture Surge Nemlendirici Yüz Spreyi 30 ml","height":600,"position":1,"src":"/media/export/cms/products/600x750/cl_sku_KWY701_600x750_0.png","type":"image","width":750}],"model":null,"poster":null,"small":[{"alt":"Moisture Surge Nemlendirici Yüz Spreyi 30 ml","height":1200,"position":2,"src":"/media/export/cms/products/1200x1500/cl_sku_KWY701_1200x1500_0.png","type":"image","width":1500}],"smoosh":null,"xl":null},"out_of_stock_threshold":null,"perlgem":{"SKU_BASE_ID":124390},"preorder_date":null,"prices":[{"currency":"TRY","exclude_tax":{"original_price":89,"original_price_formatted":"89.00 TL","price":89,"price_formatted":"89.00 TL","price_per_unit":null,"price_per_unit_formatted":""},"include_tax":{"original_price":89,"original_price_formatted":"89.00 TL","price":89,"price_formatted":"89.00 TL","price_per_unit":null,"price_per_unit_formatted":""},"is_discounted":false}],"purchase_limit":null,"replenishment":{"message":null},"reviews":{"average_rating":null,"number_of_questions":null,"number_of_reviews":null},"set_components":null,"shade_groups":null,"shades":null,"sizes":[{"key":1,"value":"30ML/1FLOZ"}],"skin":{"tone":null,"type":null,"type_description":null},"sku_badge":null,"sku_badge_image":null,"sku_display_order":0,"sku_id":"KWY701","sku_promo_messaging":null,"sku_type":"SE","sku_url":null,"tags":{"total":1,"items":[{"id":"1687","key":"yüz-nemlendi̇ri̇ci̇","value":"YÜZ NEMLENDİRİCİ"}]},"texture":null,"undertone":null,"unit_of_measure":null,"unit_size":null,"unit_size_formatted":null,"upc":"192333067581","vto":{"is_color_experience":null,"is_foundation_experience":null}}]},"sub_display_name":null,"sub_header":null,"tags":{"total":1,"items":[{"id":"1687","key":"yüz-nemlendi̇ri̇ci̇","parent_tag_id":"1667","product_display_order":1,"value":"YÜZ NEMLENDİRİCİ"}]},"usage":[{"content":null,"label":"PRODUCT USAGE","type":"product_usage"},{"content":null,"label":"HOW DOES IT WORK","type":"how_does_it_work"},{"content":null,"label":"WHO IT IS FOR","type":"who_it_is_for"},{"content":null,"label":"GREAT TO KNOW","type":"great_to_know"},{"content":null,"label":"WHAT_IT_DOES","type":"what_it_does"},{"content":null,"label":"WHAT_IT_IS","type":"what_it_is"}],"objectID":"81838"},{"benefit":null,"brand":null,"collection":null,"coverage":null,"cross_sell":null,"default_category":{"id":"17860","key":"makyaj-ci̇lt-bakim-parfüm-setleri̇"},"description":"Kusursuz dudakların 5 farklı tonu. Clinique Lip Poplar nemlendirici formülü sayesinde dudağınızı makyaja hazırlarken, yoğun renk pigmentleri ile renklendirir. Her moduna uygun rujunu keşfet. 5&nbsp; Orijinal Boy Pop Lip Colour + Primer Decorated Nude Pop Plum Pop Poppy Pop Cherry Pop Papaya Pop","display_mode":null,"display_name":"Clinique Kisses Ruj Seti","display_status":7,"finish":null,"form":null,"formula_type":null,"fragrance_family":null,"indexable_keywords":null,"is_hazmat":false,"is_product_coming_soon":null,"is_product_displayable":true,"is_product_searchable":true,"is_product_shoppable":false,"is_product_sold_out":null,"is_product_temporarily_out_of_stock":null,"is_search_suppressed":null,"key_ingredient":null,"media":{"large":null,"medium":null,"poster":null,"small":null,"videos":[{"position":null,"poster":{"height":null,"src":null,"width":null},"provider":"YouTube","src":null},{"position":null,"poster":{"height":null,"src":null,"width":null},"provider":"YouTube","src":null},{"position":null,"poster":{"height":null,"src":null,"width":null},"provider":"YouTube","src":null}],"xl":null},"meta":{"description":null,"keywords":null},"parent_category":[{"id":"17860","value":"MAKYAJ & CİLT BAKIM & PARFÜM SETLERİ"}],"product_badge":null,"product_id":"81848","product_title_tag":null,"product_type":"Other","product_url":"/product/17860/81848/makyaj-cilt-bakim-parfum-setleri/clinique-kisses-ruj-seti","reviews":{"average_rating":null,"number_of_questions":null,"number_of_reviews":null},"shade_groups":null,"short_description":null,"skin":null,"skin_goal":null,"skus":{"total":1,"items":[{"color_family":null,"coverage_options":null,"cross_sell":null,"display_status":7,"finish":null,"finish_options":null,"fragrances":[{"family":null,"key":null,"value":null}],"iln_listing":null,"iln_version_number":null,"inventory_status":"Sold Out","is_active":null,"is_coming_soon":null,"is_default_sku":false,"is_discountable":true,"is_displayable":null,"is_engravable":null,"is_fragrance":null,"is_giftable":null,"is_giftwrap":false,"is_inactive":null,"is_multi_shaded":null,"is_out_of_stock":null,"is_preorder":false,"is_preorderable":null,"is_promotional":null,"is_replenishable":false,"is_search_suppressed":null,"is_searchable":true,"is_shaded":null,"is_sized":null,"is_sold_out":true,"is_under_weight_hazmat":false,"is_vto_enabled":null,"life_of_product":"Limited life","material_code":"KRY4Y00000","media":{"large":[{"alt":"Clinique Kisses Ruj Seti","height":1200,"position":0,"src":"/media/export/cms/products/1200x1500/cl_sku_KRY4Y0_1200x1500_0.png","type":"image","width":1500}],"medium":[{"alt":"Clinique Kisses Ruj Seti","height":600,"position":1,"src":"/media/export/cms/products/600x750/cl_sku_KRY4Y0_600x750_0.png","type":"image","width":750}],"model":null,"poster":null,"small":[{"alt":"Clinique Kisses Ruj Seti","height":1200,"position":2,"src":"/media/export/cms/products/1200x1500/cl_sku_KRY4Y0_1200x1500_0.png","type":"image","width":1500}],"smoosh":null,"xl":null},"out_of_stock_threshold":null,"perlgem":{"SKU_BASE_ID":124400},"preorder_date":null,"prices":[{"currency":"TRY","exclude_tax":{"original_price":289,"original_price_formatted":"289.00 TL","price":289,"price_formatted":"289.00 TL","price_per_unit":null,"price_per_unit_formatted":""},"include_tax":{"original_price":289,"original_price_formatted":"289.00 TL","price":289,"price_formatted":"289.00 TL","price_per_unit":null,"price_per_unit_formatted":""},"is_discounted":false}],"purchase_limit":null,"replenishment":{"message":null},"reviews":{"average_rating":null,"number_of_questions":null,"number_of_reviews":null},"set_components":null,"shade_groups":null,"shades":null,"sizes":[{"key":1,"value":null}],"skin":{"tone":null,"type":null,"type_description":null},"sku_badge":null,"sku_badge_image":null,"sku_display_order":0,"sku_id":"KRY4Y0","sku_promo_messaging":null,"sku_type":"SE","sku_url":null,"tags":{"total":11,"items":[{"id":"1605","key":"ruj","value":"RUJ"},{"id":"17860","key":"makyaj-ci̇lt-bakim-parfüm-setleri̇","value":"MAKYAJ & CİLT BAKIM & PARFÜM SETLERİ"},{"id":"13566","key":"yeni̇-yil-ci̇lt-bakimmakyajparfüm-setleri̇","value":"YENİ YIL CİLT BAKIM&MAKYAJ&PARFÜM SETLERİ"},{"id":"13567","key":"499-tl-ve-alti-ci̇lt-bakimmakyajparfüm-setleri̇","value":"499 TL VE ALTI CİLT BAKIM&MAKYAJ&PARFÜM SETLERİ"},{"id":"1602","key":"hedi̇yeler-setler","value":"HEDİYELER & SETLER"},{"id":"16118","key":"black-friday-özel","value":"Black Friday Özel"},{"id":"13562","key":"yeni̇-yil-makyaj","value":"YENİ YIL MAKYAJ"},{"id":"4323","key":"yeni̇-ürünler","value":"YENİ ÜRÜNLER"},{"id":"13569","key":"99-tl-ve-alti-ci̇lt-bakimmakyajparfüm-setleri̇","value":"99 TL VE ALTI CİLT BAKIM&MAKYAJ&PARFÜM SETLERİ"},{"id":"13568","key":"249-tl-ve-alti-ci̇lt-bakimmakyajparfüm-setleri̇","value":"249 TL VE ALTI CİLT BAKIM&MAKYAJ&PARFÜM SETLERİ"},{"id":"16422","key":"gifts","value":"Gifts"}]},"texture":null,"undertone":null,"unit_of_measure":null,"unit_size":null,"unit_size_formatted":null,"upc":"192333051924","vto":{"is_color_experience":null,"is_foundation_experience":null}}]},"sub_display_name":null,"sub_header":null,"tags":{"total":11,"items":[{"id":"1605","key":"ruj","parent_tag_id":"1592","product_display_order":22,"value":"RUJ"},{"id":"17860","key":"makyaj-ci̇lt-bakim-parfüm-setleri̇","parent_tag_id":null,"product_display_order":0,"value":"MAKYAJ & CİLT BAKIM & PARFÜM SETLERİ"},{"id":"13566","key":"yeni̇-yil-ci̇lt-bakimmakyajparfüm-setleri̇","parent_tag_id":"13561","product_display_order":0,"value":"YENİ YIL CİLT BAKIM&MAKYAJ&PARFÜM SETLERİ"},{"id":"13567","key":"499-tl-ve-alti-ci̇lt-bakimmakyajparfüm-setleri̇","parent_tag_id":"13561","product_display_order":0,"value":"499 TL VE ALTI CİLT BAKIM&MAKYAJ&PARFÜM SETLERİ"},{"id":"1602","key":"hedi̇yeler-setler","parent_tag_id":"1600","product_display_order":0,"value":"HEDİYELER & SETLER"},{"id":"16118","key":"black-friday-özel","parent_tag_id":"13561","product_display_order":0,"value":"Black Friday Özel"},{"id":"13562","key":"yeni̇-yil-makyaj","parent_tag_id":"13561","product_display_order":0,"value":"YENİ YIL MAKYAJ"},{"id":"4323","key":"yeni̇-ürünler","parent_tag_id":null,"product_display_order":0,"value":"YENİ ÜRÜNLER"},{"id":"13569","key":"99-tl-ve-alti-ci̇lt-bakimmakyajparfüm-setleri̇","parent_tag_id":"13561","product_display_order":0,"value":"99 TL VE ALTI CİLT BAKIM&MAKYAJ&PARFÜM SETLERİ"},{"id":"13568","key":"249-tl-ve-alti-ci̇lt-bakimmakyajparfüm-setleri̇","parent_tag_id":"13561","product_display_order":0,"value":"249 TL VE ALTI CİLT BAKIM&MAKYAJ&PARFÜM SETLERİ"},{"id":"16422","key":"gifts","parent_tag_id":"1585","product_display_order":0,"value":"Gifts"}]},"usage":[{"content":null,"label":"PRODUCT USAGE","type":"product_usage"},{"content":null,"label":"HOW DOES IT WORK","type":"how_does_it_work"},{"content":null,"label":"WHO IT IS FOR","type":"who_it_is_for"},{"content":null,"label":"GREAT TO KNOW","type":"great_to_know"},{"content":null,"label":"WHAT_IT_DOES","type":"what_it_does"},{"content":"Kusursuz dudakların 5 farklı tonu. Clinique Lip Poplar nemlendirici formülü sayesinde dudağınızı makyaja hazırlarken, yoğun renk pigmentleri ile renklendirir. Her moduna uygun rujunu keşfet. 5&nbsp; Orijinal Boy Pop Lip Colour + Primer Decorated Nude Pop Plum Pop Poppy Pop Cherry Pop Papaya Pop","label":"WHAT_IT_IS","type":"what_it_is"}],"objectID":"81848"},{"benefit":{"statement":null,"benefits":null},"brand":null,"collection":null,"coverage":null,"cross_sell":null,"default_category":{"id":"13562","key":"yeni̇-yil-makyaj"},"description":"<div align=\"left\" id=\"AccordionPane3_content_BtnHtmlwhat_it_does_wheEditor_tw\" style=\"width: 100%; height: 100%; font-family: sans-serif; font-size: 10pt;\" contenteditable=\"true\">High impact maskara 7ml Take the day off makyaj temizleyici 30ml&nbsp;Pretty Easy Likit Eyeliner 0.34 grDramatik göz makyajı sevenler için! Uzun görünüm ve dolgunluk sağlayan high impact maskara, en sevilen kolay sürülen ve kalıcı eyeliner pretty easy ile birleşti! Göz makyajını tek adımda çıkarmak için take the day off da eklendi</div>","display_mode":null,"display_name":"High Impact Maskara Set","display_status":7,"finish":null,"form":null,"formula_type":null,"fragrance_family":null,"indexable_keywords":null,"is_hazmat":false,"is_product_coming_soon":null,"is_product_displayable":true,"is_product_searchable":true,"is_product_shoppable":true,"is_product_sold_out":null,"is_product_temporarily_out_of_stock":null,"is_search_suppressed":null,"key_ingredient":null,"media":{"large":null,"medium":null,"poster":null,"small":null,"videos":[{"position":null,"poster":{"height":null,"src":null,"width":null},"provider":"YouTube","src":null},{"position":null,"poster":{"height":null,"src":null,"width":null},"provider":"YouTube","src":null},{"position":null,"poster":{"height":null,"src":null,"width":null},"provider":"YouTube","src":null}],"xl":null},"meta":{"description":null,"keywords":null},"parent_category":[{"id":"13562","value":"YENİ YIL MAKYAJ"},{"id":"13561","value":"YENİ YIL BUTİĞİ"}],"product_badge":null,"product_id":"81854","product_title_tag":null,"product_type":"Other","product_url":"/product/13562/81854/yeni-yil-butigi/yeni-yil-makyaj/high-impact-maskara-set/snrl-sayda","reviews":{"average_rating":null,"number_of_questions":null,"number_of_reviews":null},"shade_groups":null,"short_description":null,"skin":null,"skin_goal":null,"skus":{"total":1,"items":[{"color_family":null,"coverage_options":null,"cross_sell":null,"display_status":7,"finish":null,"finish_options":null,"fragrances":[{"family":null,"key":null,"value":null}],"iln_listing":null,"iln_version_number":null,"inventory_status":"Active","is_active":true,"is_coming_soon":null,"is_default_sku":false,"is_discountable":true,"is_displayable":null,"is_engravable":null,"is_fragrance":null,"is_giftable":null,"is_giftwrap":false,"is_inactive":null,"is_multi_shaded":null,"is_out_of_stock":null,"is_preorder":false,"is_preorderable":null,"is_promotional":null,"is_replenishable":false,"is_search_suppressed":null,"is_searchable":true,"is_shaded":null,"is_sized":null,"is_sold_out":null,"is_under_weight_hazmat":false,"is_vto_enabled":null,"life_of_product":"Limited life","material_code":"KRYKY00000","media":{"large":[{"alt":"High Impact Maskara Set","height":1200,"position":0,"src":"/media/export/cms/products/1200x1500/cl_sku_KRYKY0_1200x1500_0.png","type":"image","width":1500}],"medium":[{"alt":"High Impact Maskara Set","height":600,"position":1,"src":"/media/export/cms/products/600x750/cl_sku_KRYKY0_600x750_0.png","type":"image","width":750}],"model":null,"poster":null,"small":[{"alt":"High Impact Maskara Set","height":1200,"position":2,"src":"/media/export/cms/products/1200x1500/cl_sku_KRYKY0_1200x1500_0.png","type":"image","width":1500}],"smoosh":null,"xl":null},"out_of_stock_threshold":null,"perlgem":{"SKU_BASE_ID":124406},"preorder_date":null,"prices":[{"currency":"TRY","exclude_tax":{"original_price":199,"original_price_formatted":"199.00 TL","price":199,"price_formatted":"199.00 TL","price_per_unit":null,"price_per_unit_formatted":""},"include_tax":{"original_price":199,"original_price_formatted":"199.00 TL","price":199,"price_formatted":"199.00 TL","price_per_unit":null,"price_per_unit_formatted":""},"is_discounted":false}],"purchase_limit":null,"replenishment":{"message":null},"reviews":{"average_rating":null,"number_of_questions":null,"number_of_reviews":null},"set_components":null,"shade_groups":null,"shades":null,"sizes":[{"key":1,"value":null}],"skin":{"tone":null,"type":null,"type_description":null},"sku_badge":null,"sku_badge_image":null,"sku_display_order":0,"sku_id":"KRYKY0","sku_promo_messaging":null,"sku_type":"SE","sku_url":null,"tags":{"total":17,"items":[{"id":"1590","key":"i̇ndi̇ri̇mli̇-ürünler","value":"İNDİRİMLİ ÜRÜNLER"},{"id":"13569","key":"99-tl-ve-alti-ci̇lt-bakimmakyajparfüm-setleri̇","value":"99 TL VE ALTI CİLT BAKIM&MAKYAJ&PARFÜM SETLERİ"},{"id":"4323","key":"yeni̇-ürünler","value":"YENİ ÜRÜNLER"},{"id":"13562","key":"yeni̇-yil-makyaj","value":"YENİ YIL MAKYAJ"},{"id":"13563","key":"yeni̇-yil-ci̇lt-bakimi","value":"YENİ YIL CİLT BAKIMI"},{"id":"17860","key":"makyaj-ci̇lt-bakim-parfüm-setleri̇","value":"MAKYAJ & CİLT BAKIM & PARFÜM SETLERİ"},{"id":"20011","key":"makeup-removers","value":"Makeup Removers"},{"id":"13566","key":"yeni̇-yil-ci̇lt-bakimmakyajparfüm-setleri̇","value":"YENİ YIL CİLT BAKIM&MAKYAJ&PARFÜM SETLERİ"},{"id":"13568","key":"249-tl-ve-alti-ci̇lt-bakimmakyajparfüm-setleri̇","value":"249 TL VE ALTI CİLT BAKIM&MAKYAJ&PARFÜM SETLERİ"},{"id":"16422","key":"gifts","value":"Gifts"},{"id":"1602","key":"hedi̇yeler-setler","value":"HEDİYELER & SETLER"},{"id":"1685","key":"hedi̇yeler-setler","value":"HEDİYELER & SETLER"},{"id":"16118","key":"black-friday-özel","value":"Black Friday Özel"},{"id":"1606","key":"maskara","value":"MASKARA"},{"id":"1667","key":"ci̇lt-bakimi","value":"CİLT BAKIMI"},{"id":"1673","key":"makyaj-temi̇zli̇yi̇ci̇leri̇","value":"MAKYAJ TEMİZLİYİCİLERİ"},{"id":"13567","key":"499-tl-ve-alti-ci̇lt-bakimmakyajparfüm-setleri̇","value":"499 TL VE ALTI CİLT BAKIM&MAKYAJ&PARFÜM SETLERİ"}]},"texture":null,"undertone":null,"unit_of_measure":null,"unit_size":null,"unit_size_formatted":null,"upc":"192333052051","vto":{"is_color_experience":null,"is_foundation_experience":null}}]},"sub_display_name":null,"sub_header":null,"tags":{"total":17,"items":[{"id":"1590","key":"i̇ndi̇ri̇mli̇-ürünler","parent_tag_id":null,"product_display_order":0,"value":"İNDİRİMLİ ÜRÜNLER"},{"id":"13569","key":"99-tl-ve-alti-ci̇lt-bakimmakyajparfüm-setleri̇","parent_tag_id":"13561","product_display_order":0,"value":"99 TL VE ALTI CİLT BAKIM&MAKYAJ&PARFÜM SETLERİ"},{"id":"4323","key":"yeni̇-ürünler","parent_tag_id":null,"product_display_order":0,"value":"YENİ ÜRÜNLER"},{"id":"13562","key":"yeni̇-yil-makyaj","parent_tag_id":"13561","product_display_order":0,"value":"YENİ YIL MAKYAJ"},{"id":"13563","key":"yeni̇-yil-ci̇lt-bakimi","parent_tag_id":"13561","product_display_order":0,"value":"YENİ YIL CİLT BAKIMI"},{"id":"17860","key":"makyaj-ci̇lt-bakim-parfüm-setleri̇","parent_tag_id":null,"product_display_order":0,"value":"MAKYAJ & CİLT BAKIM & PARFÜM SETLERİ"},{"id":"20011","key":"makeup-removers","parent_tag_id":"1667","product_display_order":0,"value":"Makeup Removers"},{"id":"13566","key":"yeni̇-yil-ci̇lt-bakimmakyajparfüm-setleri̇","parent_tag_id":"13561","product_display_order":0,"value":"YENİ YIL CİLT BAKIM&MAKYAJ&PARFÜM SETLERİ"},{"id":"13568","key":"249-tl-ve-alti-ci̇lt-bakimmakyajparfüm-setleri̇","parent_tag_id":"13561","product_display_order":0,"value":"249 TL VE ALTI CİLT BAKIM&MAKYAJ&PARFÜM SETLERİ"},{"id":"16422","key":"gifts","parent_tag_id":"1585","product_display_order":0,"value":"Gifts"},{"id":"1602","key":"hedi̇yeler-setler","parent_tag_id":"1600","product_display_order":0,"value":"HEDİYELER & SETLER"},{"id":"1685","key":"hedi̇yeler-setler","parent_tag_id":"1684","product_display_order":0,"value":"HEDİYELER & SETLER"},{"id":"16118","key":"black-friday-özel","parent_tag_id":"13561","product_display_order":0,"value":"Black Friday Özel"},{"id":"1606","key":"maskara","parent_tag_id":"1592","product_display_order":0,"value":"MASKARA"},{"id":"1667","key":"ci̇lt-bakimi","parent_tag_id":null,"product_display_order":0,"value":"CİLT BAKIMI"},{"id":"1673","key":"makyaj-temi̇zli̇yi̇ci̇leri̇","parent_tag_id":"1667","product_display_order":53,"value":"MAKYAJ TEMİZLİYİCİLERİ"},{"id":"13567","key":"499-tl-ve-alti-ci̇lt-bakimmakyajparfüm-setleri̇","parent_tag_id":"13561","product_display_order":0,"value":"499 TL VE ALTI CİLT BAKIM&MAKYAJ&PARFÜM SETLERİ"}]},"usage":[{"content":null,"label":"PRODUCT USAGE","type":"product_usage"},{"content":null,"label":"HOW DOES IT WORK","type":"how_does_it_work"},{"content":null,"label":"WHO IT IS FOR","type":"who_it_is_for"},{"content":null,"label":"GREAT TO KNOW","type":"great_to_know"},{"content":null,"label":"WHAT_IT_DOES","type":"what_it_does"},{"content":"<div align=\"left\" id=\"AccordionPane3_content_BtnHtmlwhat_it_does_wheEditor_tw\" style=\"width: 100%; height: 100%; font-family: sans-serif; font-size: 10pt;\" contenteditable=\"true\">High impact maskara 7ml Take the day off makyaj temizleyici 30ml&nbsp;Pretty Easy Likit Eyeliner 0.34 grDramatik göz makyajı sevenler için! Uzun görünüm ve dolgunluk sağlayan high impact maskara, en sevilen kolay sürülen ve kalıcı eyeliner pretty easy ile birleşti! Göz makyajını tek adımda çıkarmak için take the day off da eklendi</div>","label":"WHAT_IT_IS","type":"what_it_is"}],"objectID":"81854"},{"benefit":{"statement":null,"benefits":null},"brand":null,"collection":null,"coverage":null,"cross_sell":null,"default_category":{"id":"17860","key":"makyaj-ci̇lt-bakim-parfüm-setleri̇"},"description":null,"display_mode":null,"display_name":"Makeup Lovers Makyajın Vazgeçilmezleri Seti","display_status":7,"finish":null,"form":null,"formula_type":null,"fragrance_family":null,"indexable_keywords":null,"is_hazmat":false,"is_product_coming_soon":null,"is_product_displayable":true,"is_product_searchable":true,"is_product_shoppable":false,"is_product_sold_out":null,"is_product_temporarily_out_of_stock":null,"is_search_suppressed":null,"key_ingredient":null,"media":{"large":null,"medium":null,"poster":null,"small":null,"videos":[{"position":null,"poster":{"height":null,"src":null,"width":null},"provider":"YouTube","src":null},{"position":null,"poster":{"height":null,"src":null,"width":null},"provider":"YouTube","src":null},{"position":null,"poster":{"height":null,"src":null,"width":null},"provider":"YouTube","src":null}],"xl":null},"meta":{"description":null,"keywords":null},"parent_category":[{"id":"17860","value":"MAKYAJ & CİLT BAKIM & PARFÜM SETLERİ"}],"product_badge":null,"product_id":"81856","product_title_tag":null,"product_type":"Other","product_url":"/product/17860/81856/makyaj-cilt-bakim-parfum-setleri/makeup-lovers-makyajn-vazgecilmezleri-seti","reviews":{"average_rating":null,"number_of_questions":null,"number_of_reviews":null},"shade_groups":null,"short_description":null,"skin":null,"skin_goal":null,"skus":{"total":1,"items":[{"color_family":null,"coverage_options":null,"cross_sell":null,"display_status":7,"finish":null,"finish_options":null,"fragrances":[{"family":null,"key":null,"value":null}],"iln_listing":null,"iln_version_number":null,"inventory_status":"Sold Out","is_active":null,"is_coming_soon":null,"is_default_sku":false,"is_discountable":true,"is_displayable":null,"is_engravable":null,"is_fragrance":null,"is_giftable":null,"is_giftwrap":false,"is_inactive":null,"is_multi_shaded":null,"is_out_of_stock":null,"is_preorder":false,"is_preorderable":null,"is_promotional":null,"is_replenishable":false,"is_search_suppressed":null,"is_searchable":true,"is_shaded":null,"is_sized":null,"is_sold_out":true,"is_under_weight_hazmat":false,"is_vto_enabled":null,"life_of_product":"Limited life","material_code":"KRYPY00000","media":{"large":[{"alt":"Makeup Lovers Makyajın Vazgeçilmezleri Seti","height":1200,"position":0,"src":"/media/export/cms/products/1200x1500/cl_sku_KRYPY0_1200x1500_0.png","type":"image","width":1500}],"medium":[{"alt":"Makeup Lovers Makyajın Vazgeçilmezleri Seti","height":600,"position":1,"src":"/media/export/cms/products/600x750/cl_sku_KRYPY0_600x750_0.png","type":"image","width":750}],"model":null,"poster":null,"small":[{"alt":"Makeup Lovers Makyajın Vazgeçilmezleri Seti","height":1200,"position":2,"src":"/media/export/cms/products/1200x1500/cl_sku_KRYPY0_1200x1500_0.png","type":"image","width":1500}],"smoosh":null,"xl":null},"out_of_stock_threshold":null,"perlgem":{"SKU_BASE_ID":124408},"preorder_date":null,"prices":[{"currency":"TRY","exclude_tax":{"original_price":425,"original_price_formatted":"425.00 TL","price":425,"price_formatted":"425.00 TL","price_per_unit":null,"price_per_unit_formatted":""},"include_tax":{"original_price":425,"original_price_formatted":"425.00 TL","price":425,"price_formatted":"425.00 TL","price_per_unit":null,"price_per_unit_formatted":""},"is_discounted":false}],"purchase_limit":null,"replenishment":{"message":null},"reviews":{"average_rating":null,"number_of_questions":null,"number_of_reviews":null},"set_components":null,"shade_groups":null,"shades":null,"sizes":[{"key":1,"value":null}],"skin":{"tone":null,"type":null,"type_description":null},"sku_badge":null,"sku_badge_image":null,"sku_display_order":0,"sku_id":"KRYPY0","sku_promo_messaging":null,"sku_type":"SE","sku_url":null,"tags":{"total":14,"items":[{"id":"13568","key":"249-tl-ve-alti-ci̇lt-bakimmakyajparfüm-setleri̇","value":"249 TL VE ALTI CİLT BAKIM&MAKYAJ&PARFÜM SETLERİ"},{"id":"4323","key":"yeni̇-ürünler","value":"YENİ ÜRÜNLER"},{"id":"1602","key":"hedi̇yeler-setler","value":"HEDİYELER & SETLER"},{"id":"13566","key":"yeni̇-yil-ci̇lt-bakimmakyajparfüm-setleri̇","value":"YENİ YIL CİLT BAKIM&MAKYAJ&PARFÜM SETLERİ"},{"id":"17860","key":"makyaj-ci̇lt-bakim-parfüm-setleri̇","value":"MAKYAJ & CİLT BAKIM & PARFÜM SETLERİ"},{"id":"1575","key":"en-çok-satanlar","value":"En Çok Satanlar"},{"id":"13562","key":"yeni̇-yil-makyaj","value":"YENİ YIL MAKYAJ"},{"id":"13567","key":"499-tl-ve-alti-ci̇lt-bakimmakyajparfüm-setleri̇","value":"499 TL VE ALTI CİLT BAKIM&MAKYAJ&PARFÜM SETLERİ"},{"id":"16422","key":"gifts","value":"Gifts"},{"id":"16118","key":"black-friday-özel","value":"Black Friday Özel"},{"id":"1685","key":"hedi̇yeler-setler","value":"HEDİYELER & SETLER"},{"id":"19288","key":"sale","value":"sale"},{"id":"1598","key":"göz-fari","value":"GÖZ FARI"},{"id":"1605","key":"ruj","value":"RUJ"}]},"texture":null,"undertone":null,"unit_of_measure":null,"unit_size":null,"unit_size_formatted":null,"upc":"192333052099","vto":{"is_color_experience":null,"is_foundation_experience":null}}]},"sub_display_name":null,"sub_header":null,"tags":{"total":14,"items":[{"id":"13568","key":"249-tl-ve-alti-ci̇lt-bakimmakyajparfüm-setleri̇","parent_tag_id":"13561","product_display_order":0,"value":"249 TL VE ALTI CİLT BAKIM&MAKYAJ&PARFÜM SETLERİ"},{"id":"4323","key":"yeni̇-ürünler","parent_tag_id":null,"product_display_order":0,"value":"YENİ ÜRÜNLER"},{"id":"1602","key":"hedi̇yeler-setler","parent_tag_id":"1600","product_display_order":0,"value":"HEDİYELER & SETLER"},{"id":"13566","key":"yeni̇-yil-ci̇lt-bakimmakyajparfüm-setleri̇","parent_tag_id":"13561","product_display_order":0,"value":"YENİ YIL CİLT BAKIM&MAKYAJ&PARFÜM SETLERİ"},{"id":"17860","key":"makyaj-ci̇lt-bakim-parfüm-setleri̇","parent_tag_id":null,"product_display_order":0,"value":"MAKYAJ & CİLT BAKIM & PARFÜM SETLERİ"},{"id":"1575","key":"en-çok-satanlar","parent_tag_id":null,"product_display_order":0,"value":"En Çok Satanlar"},{"id":"13562","key":"yeni̇-yil-makyaj","parent_tag_id":"13561","product_display_order":0,"value":"YENİ YIL MAKYAJ"},{"id":"13567","key":"499-tl-ve-alti-ci̇lt-bakimmakyajparfüm-setleri̇","parent_tag_id":"13561","product_display_order":0,"value":"499 TL VE ALTI CİLT BAKIM&MAKYAJ&PARFÜM SETLERİ"},{"id":"16422","key":"gifts","parent_tag_id":"1585","product_display_order":0,"value":"Gifts"},{"id":"16118","key":"black-friday-özel","parent_tag_id":"13561","product_display_order":0,"value":"Black Friday Özel"},{"id":"1685","key":"hedi̇yeler-setler","parent_tag_id":"1684","product_display_order":0,"value":"HEDİYELER & SETLER"},{"id":"19288","key":"sale","parent_tag_id":"1590","product_display_order":0,"value":"sale"},{"id":"1598","key":"göz-fari","parent_tag_id":"1592","product_display_order":0,"value":"GÖZ FARI"},{"id":"1605","key":"ruj","parent_tag_id":"1592","product_display_order":0,"value":"RUJ"}]},"usage":[{"content":null,"label":"PRODUCT USAGE","type":"product_usage"},{"content":null,"label":"HOW DOES IT WORK","type":"how_does_it_work"},{"content":null,"label":"WHO IT IS FOR","type":"who_it_is_for"},{"content":null,"label":"GREAT TO KNOW","type":"great_to_know"},{"content":null,"label":"WHAT_IT_DOES","type":"what_it_does"},{"content":null,"label":"WHAT_IT_IS","type":"what_it_is"}],"objectID":"81856"},{"benefit":null,"brand":null,"collection":null,"coverage":null,"cross_sell":null,"default_category":{"id":"13562","key":"yeni̇-yil-makyaj"},"description":"<p style=\"margin: 0pt 0in; text-align: left; line-height: normal; text-indent: 0in; unicode-bidi: embed; direction: ltr; -ms-word-break: normal; language: tr; mso-vertical-align-alt: auto; mso-line-break-override: none; punctuation-wrap: hanging;\"> Harika bir hediye alternatifi! 3farklı renk ve 2 farklı bitiş ile dikkati dudağınıza çekin. <p style=\"margin: 0pt 0in; text-align: left; line-height: normal; text-indent: 0in; unicode-bidi: embed; direction: ltr; -ms-word-break: normal; language: tr; mso-vertical-align-alt: auto; mso-line-break-override: none; punctuation-wrap: hanging;\"> Orijinal Boy Pop Lip Colour + Primer :<p style=\"text-align: left; margin-top: 0pt; margin-bottom: 0pt; margin-left: 0in; unicode-bidi: embed; direction: ltr; -ms-word-break: normal; language: tr; mso-line-break-override: none; punctuation-wrap: hanging;\"> Clinique Lip Poplar nemlendiriciformülü sayesinde dudağınızı makyaja hazırlarken, yoğun renk pigmentleri ilerenklendirir.<div class=\"O0\" style=\"margin: 0pt 0in 0pt 0.31in; text-align: left; line-height: normal; text-indent: -0.31in; unicode-bidi: embed; direction: ltr; -ms-word-break: normal; language: tr; mso-vertical-align-alt: auto; mso-line-break-override: none; punctuation-wrap: hanging;\">   Bare Pop</div><div class=\"O0\" style=\"margin: 0pt 0in 0pt 0.31in; text-align: left; line-height: normal; text-indent: -0.31in; unicode-bidi: embed; direction: ltr; -ms-word-break: normal; language: tr; mso-vertical-align-alt: auto; mso-line-break-override: none; punctuation-wrap: hanging;\">   Mocha Pop</div><div class=\"O0\" style=\"margin: 0pt 0in 0pt 0.31in; text-align: left; line-height: normal; text-indent: -0.31in; unicode-bidi: embed; direction: ltr; -ms-word-break: normal; language: tr; mso-vertical-align-alt: auto; mso-line-break-override: none; punctuation-wrap: hanging;\">   Passion Pop</div><p style=\"margin: 0pt 0in; text-align: left; line-height: normal; text-indent: 0in; unicode-bidi: embed; direction: ltr; -ms-word-break: normal; language: tr; mso-vertical-align-alt: auto; mso-line-break-override: none; punctuation-wrap: hanging;\"> Mini Pop Splash Decorated :<p style=\"margin: 0pt 0in; text-align: left; line-height: normal; text-indent: 0in; unicode-bidi: embed; direction: ltr; -ms-word-break: normal; language: tr; mso-vertical-align-alt: auto; mso-line-break-override: none; punctuation-wrap: hanging;\"> Ultra nemlendirici ve yapışkan olmayan formülü ile dudaklarınızdamükemmel parlaklık sağlar. Uzun süre nemlendirme etkisi ile dudaklarınız günboyunca nemli kalır. <div class=\"O0\" style=\"margin: 0pt 0in 0pt 0.31in; text-align: left; line-height: normal; text-indent: -0.31in; unicode-bidi: embed; direction: ltr; -ms-word-break: normal; language: tr; mso-vertical-align-alt: auto; mso-line-break-override: none; punctuation-wrap: hanging;\">   Coconut Pop</div><div class=\"O0\" style=\"margin: 0pt 0in 0pt 0.31in; text-align: left; line-height: normal; text-indent: -0.31in; unicode-bidi: embed; direction: ltr; -ms-word-break: normal; language: tr; mso-vertical-align-alt: auto; mso-line-break-override: none; punctuation-wrap: hanging;\">   Tenderheart</div>","display_mode":null,"display_name":"Clinique Lip Pop 5li Ruj Seti","display_status":7,"finish":null,"form":null,"formula_type":null,"fragrance_family":null,"indexable_keywords":null,"is_hazmat":false,"is_product_coming_soon":null,"is_product_displayable":true,"is_product_searchable":true,"is_product_shoppable":false,"is_product_sold_out":null,"is_product_temporarily_out_of_stock":null,"is_search_suppressed":null,"key_ingredient":null,"media":{"large":null,"medium":null,"poster":null,"small":null,"videos":[{"position":null,"poster":{"height":null,"src":null,"width":null},"provider":"YouTube","src":null},{"position":null,"poster":{"height":null,"src":null,"width":null},"provider":"YouTube","src":null},{"position":null,"poster":{"height":null,"src":null,"width":null},"provider":"YouTube","src":null}],"xl":null},"meta":{"description":null,"keywords":null},"parent_category":[{"id":"13562","value":"YENİ YIL MAKYAJ"},{"id":"13561","value":"YENİ YIL BUTİĞİ"}],"product_badge":null,"product_id":"81869","product_title_tag":null,"product_type":"Other","product_url":"/product/13562/81869/yeni-yil-butigi/yeni-yil-makyaj/clinique-lip-pop-5li-ruj-seti","reviews":{"average_rating":null,"number_of_questions":null,"number_of_reviews":null},"shade_groups":null,"short_description":null,"skin":null,"skin_goal":null,"skus":{"total":1,"items":[{"color_family":null,"coverage_options":null,"cross_sell":null,"display_status":7,"finish":null,"finish_options":null,"fragrances":[{"family":null,"key":null,"value":null}],"iln_listing":null,"iln_version_number":null,"inventory_status":"Sold Out","is_active":null,"is_coming_soon":null,"is_default_sku":false,"is_discountable":true,"is_displayable":null,"is_engravable":null,"is_fragrance":null,"is_giftable":null,"is_giftwrap":false,"is_inactive":null,"is_multi_shaded":null,"is_out_of_stock":null,"is_preorder":false,"is_preorderable":null,"is_promotional":null,"is_replenishable":false,"is_search_suppressed":null,"is_searchable":true,"is_shaded":null,"is_sized":null,"is_sold_out":true,"is_under_weight_hazmat":false,"is_vto_enabled":null,"life_of_product":"Limited life","material_code":"KT05Y00000","media":{"large":[{"alt":"Clinique Lip Pop 5li Ruj Seti","height":1200,"position":0,"src":"/media/export/cms/products/1200x1500/cl_sku_KT05Y0_1200x1500_0.png","type":"image","width":1500}],"medium":[{"alt":"Clinique Lip Pop 5li Ruj Seti","height":600,"position":1,"src":"/media/export/cms/products/600x750/cl_sku_KT05Y0_600x750_0.png","type":"image","width":750}],"model":null,"poster":null,"small":[{"alt":"Clinique Lip Pop 5li Ruj Seti","height":1200,"position":2,"src":"/media/export/cms/products/1200x1500/cl_sku_KT05Y0_1200x1500_0.png","type":"image","width":1500}],"smoosh":null,"xl":null},"out_of_stock_threshold":null,"perlgem":{"SKU_BASE_ID":124421},"preorder_date":null,"prices":[{"currency":"TRY","exclude_tax":{"original_price":289,"original_price_formatted":"289.00 TL","price":289,"price_formatted":"289.00 TL","price_per_unit":null,"price_per_unit_formatted":""},"include_tax":{"original_price":289,"original_price_formatted":"289.00 TL","price":289,"price_formatted":"289.00 TL","price_per_unit":null,"price_per_unit_formatted":""},"is_discounted":false}],"purchase_limit":null,"replenishment":{"message":null},"reviews":{"average_rating":null,"number_of_questions":null,"number_of_reviews":null},"set_components":null,"shade_groups":null,"shades":null,"sizes":[{"key":1,"value":null}],"skin":{"tone":null,"type":null,"type_description":null},"sku_badge":null,"sku_badge_image":null,"sku_display_order":0,"sku_id":"KT05Y0","sku_promo_messaging":null,"sku_type":"SE","sku_url":null,"tags":{"total":12,"items":[{"id":"1605","key":"ruj","value":"RUJ"},{"id":"13568","key":"249-tl-ve-alti-ci̇lt-bakimmakyajparfüm-setleri̇","value":"249 TL VE ALTI CİLT BAKIM&MAKYAJ&PARFÜM SETLERİ"},{"id":"1602","key":"hedi̇yeler-setler","value":"HEDİYELER & SETLER"},{"id":"17860","key":"makyaj-ci̇lt-bakim-parfüm-setleri̇","value":"MAKYAJ & CİLT BAKIM & PARFÜM SETLERİ"},{"id":"13569","key":"99-tl-ve-alti-ci̇lt-bakimmakyajparfüm-setleri̇","value":"99 TL VE ALTI CİLT BAKIM&MAKYAJ&PARFÜM SETLERİ"},{"id":"13566","key":"yeni̇-yil-ci̇lt-bakimmakyajparfüm-setleri̇","value":"YENİ YIL CİLT BAKIM&MAKYAJ&PARFÜM SETLERİ"},{"id":"13567","key":"499-tl-ve-alti-ci̇lt-bakimmakyajparfüm-setleri̇","value":"499 TL VE ALTI CİLT BAKIM&MAKYAJ&PARFÜM SETLERİ"},{"id":"13562","key":"yeni̇-yil-makyaj","value":"YENİ YIL MAKYAJ"},{"id":"1575","key":"en-çok-satanlar","value":"En Çok Satanlar"},{"id":"4323","key":"yeni̇-ürünler","value":"YENİ ÜRÜNLER"},{"id":"16422","key":"gifts","value":"Gifts"},{"id":"19288","key":"sale","value":"sale"}]},"texture":null,"undertone":null,"unit_of_measure":null,"unit_size":null,"unit_size_formatted":null,"upc":"192333052204","vto":{"is_color_experience":null,"is_foundation_experience":null}}]},"sub_display_name":null,"sub_header":null,"tags":{"total":12,"items":[{"id":"1605","key":"ruj","parent_tag_id":"1592","product_display_order":26,"value":"RUJ"},{"id":"13568","key":"249-tl-ve-alti-ci̇lt-bakimmakyajparfüm-setleri̇","parent_tag_id":"13561","product_display_order":0,"value":"249 TL VE ALTI CİLT BAKIM&MAKYAJ&PARFÜM SETLERİ"},{"id":"1602","key":"hedi̇yeler-setler","parent_tag_id":"1600","product_display_order":0,"value":"HEDİYELER & SETLER"},{"id":"17860","key":"makyaj-ci̇lt-bakim-parfüm-setleri̇","parent_tag_id":null,"product_display_order":0,"value":"MAKYAJ & CİLT BAKIM & PARFÜM SETLERİ"},{"id":"13569","key":"99-tl-ve-alti-ci̇lt-bakimmakyajparfüm-setleri̇","parent_tag_id":"13561","product_display_order":0,"value":"99 TL VE ALTI CİLT BAKIM&MAKYAJ&PARFÜM SETLERİ"},{"id":"13566","key":"yeni̇-yil-ci̇lt-bakimmakyajparfüm-setleri̇","parent_tag_id":"13561","product_display_order":0,"value":"YENİ YIL CİLT BAKIM&MAKYAJ&PARFÜM SETLERİ"},{"id":"13567","key":"499-tl-ve-alti-ci̇lt-bakimmakyajparfüm-setleri̇","parent_tag_id":"13561","product_display_order":0,"value":"499 TL VE ALTI CİLT BAKIM&MAKYAJ&PARFÜM SETLERİ"},{"id":"13562","key":"yeni̇-yil-makyaj","parent_tag_id":"13561","product_display_order":0,"value":"YENİ YIL MAKYAJ"},{"id":"1575","key":"en-çok-satanlar","parent_tag_id":null,"product_display_order":0,"value":"En Çok Satanlar"},{"id":"4323","key":"yeni̇-ürünler","parent_tag_id":null,"product_display_order":0,"value":"YENİ ÜRÜNLER"},{"id":"16422","key":"gifts","parent_tag_id":"1585","product_display_order":0,"value":"Gifts"},{"id":"19288","key":"sale","parent_tag_id":"1590","product_display_order":0,"value":"sale"}]},"usage":[{"content":null,"label":"PRODUCT USAGE","type":"product_usage"},{"content":null,"label":"HOW DOES IT WORK","type":"how_does_it_work"},{"content":null,"label":"WHO IT IS FOR","type":"who_it_is_for"},{"content":null,"label":"GREAT TO KNOW","type":"great_to_know"},{"content":null,"label":"WHAT_IT_DOES","type":"what_it_does"},{"content":"<p style=\"margin: 0pt 0in; text-align: left; line-height: normal; text-indent: 0in; unicode-bidi: embed; direction: ltr; -ms-word-break: normal; language: tr; mso-vertical-align-alt: auto; mso-line-break-override: none; punctuation-wrap: hanging;\"> Harika bir hediye alternatifi! 3farklı renk ve 2 farklı bitiş ile dikkati dudağınıza çekin. <p style=\"margin: 0pt 0in; text-align: left; line-height: normal; text-indent: 0in; unicode-bidi: embed; direction: ltr; -ms-word-break: normal; language: tr; mso-vertical-align-alt: auto; mso-line-break-override: none; punctuation-wrap: hanging;\"> Orijinal Boy Pop Lip Colour + Primer :<p style=\"text-align: left; margin-top: 0pt; margin-bottom: 0pt; margin-left: 0in; unicode-bidi: embed; direction: ltr; -ms-word-break: normal; language: tr; mso-line-break-override: none; punctuation-wrap: hanging;\"> Clinique Lip Poplar nemlendiriciformülü sayesinde dudağınızı makyaja hazırlarken, yoğun renk pigmentleri ilerenklendirir.<div class=\"O0\" style=\"margin: 0pt 0in 0pt 0.31in; text-align: left; line-height: normal; text-indent: -0.31in; unicode-bidi: embed; direction: ltr; -ms-word-break: normal; language: tr; mso-vertical-align-alt: auto; mso-line-break-override: none; punctuation-wrap: hanging;\">   Bare Pop</div><div class=\"O0\" style=\"margin: 0pt 0in 0pt 0.31in; text-align: left; line-height: normal; text-indent: -0.31in; unicode-bidi: embed; direction: ltr; -ms-word-break: normal; language: tr; mso-vertical-align-alt: auto; mso-line-break-override: none; punctuation-wrap: hanging;\">   Mocha Pop</div><div class=\"O0\" style=\"margin: 0pt 0in 0pt 0.31in; text-align: left; line-height: normal; text-indent: -0.31in; unicode-bidi: embed; direction: ltr; -ms-word-break: normal; language: tr; mso-vertical-align-alt: auto; mso-line-break-override: none; punctuation-wrap: hanging;\">   Passion Pop</div><p style=\"margin: 0pt 0in; text-align: left; line-height: normal; text-indent: 0in; unicode-bidi: embed; direction: ltr; -ms-word-break: normal; language: tr; mso-vertical-align-alt: auto; mso-line-break-override: none; punctuation-wrap: hanging;\"> Mini Pop Splash Decorated :<p style=\"margin: 0pt 0in; text-align: left; line-height: normal; text-indent: 0in; unicode-bidi: embed; direction: ltr; -ms-word-break: normal; language: tr; mso-vertical-align-alt: auto; mso-line-break-override: none; punctuation-wrap: hanging;\"> Ultra nemlendirici ve yapışkan olmayan formülü ile dudaklarınızdamükemmel parlaklık sağlar. Uzun süre nemlendirme etkisi ile dudaklarınız günboyunca nemli kalır. <div class=\"O0\" style=\"margin: 0pt 0in 0pt 0.31in; text-align: left; line-height: normal; text-indent: -0.31in; unicode-bidi: embed; direction: ltr; -ms-word-break: normal; language: tr; mso-vertical-align-alt: auto; mso-line-break-override: none; punctuation-wrap: hanging;\">   Coconut Pop</div><div class=\"O0\" style=\"margin: 0pt 0in 0pt 0.31in; text-align: left; line-height: normal; text-indent: -0.31in; unicode-bidi: embed; direction: ltr; -ms-word-break: normal; language: tr; mso-vertical-align-alt: auto; mso-line-break-override: none; punctuation-wrap: hanging;\">   Tenderheart</div>","label":"WHAT_IT_IS","type":"what_it_is"}],"objectID":"81869"},{"benefit":{"statement":null,"benefits":null},"brand":null,"collection":null,"coverage":null,"cross_sell":[{"sku_id":"Z17W01","sort_key":1},{"sku_id":"6CY401","sort_key":2},{"sku_id":"Z9FF02","sort_key":3},{"sku_id":"6MNY01","sort_key":4}],"default_category":{"id":"1599","key":"fondöten"},"description":null,"display_mode":null,"display_name":"Superbalanced™ Fondöten","display_status":7,"finish":null,"form":null,"formula_type":null,"fragrance_family":null,"indexable_keywords":[{"value":"foundation"},{"value":" superbalanced"},{"value":" liquid foundation"},{"value":" foundations"},{"value":"skin type i"},{"value":"skin type ii"},{"value":"skin type 2"},{"value":"skin type two"},{"value":"skin type 1"},{"value":"skin type one -streak-proof"},{"value":"biopol"},{"value":"optical diffusers"},{"value":"anti-irritaoxidants"},{"value":"anti--resistant"},{"value":"non-acnegenic"},{"value":"oil-free"},{"value":"oil"},{"value":"oily"},{"value":"combination"},{"value":" full coverage"},{"value":" makeup"},{"value":" make-up"},{"value":"superfit foundation"}],"is_hazmat":false,"is_product_coming_soon":null,"is_product_displayable":true,"is_product_searchable":true,"is_product_shoppable":true,"is_product_sold_out":null,"is_product_temporarily_out_of_stock":null,"is_search_suppressed":null,"key_ingredient":null,"media":{"large":[{"alt":"Superbalanced™ Fondöten","height":1200,"position":0,"src":"/media/export/cms/products/1200x1500/cl_prod_82159_1200x1500_0.png","type":"image","width":1500},{"alt":"Superbalanced™ Fondöten","height":1200,"position":1,"src":"/media/export/cms/products/1200x1500/cl_prod_82159_1200x1500_1.png","type":"image","width":1500}],"medium":null,"poster":null,"small":[{"alt":"Superbalanced™ Fondöten","height":1200,"position":2,"src":"/media/export/cms/products/1200x1500/cl_prod_82159_1200x1500_0.png","type":"image","width":1500},{"alt":"Superbalanced™ Fondöten","height":1200,"position":3,"src":"/media/export/cms/products/1200x1500/cl_prod_82159_1200x1500_1.png","type":"image","width":1500}],"videos":[{"position":null,"poster":{"height":null,"src":null,"width":null},"provider":"YouTube","src":null},{"position":null,"poster":{"height":null,"src":null,"width":null},"provider":"YouTube","src":null},{"position":null,"poster":{"height":null,"src":null,"width":null},"provider":"YouTube","src":null}],"xl":null},"meta":{"description":null,"keywords":null},"parent_category":[{"id":"1599","value":"FONDÖTEN"},{"id":"1592","value":"MAKYAJ"}],"product_badge":"Best Seller","product_id":"82159","product_title_tag":null,"product_type":"Shaded","product_url":"/product/1599/82159/makyaj/fondoten/superbalancedtm-fondoten","reviews":{"average_rating":null,"number_of_questions":null,"number_of_reviews":null},"shade_groups":null,"short_description":null,"skin":null,"skin_goal":null,"skus":{"total":5,"items":[{"color_family":null,"coverage_options":null,"cross_sell":null,"display_status":3,"finish":null,"finish_options":null,"fragrances":[{"family":null,"key":null,"value":null}],"iln_listing":null,"iln_version_number":null,"inventory_status":"Sold Out","is_active":null,"is_coming_soon":null,"is_default_sku":false,"is_discountable":false,"is_displayable":null,"is_engravable":null,"is_fragrance":null,"is_giftable":null,"is_giftwrap":false,"is_inactive":null,"is_multi_shaded":null,"is_out_of_stock":null,"is_preorder":false,"is_preorderable":null,"is_promotional":null,"is_replenishable":false,"is_search_suppressed":null,"is_searchable":true,"is_shaded":null,"is_sized":null,"is_sold_out":true,"is_under_weight_hazmat":false,"is_vto_enabled":null,"life_of_product":"Limited life","material_code":"KXJA110000","media":{"large":[{"alt":"Superbalanced™ Fondöten","height":1200,"position":0,"src":"/media/export/cms/products/1200x1500/cl_sku_KXJA11_1200x1500_0.png","type":"image","width":1500}],"medium":[{"alt":"Superbalanced™ Fondöten","height":600,"position":1,"src":"/media/export/cms/products/600x750/cl_sku_KXJA11_600x750_0.png","type":"image","width":750}],"model":null,"poster":null,"small":[{"alt":"Superbalanced™ Fondöten","height":1200,"position":2,"src":"/media/export/cms/products/1200x1500/cl_sku_KXJA11_1200x1500_0.png","type":"image","width":1500}],"smoosh":null,"xl":null},"out_of_stock_threshold":null,"perlgem":{"SKU_BASE_ID":126705},"preorder_date":null,"prices":[{"currency":"TRY","exclude_tax":{"original_price":225,"original_price_formatted":"225.00 TL","price":225,"price_formatted":"225.00 TL","price_per_unit":null,"price_per_unit_formatted":""},"include_tax":{"original_price":225,"original_price_formatted":"225.00 TL","price":225,"price_formatted":"225.00 TL","price_per_unit":null,"price_per_unit_formatted":""},"is_discounted":false}],"purchase_limit":null,"replenishment":{"message":null},"reviews":{"average_rating":null,"number_of_questions":null,"number_of_reviews":null},"set_components":null,"shade_groups":null,"shades":[{"description":"","hex_val":"","image":{"height":null,"src":"","width":null},"name":"Sunny","smoosh_design":{"group_id":null,"name":""}}],"sizes":[{"key":1,"value":"30ml"}],"skin":{"tone":null,"type":null,"type_description":null},"sku_badge":null,"sku_badge_image":null,"sku_display_order":0,"sku_id":"KXJA11","sku_promo_messaging":null,"sku_type":"SE","sku_url":null,"tags":{"total":1,"items":[{"id":"1599","key":"fondöten","value":"FONDÖTEN"}]},"texture":null,"undertone":null,"unit_of_measure":null,"unit_size":null,"unit_size_formatted":null,"upc":"192333074664","vto":{"is_color_experience":null,"is_foundation_experience":null}},{"color_family":null,"coverage_options":null,"cross_sell":null,"display_status":7,"finish":null,"finish_options":null,"fragrances":[{"family":null,"key":null,"value":null}],"iln_listing":null,"iln_version_number":null,"inventory_status":"Active","is_active":true,"is_coming_soon":null,"is_default_sku":false,"is_discountable":false,"is_displayable":null,"is_engravable":null,"is_fragrance":null,"is_giftable":null,"is_giftwrap":false,"is_inactive":null,"is_multi_shaded":null,"is_out_of_stock":null,"is_preorder":false,"is_preorderable":null,"is_promotional":null,"is_replenishable":false,"is_search_suppressed":null,"is_searchable":true,"is_shaded":null,"is_sized":null,"is_sold_out":null,"is_under_weight_hazmat":false,"is_vto_enabled":null,"life_of_product":"Basic Reorder","material_code":"KXJA010000","media":{"large":[{"alt":"Superbalanced™ Fondöten","height":1200,"position":1,"src":"/media/export/cms/products/1200x1500/cl_sku_KXJA01_1200x1500_0.png","type":"image","width":1500}],"medium":[{"alt":"Superbalanced™ Fondöten","height":600,"position":2,"src":"/media/export/cms/products/600x750/cl_sku_KXJA01_600x750_0.png","type":"image","width":750}],"model":null,"poster":null,"small":[{"alt":"Superbalanced™ Fondöten","height":1200,"position":3,"src":"/media/export/cms/products/1200x1500/cl_sku_KXJA01_1200x1500_0.png","type":"image","width":1500}],"smoosh":[{"alt":"Superbalanced™ Fondöten","height":1200,"position":0,"src":"/media/export/cms/products/1200x1500/swatches_v3/55_ns_ng.png","type":"image","width":1500}],"xl":null},"out_of_stock_threshold":null,"perlgem":{"SKU_BASE_ID":126700},"preorder_date":null,"prices":[{"currency":"TRY","exclude_tax":{"original_price":265,"original_price_formatted":"265.00 TL","price":265,"price_formatted":"265.00 TL","price_per_unit":null,"price_per_unit_formatted":""},"include_tax":{"original_price":265,"original_price_formatted":"265.00 TL","price":265,"price_formatted":"265.00 TL","price_per_unit":null,"price_per_unit_formatted":""},"is_discounted":false}],"purchase_limit":null,"replenishment":{"message":null},"reviews":{"average_rating":null,"number_of_questions":null,"number_of_reviews":null},"set_components":null,"shade_groups":null,"shades":[{"description":"","hex_val":"#F5D4B7","image":{"height":null,"src":"","width":null},"name":"Petal","smoosh_design":{"group_id":null,"name":"55::none::none"}}],"sizes":[{"key":1,"value":"30ml"}],"skin":{"tone":null,"type":null,"type_description":null},"sku_badge":null,"sku_badge_image":null,"sku_display_order":0,"sku_id":"KXJA01","sku_promo_messaging":null,"sku_type":"SE","sku_url":null,"tags":{"total":1,"items":[{"id":"1599","key":"fondöten","value":"FONDÖTEN"}]},"texture":null,"undertone":null,"unit_of_measure":null,"unit_size":null,"unit_size_formatted":null,"upc":"192333074282","vto":{"is_color_experience":null,"is_foundation_experience":null}},{"color_family":null,"coverage_options":null,"cross_sell":null,"display_status":3,"finish":null,"finish_options":null,"fragrances":[{"family":null,"key":null,"value":null}],"iln_listing":null,"iln_version_number":null,"inventory_status":"Sold Out","is_active":null,"is_coming_soon":null,"is_default_sku":false,"is_discountable":false,"is_displayable":null,"is_engravable":null,"is_fragrance":null,"is_giftable":null,"is_giftwrap":false,"is_inactive":null,"is_multi_shaded":null,"is_out_of_stock":null,"is_preorder":false,"is_preorderable":null,"is_promotional":null,"is_replenishable":false,"is_search_suppressed":null,"is_searchable":true,"is_shaded":null,"is_sized":null,"is_sold_out":true,"is_under_weight_hazmat":false,"is_vto_enabled":null,"life_of_product":"Limited life","material_code":"KXJA090000","media":{"large":[{"alt":"Superbalanced™ Fondöten","height":1200,"position":0,"src":"/media/export/cms/products/1200x1500/cl_sku_KXJA09_1200x1500_0.png","type":"image","width":1500}],"medium":[{"alt":"Superbalanced™ Fondöten","height":600,"position":1,"src":"/media/export/cms/products/600x750/cl_sku_KXJA09_600x750_0.png","type":"image","width":750}],"model":null,"poster":null,"small":[{"alt":"Superbalanced™ Fondöten","height":1200,"position":2,"src":"/media/export/cms/products/1200x1500/cl_sku_KXJA09_1200x1500_0.png","type":"image","width":1500}],"smoosh":null,"xl":null},"out_of_stock_threshold":null,"perlgem":{"SKU_BASE_ID":126704},"preorder_date":null,"prices":[{"currency":"TRY","exclude_tax":{"original_price":225,"original_price_formatted":"225.00 TL","price":225,"price_formatted":"225.00 TL","price_per_unit":null,"price_per_unit_formatted":""},"include_tax":{"original_price":225,"original_price_formatted":"225.00 TL","price":225,"price_formatted":"225.00 TL","price_per_unit":null,"price_per_unit_formatted":""},"is_discounted":false}],"purchase_limit":null,"replenishment":{"message":null},"reviews":{"average_rating":null,"number_of_questions":null,"number_of_reviews":null},"set_components":null,"shade_groups":null,"shades":[{"description":"","hex_val":"","image":{"height":null,"src":"","width":null},"name":"Sand","smoosh_design":{"group_id":null,"name":""}}],"sizes":[{"key":1,"value":"30ml"}],"skin":{"tone":null,"type":null,"type_description":null},"sku_badge":null,"sku_badge_image":null,"sku_display_order":0,"sku_id":"KXJA09","sku_promo_messaging":null,"sku_type":"SE","sku_url":null,"tags":{"total":1,"items":[{"id":"1599","key":"fondöten","value":"FONDÖTEN"}]},"texture":null,"undertone":null,"unit_of_measure":null,"unit_size":null,"unit_size_formatted":null,"upc":"192333074640","vto":{"is_color_experience":null,"is_foundation_experience":null}},{"color_family":null,"coverage_options":null,"cross_sell":null,"display_status":7,"finish":null,"finish_options":null,"fragrances":[{"family":null,"key":null,"value":null}],"iln_listing":null,"iln_version_number":null,"inventory_status":"Active","is_active":true,"is_coming_soon":null,"is_default_sku":false,"is_discountable":false,"is_displayable":null,"is_engravable":null,"is_fragrance":null,"is_giftable":null,"is_giftwrap":false,"is_inactive":null,"is_multi_shaded":null,"is_out_of_stock":null,"is_preorder":false,"is_preorderable":null,"is_promotional":null,"is_replenishable":false,"is_search_suppressed":null,"is_searchable":true,"is_shaded":null,"is_sized":null,"is_sold_out":null,"is_under_weight_hazmat":false,"is_vto_enabled":null,"life_of_product":"Limited life","material_code":"KXJA060000","media":{"large":[{"alt":"Superbalanced™ Fondöten","height":1200,"position":0,"src":"/media/export/cms/products/1200x1500/cl_sku_KXJA06_1200x1500_0.png","type":"image","width":1500}],"medium":[{"alt":"Superbalanced™ Fondöten","height":600,"position":1,"src":"/media/export/cms/products/600x750/cl_sku_KXJA06_600x750_0.png","type":"image","width":750}],"model":null,"poster":null,"small":[{"alt":"Superbalanced™ Fondöten","height":1200,"position":2,"src":"/media/export/cms/products/1200x1500/cl_sku_KXJA06_1200x1500_0.png","type":"image","width":1500}],"smoosh":null,"xl":null},"out_of_stock_threshold":null,"perlgem":{"SKU_BASE_ID":126702},"preorder_date":null,"prices":[{"currency":"TRY","exclude_tax":{"original_price":265,"original_price_formatted":"265.00 TL","price":265,"price_formatted":"265.00 TL","price_per_unit":null,"price_per_unit_formatted":""},"include_tax":{"original_price":265,"original_price_formatted":"265.00 TL","price":265,"price_formatted":"265.00 TL","price_per_unit":null,"price_per_unit_formatted":""},"is_discounted":false}],"purchase_limit":null,"replenishment":{"message":null},"reviews":{"average_rating":null,"number_of_questions":null,"number_of_reviews":null},"set_components":null,"shade_groups":null,"shades":[{"description":"","hex_val":"","image":{"height":null,"src":"","width":null},"name":"Linen","smoosh_design":{"group_id":null,"name":""}}],"sizes":[{"key":1,"value":"30ml"}],"skin":{"tone":null,"type":null,"type_description":null},"sku_badge":null,"sku_badge_image":null,"sku_display_order":0,"sku_id":"KXJA06","sku_promo_messaging":null,"sku_type":"SE","sku_url":null,"tags":{"total":1,"items":[{"id":"1599","key":"fondöten","value":"FONDÖTEN"}]},"texture":null,"undertone":null,"unit_of_measure":null,"unit_size":null,"unit_size_formatted":null,"upc":"192333074619","vto":{"is_color_experience":null,"is_foundation_experience":null}},{"color_family":null,"coverage_options":null,"cross_sell":null,"display_status":3,"finish":null,"finish_options":null,"fragrances":[{"family":null,"key":null,"value":null}],"iln_listing":null,"iln_version_number":null,"inventory_status":"Sold Out","is_active":null,"is_coming_soon":null,"is_default_sku":false,"is_discountable":false,"is_displayable":null,"is_engravable":null,"is_fragrance":null,"is_giftable":null,"is_giftwrap":false,"is_inactive":null,"is_multi_shaded":null,"is_out_of_stock":null,"is_preorder":false,"is_preorderable":null,"is_promotional":null,"is_replenishable":false,"is_search_suppressed":null,"is_searchable":true,"is_shaded":null,"is_sized":null,"is_sold_out":true,"is_under_weight_hazmat":false,"is_vto_enabled":null,"life_of_product":"Limited life","material_code":"KXJA020000","media":{"large":[{"alt":"Superbalanced™ Fondöten","height":1200,"position":0,"src":"/media/export/cms/products/1200x1500/cl_sku_KXJA02_1200x1500_0.png","type":"image","width":1500}],"medium":[{"alt":"Superbalanced™ Fondöten","height":600,"position":1,"src":"/media/export/cms/products/600x750/cl_sku_KXJA02_600x750_0.png","type":"image","width":750}],"model":null,"poster":null,"small":[{"alt":"Superbalanced™ Fondöten","height":1200,"position":2,"src":"/media/export/cms/products/1200x1500/cl_sku_KXJA02_1200x1500_0.png","type":"image","width":1500}],"smoosh":null,"xl":null},"out_of_stock_threshold":null,"perlgem":{"SKU_BASE_ID":126701},"preorder_date":null,"prices":[{"currency":"TRY","exclude_tax":{"original_price":245,"original_price_formatted":"245.00 TL","price":245,"price_formatted":"245.00 TL","price_per_unit":null,"price_per_unit_formatted":""},"include_tax":{"original_price":245,"original_price_formatted":"245.00 TL","price":245,"price_formatted":"245.00 TL","price_per_unit":null,"price_per_unit_formatted":""},"is_discounted":false}],"purchase_limit":null,"replenishment":{"message":null},"reviews":{"average_rating":null,"number_of_questions":null,"number_of_reviews":null},"set_components":null,"shade_groups":null,"shades":[{"description":"","hex_val":"","image":{"height":null,"src":"","width":null},"name":"Fair","smoosh_design":{"group_id":null,"name":""}}],"sizes":[{"key":1,"value":"30ml"}],"skin":{"tone":null,"type":null,"type_description":null},"sku_badge":null,"sku_badge_image":null,"sku_display_order":0,"sku_id":"KXJA02","sku_promo_messaging":null,"sku_type":"SE","sku_url":null,"tags":{"total":1,"items":[{"id":"1599","key":"fondöten","value":"FONDÖTEN"}]},"texture":null,"undertone":null,"unit_of_measure":null,"unit_size":null,"unit_size_formatted":null,"upc":"192333074565","vto":{"is_color_experience":null,"is_foundation_experience":null}}]},"sub_display_name":null,"sub_header":null,"tags":{"total":2,"items":[{"id":"1590","key":"i̇ndi̇ri̇mli̇-ürünler","parent_tag_id":null,"product_display_order":0,"value":"İNDİRİMLİ ÜRÜNLER"},{"id":"1599","key":"fondöten","parent_tag_id":"1592","product_display_order":16,"value":"FONDÖTEN"}]},"usage":[{"content":null,"label":"PRODUCT USAGE","type":"product_usage"},{"content":null,"label":"HOW DOES IT WORK","type":"how_does_it_work"},{"content":null,"label":"WHO IT IS FOR","type":"who_it_is_for"},{"content":null,"label":"GREAT TO KNOW","type":"great_to_know"},{"content":null,"label":"WHAT_IT_DOES","type":"what_it_does"},{"content":null,"label":"WHAT_IT_IS","type":"what_it_is"}],"objectID":"82159"},{"benefit":{"statement":null,"benefits":null},"brand":null,"collection":null,"coverage":null,"cross_sell":[{"sku_id":"6EM601","sort_key":1},{"sku_id":null,"sort_key":2},{"sku_id":"667H01","sort_key":3},{"sku_id":"76WY01","sort_key":4},{"sku_id":"68LE01","sort_key":5},{"sku_id":"76X001","sort_key":6}],"default_category":{"id":"1572","key":"temi̇zleme"},"description":"<P>Kirin ve yağın temizlenmesine yardımcı olan, köpürmeyen losyon kıvamlı, likit yüz temizleme jeli. Kirin ve pütürlerin temizlenmesine katkıda bulunur. Diğer nemlendirici içeriklerle birlikte cildin nem kaybına karşı korunmasını destekler.<BR></P>","display_mode":null,"display_name":"Likit Yüz Temizleme Jeli","display_status":7,"finish":null,"form":null,"formula_type":null,"fragrance_family":null,"indexable_keywords":[{"value":"likit yüz temizleme jeli"},{"value":" sabun"},{"value":" 3-step"},{"value":" cilt bakım"},{"value":" tedavi edici ürünler"},{"value":" temizleme jeli"},{"value":" sabun"},{"value":" yüz sabunu"},{"value":" hassas sabun"},{"value":" hassas temizleyici"},{"value":" yüz temizleme jeli"},{"value":" yüz temizleme jeli kuru"},{"value":" yağlı cilt"},{"value":" kuru cilt."}],"is_hazmat":false,"is_product_coming_soon":null,"is_product_displayable":true,"is_product_searchable":true,"is_product_shoppable":true,"is_product_sold_out":null,"is_product_temporarily_out_of_stock":null,"is_search_suppressed":null,"key_ingredient":null,"media":{"large":[{"alt":"Likit Yüz Temizleme Jeli","height":1200,"position":0,"src":"/media/export/cms/products/1200x1500/cl_prod_8279_1200x1500_0.png","type":"image","width":1500},{"alt":"Likit Yüz Temizleme Jeli","height":1200,"position":1,"src":"/media/export/cms/products/1200x1500/cl_prod_8279_1200x1500_1.png","type":"image","width":1500}],"medium":null,"poster":null,"small":[{"alt":"Likit Yüz Temizleme Jeli","height":1200,"position":2,"src":"/media/export/cms/products/1200x1500/cl_prod_8279_1200x1500_0.png","type":"image","width":1500},{"alt":"Likit Yüz Temizleme Jeli","height":1200,"position":3,"src":"/media/export/cms/products/1200x1500/cl_prod_8279_1200x1500_1.png","type":"image","width":1500}],"videos":[{"position":null,"poster":{"height":null,"src":null,"width":null},"provider":null,"src":null},{"position":null,"poster":{"height":null,"src":null,"width":null},"provider":null,"src":null},{"position":null,"poster":{"height":null,"src":null,"width":null},"provider":null,"src":null}],"xl":null},"meta":{"description":null,"keywords":"liquid, Liquid Soap, 3-Step, Skin Care, skincare, treatment products, liquid facial soap, liquid soap, soap, face soap, facial soap, liquid facial soap mild, liquid facial soap oily, liquid facial soap dry, face soap, mild, oily, dry,"},"parent_category":[{"id":"1572","value":"TEMİZLEME"},{"id":"1570","value":"3 ADIMLI CİLT BAKIM SİSTEMİ"}],"product_badge":null,"product_id":"8279","product_title_tag":null,"product_type":"Sized","product_url":"/product/1572/8279/3-adimli-cilt-bakim-sistemi/temizleme/likit-yuz-temizleme-jeli","reviews":{"average_rating":4.5,"number_of_questions":null,"number_of_reviews":17},"shade_groups":null,"short_description":"Dermatologlar tarafından geliştirilen yüz temizleme jeli, yüzü nazikçe ve derinlemesine temizler.","skin":null,"skin_goal":null,"skus":{"total":3,"items":[{"color_family":null,"coverage_options":null,"cross_sell":null,"display_status":7,"finish":null,"finish_options":null,"fragrances":[{"family":null,"key":null,"value":null}],"iln_listing":null,"iln_version_number":null,"inventory_status":"Active","is_active":true,"is_coming_soon":null,"is_default_sku":false,"is_discountable":true,"is_displayable":null,"is_engravable":null,"is_fragrance":null,"is_giftable":null,"is_giftwrap":false,"is_inactive":null,"is_multi_shaded":null,"is_out_of_stock":null,"is_preorder":false,"is_preorderable":null,"is_promotional":null,"is_replenishable":false,"is_search_suppressed":null,"is_searchable":true,"is_shaded":null,"is_sized":null,"is_sold_out":null,"is_under_weight_hazmat":false,"is_vto_enabled":null,"life_of_product":"Basic Reorder","material_code":"6F37010001","media":{"large":[{"alt":"Likit Yüz Temizleme Jeli","height":1200,"position":0,"src":"/media/export/cms/products/1200x1500/cl_sku_6F3701_1200x1500_0.png","type":"image","width":1500}],"medium":[{"alt":"Likit Yüz Temizleme Jeli","height":600,"position":1,"src":"/media/export/cms/products/600x750/cl_sku_6F3701_600x750_0.png","type":"image","width":750}],"model":null,"poster":null,"small":[{"alt":"Likit Yüz Temizleme Jeli","height":1200,"position":2,"src":"/media/export/cms/products/1200x1500/cl_sku_6F3701_1200x1500_0.png","type":"image","width":1500}],"smoosh":null,"xl":null},"out_of_stock_threshold":null,"perlgem":{"SKU_BASE_ID":13287},"preorder_date":null,"prices":[{"currency":"TRY","exclude_tax":{"original_price":179,"original_price_formatted":"179.00 TL","price":179,"price_formatted":"179.00 TL","price_per_unit":null,"price_per_unit_formatted":""},"include_tax":{"original_price":179,"original_price_formatted":"179.00 TL","price":179,"price_formatted":"179.00 TL","price_per_unit":null,"price_per_unit_formatted":""},"is_discounted":false}],"purchase_limit":null,"replenishment":{"message":"Recommended Auto-Ship cycle: 8 weeks  Learn more >"},"reviews":{"average_rating":null,"number_of_questions":null,"number_of_reviews":null},"set_components":null,"shade_groups":null,"shades":null,"sizes":[{"key":1,"value":"200 ml - Kuru Karma"}],"skin":{"tone":null,"type":[{"key":"dry-skintype","value":"dry_skintype"},{"key":"combination-skintype","value":"combination_skintype"}],"type_description":null},"sku_badge":null,"sku_badge_image":null,"sku_display_order":0,"sku_id":"6F3701","sku_promo_messaging":null,"sku_type":"SE","sku_url":null,"tags":{"total":34,"items":[{"id":"12602","key":"jumbo-boylar","value":"JUMBO BOYLAR"},{"id":"1685","key":"hedi̇yeler-setler","value":"HEDİYELER & SETLER"},{"id":"10589","key":"offers-lp","value":"Offers LP"},{"id":"12796","key":"yağlanma-karşiti-ürünler","value":"YAĞLANMA KARŞITI ÜRÜNLER"},{"id":"27174","key":"day7flashsale","value":"Day7FlashSale"},{"id":"12517","key":"yağsiz-ci̇lt-bakim-ürünleri̇","value":"YAĞSIZ CİLT BAKIM ÜRÜNLERİ"},{"id":"25016","key":"top-sellers","value":"Top Sellers"},{"id":"2669","key":"hedi̇yeler-setler","value":"HEDİYELER & SETLER"},{"id":"24002","key":"jumbo-boy","value":"JUMBO BOY"},{"id":"12792","key":"ci̇lt-ti̇pi̇-1-çok-kuru","value":"CİLT TİPİ 1 - ÇOK KURU"},{"id":"13563","key":"yeni̇-yil-ci̇lt-bakimi","value":"YENİ YIL CİLT BAKIMI"},{"id":"2752","key":"çok-satan-ci̇lt-bakim-ürünleri̇","value":"ÇOK SATAN CİLT BAKIM ÜRÜNLERİ"},{"id":"27173","key":"day6flashsale","value":"Day6FlashSale"},{"id":"17859","key":"çok-satanlar","value":"ÇOK SATANLAR"},{"id":"1628","key":"-evde-bakim","value":"# EVDE BAKIM"},{"id":"1570","key":"3-adimli-ci̇lt-bakim-si̇stemi̇","value":"3 ADIMLI CİLT BAKIM SİSTEMİ"},{"id":"25565","key":"justarrivednew","value":"justarrivednew"},{"id":"14715","key":"mothers-day-gift-sets","value":"Mother's Day Gift Sets"},{"id":"24180","key":"tamamlayici-ürünler","value":"TAMAMLAYICI ÜRÜNLER"},{"id":"13770","key":"recommended-clinique-favourites","value":"Recommended Clinique Favourites"},{"id":"1572","key":"temi̇zleme","value":"TEMİZLEME"},{"id":"11731","key":"nail-enamel","value":"nail enamel"},{"id":"1673","key":"makyaj-temi̇zli̇yi̇ci̇leri̇","value":"MAKYAJ TEMİZLİYİCİLERİ"},{"id":"12795","key":"ci̇lt-ti̇pi̇-4-yağli","value":"CİLT TİPİ 4 - YAĞLI"},{"id":"13051","key":"skin-care-best-sellers","value":"Skin Care Best Sellers"},{"id":"1667","key":"ci̇lt-bakimi","value":"CİLT BAKIMI"},{"id":"9428","key":"top10","value":"top10"},{"id":"1571","key":"3-adimli-ci̇lt-bakim-si̇stemi̇-setleri̇","value":"3 ADIMLI CİLT BAKIM SİSTEMİ SETLERİ"},{"id":"1575","key":"en-çok-satanlar","value":"En Çok Satanlar"},{"id":"8194","key":"en-çok-satan-10","value":"En Çok Satan 10 "},{"id":"27172","key":"day5flashsale","value":"Day5FlashSale"},{"id":"15513","key":"recommended-for-students","value":"Recommended for Students"},{"id":"12793","key":"ci̇lt-ti̇pi̇-2-kuru-karma","value":"CİLT TİPİ 2 - KURU & KARMA "},{"id":"12794","key":"ci̇lt-ti̇pi̇-3-karma-yağli","value":"CİLT TİPİ 3 - KARMA & YAĞLI"}]},"texture":null,"undertone":null,"unit_of_measure":null,"unit_size":null,"unit_size_formatted":null,"upc":"020714227661","vto":{"is_color_experience":null,"is_foundation_experience":null}},{"color_family":null,"coverage_options":null,"cross_sell":null,"display_status":7,"finish":null,"finish_options":null,"fragrances":[{"family":null,"key":null,"value":null}],"iln_listing":null,"iln_version_number":null,"inventory_status":"Active","is_active":true,"is_coming_soon":null,"is_default_sku":true,"is_discountable":true,"is_displayable":null,"is_engravable":null,"is_fragrance":null,"is_giftable":null,"is_giftwrap":false,"is_inactive":null,"is_multi_shaded":null,"is_out_of_stock":null,"is_preorder":false,"is_preorderable":null,"is_promotional":null,"is_replenishable":false,"is_search_suppressed":null,"is_searchable":true,"is_shaded":null,"is_sized":null,"is_sold_out":null,"is_under_weight_hazmat":false,"is_vto_enabled":null,"life_of_product":"Basic Reorder","material_code":"6F39010001","media":{"large":[{"alt":"Likit Yüz Temizleme Jeli","height":1200,"position":0,"src":"/media/export/cms/products/1200x1500/cl_sku_6F3901_1200x1500_0.png","type":"image","width":1500}],"medium":[{"alt":"Likit Yüz Temizleme Jeli","height":600,"position":1,"src":"/media/export/cms/products/600x750/cl_sku_6F3901_600x750_0.png","type":"image","width":750},{"alt":"Likit Yüz Temizleme Jeli","height":600,"position":2,"src":"/media/export/cms/products/600x750/cl_sku_6F3901_600x750_1.png","type":"image","width":750}],"model":null,"poster":null,"small":[{"alt":"Likit Yüz Temizleme Jeli","height":1200,"position":3,"src":"/media/export/cms/products/1200x1500/cl_sku_6F3901_1200x1500_0.png","type":"image","width":1500}],"smoosh":null,"xl":null},"out_of_stock_threshold":null,"perlgem":{"SKU_BASE_ID":13289},"preorder_date":null,"prices":[{"currency":"TRY","exclude_tax":{"original_price":179,"original_price_formatted":"179.00 TL","price":179,"price_formatted":"179.00 TL","price_per_unit":null,"price_per_unit_formatted":""},"include_tax":{"original_price":179,"original_price_formatted":"179.00 TL","price":179,"price_formatted":"179.00 TL","price_per_unit":null,"price_per_unit_formatted":""},"is_discounted":false}],"purchase_limit":null,"replenishment":{"message":"Recommended Auto-Ship cycle: 8 weeks  Learn more >"},"reviews":{"average_rating":null,"number_of_questions":null,"number_of_reviews":null},"set_components":null,"shade_groups":null,"shades":null,"sizes":[{"key":1,"value":"200 ml - Yağlı Karma"}],"skin":{"tone":null,"type":[{"key":"combination-skintype","value":"combination_skintype"},{"key":"oily-skintype","value":"oily_skintype"}],"type_description":null},"sku_badge":null,"sku_badge_image":null,"sku_display_order":0,"sku_id":"6F3901","sku_promo_messaging":null,"sku_type":"SE","sku_url":null,"tags":{"total":29,"items":[{"id":"12602","key":"jumbo-boylar","value":"JUMBO BOYLAR"},{"id":"10589","key":"offers-lp","value":"Offers LP"},{"id":"12537","key":"çok-satan-makyaj-ürünleri̇","value":"ÇOK SATAN MAKYAJ ÜRÜNLERİ"},{"id":"12796","key":"yağlanma-karşiti-ürünler","value":"YAĞLANMA KARŞITI ÜRÜNLER"},{"id":"12517","key":"yağsiz-ci̇lt-bakim-ürünleri̇","value":"YAĞSIZ CİLT BAKIM ÜRÜNLERİ"},{"id":"25016","key":"top-sellers","value":"Top Sellers"},{"id":"2669","key":"hedi̇yeler-setler","value":"HEDİYELER & SETLER"},{"id":"13563","key":"yeni̇-yil-ci̇lt-bakimi","value":"YENİ YIL CİLT BAKIMI"},{"id":"27173","key":"day6flashsale","value":"Day6FlashSale"},{"id":"17859","key":"çok-satanlar","value":"ÇOK SATANLAR"},{"id":"1628","key":"-evde-bakim","value":"# EVDE BAKIM"},{"id":"1570","key":"3-adimli-ci̇lt-bakim-si̇stemi̇","value":"3 ADIMLI CİLT BAKIM SİSTEMİ"},{"id":"25565","key":"justarrivednew","value":"justarrivednew"},{"id":"14715","key":"mothers-day-gift-sets","value":"Mother's Day Gift Sets"},{"id":"24180","key":"tamamlayici-ürünler","value":"TAMAMLAYICI ÜRÜNLER"},{"id":"13770","key":"recommended-clinique-favourites","value":"Recommended Clinique Favourites"},{"id":"1572","key":"temi̇zleme","value":"TEMİZLEME"},{"id":"11731","key":"nail-enamel","value":"nail enamel"},{"id":"1673","key":"makyaj-temi̇zli̇yi̇ci̇leri̇","value":"MAKYAJ TEMİZLİYİCİLERİ"},{"id":"12795","key":"ci̇lt-ti̇pi̇-4-yağli","value":"CİLT TİPİ 4 - YAĞLI"},{"id":"13051","key":"skin-care-best-sellers","value":"Skin Care Best Sellers"},{"id":"1667","key":"ci̇lt-bakimi","value":"CİLT BAKIMI"},{"id":"9428","key":"top10","value":"top10"},{"id":"1571","key":"3-adimli-ci̇lt-bakim-si̇stemi̇-setleri̇","value":"3 ADIMLI CİLT BAKIM SİSTEMİ SETLERİ"},{"id":"1575","key":"en-çok-satanlar","value":"En Çok Satanlar"},{"id":"27172","key":"day5flashsale","value":"Day5FlashSale"},{"id":"15513","key":"recommended-for-students","value":"Recommended for Students"},{"id":"12793","key":"ci̇lt-ti̇pi̇-2-kuru-karma","value":"CİLT TİPİ 2 - KURU & KARMA "},{"id":"12794","key":"ci̇lt-ti̇pi̇-3-karma-yağli","value":"CİLT TİPİ 3 - KARMA & YAĞLI"}]},"texture":null,"undertone":null,"unit_of_measure":null,"unit_size":null,"unit_size_formatted":null,"upc":"020714227685","vto":{"is_color_experience":null,"is_foundation_experience":null}},{"color_family":null,"coverage_options":null,"cross_sell":null,"display_status":7,"finish":null,"finish_options":null,"fragrances":[{"family":null,"key":null,"value":null}],"iln_listing":null,"iln_version_number":null,"inventory_status":"Active","is_active":true,"is_coming_soon":null,"is_default_sku":false,"is_discountable":true,"is_displayable":null,"is_engravable":null,"is_fragrance":null,"is_giftable":null,"is_giftwrap":false,"is_inactive":null,"is_multi_shaded":null,"is_out_of_stock":null,"is_preorder":false,"is_preorderable":null,"is_promotional":null,"is_replenishable":false,"is_search_suppressed":null,"is_searchable":true,"is_shaded":null,"is_sized":null,"is_sold_out":null,"is_under_weight_hazmat":false,"is_vto_enabled":null,"life_of_product":"Basic Reorder","material_code":"6G0R010001","media":{"large":[{"alt":"Likit Yüz Temizleme Jeli","height":1200,"position":0,"src":"/media/export/cms/products/1200x1500/cl_sku_6G0R01_1200x1500_0.png","type":"image","width":1500}],"medium":[{"alt":"Likit Yüz Temizleme Jeli","height":600,"position":1,"src":"/media/export/cms/products/600x750/cl_sku_6G0R01_600x750_0.png","type":"image","width":750}],"model":null,"poster":null,"small":[{"alt":"Likit Yüz Temizleme Jeli","height":1200,"position":2,"src":"/media/export/cms/products/1200x1500/cl_sku_6G0R01_1200x1500_0.png","type":"image","width":1500}],"smoosh":null,"xl":null},"out_of_stock_threshold":null,"perlgem":{"SKU_BASE_ID":13489},"preorder_date":null,"prices":[{"currency":"TRY","exclude_tax":{"original_price":179,"original_price_formatted":"179.00 TL","price":179,"price_formatted":"179.00 TL","price_per_unit":null,"price_per_unit_formatted":""},"include_tax":{"original_price":179,"original_price_formatted":"179.00 TL","price":179,"price_formatted":"179.00 TL","price_per_unit":null,"price_per_unit_formatted":""},"is_discounted":false}],"purchase_limit":null,"replenishment":{"message":"Recommended Auto-Ship cycle: 8 weeks  Learn more >"},"reviews":{"average_rating":null,"number_of_questions":null,"number_of_reviews":null},"set_components":null,"shade_groups":null,"shades":null,"sizes":[{"key":1,"value":"200 ml - Çok Kuru & Kuru "}],"skin":{"tone":null,"type":[{"key":"very-dry-skintype","value":"very_dry_skintype"},{"key":"dry-skintype","value":"dry_skintype"}],"type_description":null},"sku_badge":null,"sku_badge_image":null,"sku_display_order":0,"sku_id":"6G0R01","sku_promo_messaging":null,"sku_type":"SE","sku_url":null,"tags":{"total":30,"items":[{"id":"12602","key":"jumbo-boylar","value":"JUMBO BOYLAR"},{"id":"10589","key":"offers-lp","value":"Offers LP"},{"id":"12796","key":"yağlanma-karşiti-ürünler","value":"YAĞLANMA KARŞITI ÜRÜNLER"},{"id":"27174","key":"day7flashsale","value":"Day7FlashSale"},{"id":"12517","key":"yağsiz-ci̇lt-bakim-ürünleri̇","value":"YAĞSIZ CİLT BAKIM ÜRÜNLERİ"},{"id":"25016","key":"top-sellers","value":"Top Sellers"},{"id":"2669","key":"hedi̇yeler-setler","value":"HEDİYELER & SETLER"},{"id":"12792","key":"ci̇lt-ti̇pi̇-1-çok-kuru","value":"CİLT TİPİ 1 - ÇOK KURU"},{"id":"13563","key":"yeni̇-yil-ci̇lt-bakimi","value":"YENİ YIL CİLT BAKIMI"},{"id":"27173","key":"day6flashsale","value":"Day6FlashSale"},{"id":"17859","key":"çok-satanlar","value":"ÇOK SATANLAR"},{"id":"1628","key":"-evde-bakim","value":"# EVDE BAKIM"},{"id":"1570","key":"3-adimli-ci̇lt-bakim-si̇stemi̇","value":"3 ADIMLI CİLT BAKIM SİSTEMİ"},{"id":"25565","key":"justarrivednew","value":"justarrivednew"},{"id":"14715","key":"mothers-day-gift-sets","value":"Mother's Day Gift Sets"},{"id":"24180","key":"tamamlayici-ürünler","value":"TAMAMLAYICI ÜRÜNLER"},{"id":"13770","key":"recommended-clinique-favourites","value":"Recommended Clinique Favourites"},{"id":"1572","key":"temi̇zleme","value":"TEMİZLEME"},{"id":"11731","key":"nail-enamel","value":"nail enamel"},{"id":"1673","key":"makyaj-temi̇zli̇yi̇ci̇leri̇","value":"MAKYAJ TEMİZLİYİCİLERİ"},{"id":"12795","key":"ci̇lt-ti̇pi̇-4-yağli","value":"CİLT TİPİ 4 - YAĞLI"},{"id":"13051","key":"skin-care-best-sellers","value":"Skin Care Best Sellers"},{"id":"1667","key":"ci̇lt-bakimi","value":"CİLT BAKIMI"},{"id":"9428","key":"top10","value":"top10"},{"id":"1571","key":"3-adimli-ci̇lt-bakim-si̇stemi̇-setleri̇","value":"3 ADIMLI CİLT BAKIM SİSTEMİ SETLERİ"},{"id":"1575","key":"en-çok-satanlar","value":"En Çok Satanlar"},{"id":"27172","key":"day5flashsale","value":"Day5FlashSale"},{"id":"15513","key":"recommended-for-students","value":"Recommended for Students"},{"id":"12793","key":"ci̇lt-ti̇pi̇-2-kuru-karma","value":"CİLT TİPİ 2 - KURU & KARMA "},{"id":"12794","key":"ci̇lt-ti̇pi̇-3-karma-yağli","value":"CİLT TİPİ 3 - KARMA & YAĞLI"}]},"texture":null,"undertone":null,"unit_of_measure":null,"unit_size":null,"unit_size_formatted":null,"upc":"020714240158","vto":{"is_color_experience":null,"is_foundation_experience":null}}]},"sub_display_name":null,"sub_header":null,"tags":{"total":35,"items":[{"id":"12602","key":"jumbo-boylar","parent_tag_id":"1570","product_display_order":0,"value":"JUMBO BOYLAR"},{"id":"1685","key":"hedi̇yeler-setler","parent_tag_id":"1684","product_display_order":137,"value":"HEDİYELER & SETLER"},{"id":"10589","key":"offers-lp","parent_tag_id":null,"product_display_order":1,"value":"Offers LP"},{"id":"12537","key":"çok-satan-makyaj-ürünleri̇","parent_tag_id":"1592","product_display_order":0,"value":"ÇOK SATAN MAKYAJ ÜRÜNLERİ"},{"id":"12796","key":"yağlanma-karşiti-ürünler","parent_tag_id":"1667","product_display_order":1,"value":"YAĞLANMA KARŞITI ÜRÜNLER"},{"id":"27174","key":"day7flashsale","parent_tag_id":"1590","product_display_order":0,"value":"Day7FlashSale"},{"id":"12517","key":"yağsiz-ci̇lt-bakim-ürünleri̇","parent_tag_id":"1667","product_display_order":1,"value":"YAĞSIZ CİLT BAKIM ÜRÜNLERİ"},{"id":"25016","key":"top-sellers","parent_tag_id":"4323","product_display_order":0,"value":"Top Sellers"},{"id":"2669","key":"hedi̇yeler-setler","parent_tag_id":"1570","product_display_order":2,"value":"HEDİYELER & SETLER"},{"id":"24002","key":"jumbo-boy","parent_tag_id":"1667","product_display_order":0,"value":"JUMBO BOY"},{"id":"12792","key":"ci̇lt-ti̇pi̇-1-çok-kuru","parent_tag_id":"1570","product_display_order":2,"value":"CİLT TİPİ 1 - ÇOK KURU"},{"id":"13563","key":"yeni̇-yil-ci̇lt-bakimi","parent_tag_id":"13561","product_display_order":0,"value":"YENİ YIL CİLT BAKIMI"},{"id":"2752","key":"çok-satan-ci̇lt-bakim-ürünleri̇","parent_tag_id":"1667","product_display_order":0,"value":"ÇOK SATAN CİLT BAKIM ÜRÜNLERİ"},{"id":"27173","key":"day6flashsale","parent_tag_id":"1590","product_display_order":0,"value":"Day6FlashSale"},{"id":"17859","key":"çok-satanlar","parent_tag_id":null,"product_display_order":54,"value":"ÇOK SATANLAR"},{"id":"1628","key":"-evde-bakim","parent_tag_id":null,"product_display_order":627,"value":"# EVDE BAKIM"},{"id":"1570","key":"3-adimli-ci̇lt-bakim-si̇stemi̇","parent_tag_id":null,"product_display_order":0,"value":"3 ADIMLI CİLT BAKIM SİSTEMİ"},{"id":"25565","key":"justarrivednew","parent_tag_id":null,"product_display_order":13,"value":"justarrivednew"},{"id":"14715","key":"mothers-day-gift-sets","parent_tag_id":"4323","product_display_order":0,"value":"Mother's Day Gift Sets"},{"id":"24180","key":"tamamlayici-ürünler","parent_tag_id":"1667","product_display_order":0,"value":"TAMAMLAYICI ÜRÜNLER"},{"id":"13770","key":"recommended-clinique-favourites","parent_tag_id":null,"product_display_order":4,"value":"Recommended Clinique Favourites"},{"id":"1572","key":"temi̇zleme","parent_tag_id":"1570","product_display_order":10,"value":"TEMİZLEME"},{"id":"11731","key":"nail-enamel","parent_tag_id":"1592","product_display_order":0,"value":"nail enamel"},{"id":"1673","key":"makyaj-temi̇zli̇yi̇ci̇leri̇","parent_tag_id":"1667","product_display_order":10,"value":"MAKYAJ TEMİZLİYİCİLERİ"},{"id":"12795","key":"ci̇lt-ti̇pi̇-4-yağli","parent_tag_id":"1570","product_display_order":1,"value":"CİLT TİPİ 4 - YAĞLI"},{"id":"13051","key":"skin-care-best-sellers","parent_tag_id":"1667","product_display_order":7,"value":"Skin Care Best Sellers"},{"id":"1667","key":"ci̇lt-bakimi","parent_tag_id":null,"product_display_order":210,"value":"CİLT BAKIMI"},{"id":"9428","key":"top10","parent_tag_id":"9420","product_display_order":0,"value":"top10"},{"id":"1571","key":"3-adimli-ci̇lt-bakim-si̇stemi̇-setleri̇","parent_tag_id":"1570","product_display_order":0,"value":"3 ADIMLI CİLT BAKIM SİSTEMİ SETLERİ"},{"id":"1575","key":"en-çok-satanlar","parent_tag_id":null,"product_display_order":133,"value":"En Çok Satanlar"},{"id":"8194","key":"en-çok-satan-10","parent_tag_id":null,"product_display_order":4,"value":"En Çok Satan 10 "},{"id":"27172","key":"day5flashsale","parent_tag_id":"1590","product_display_order":29,"value":"Day5FlashSale"},{"id":"15513","key":"recommended-for-students","parent_tag_id":"4323","product_display_order":0,"value":"Recommended for Students"},{"id":"12793","key":"ci̇lt-ti̇pi̇-2-kuru-karma","parent_tag_id":"1570","product_display_order":0,"value":"CİLT TİPİ 2 - KURU & KARMA "},{"id":"12794","key":"ci̇lt-ti̇pi̇-3-karma-yağli","parent_tag_id":"1570","product_display_order":1,"value":"CİLT TİPİ 3 - KARMA & YAĞLI"}]},"usage":[{"content":"<UL><LI>Sabah ve akşam olmak üzere günde iki kez, köpürterek yüzünüzü yıkayın.</LI><LI>Ilık su ile durulayın.</LI><LI>3 Adımlı Cilt Bakım Sisteminin bir sonraki adımı olan Clarifying Lotion Arındırıcı Losyon ile bakımınıza devam edin.<BR></LI></UL>","label":"PRODUCT USAGE","type":"product_usage"},{"content":null,"label":"HOW DOES IT WORK","type":"how_does_it_work"},{"content":"Ekstra Hassas - Çok Kuru/Kuru Cilt (Type 1) Hassas - Kuru/Karma Ciltler (Type 2) Yağlı - Yağlı/Çok Yağlı Ciltler (Type 3&4)","label":"WHO IT IS FOR","type":"who_it_is_for"},{"content":"Cilt güzelliğinin sırrını keşfet.<br>3 adımlı cilt bakım sistemimiz dermatologlar tarafından geliştirilmiştir.<br>Basit, etkili ve güvenlidir. 3 dakika içinde, günde iki kere: Yüz yıkama jeli/sabunu ile cildinizi temizleyin, losyon ile cildinizi arındırın, DDML+ , yağ içermeyen jel veya jelly formülü ile nemlendirin.<br>Clinique cilt bakım sistemimizden size uygun olan rutini seçiniz.","label":"GREAT TO KNOW","type":"great_to_know"},{"content":"<ul><li>Yumuşak, köpük kıvamındaki temizleyici sabun gözeneklerdeki yağı ve kiri temizler, cildin doğal nem dengesini korur.</li><li>Hızlı arındırılan formülü ile cilt daha temiz, konforlu ve taze hisseder.</li><li>Cildi 2. Adım olan Arındırıcı Losyon için hazırlar.</li></ul><b>3 farklı cilt tipi için mevcuttur.</b><br>Extra Mild, Kuru/Karma ciltler için.<br>Extra Mild, Kuru/Karma ciltler için.<br> Karma/Yağlı ciltler için Oily formülü uygundur.<br><br><b>Nasıl kullanılır?</b><br><ul><li>Sabah ve akşam olmak üzere günde 2 kere cildinize uygulayın.</li><li>Lather between palms with tepid water.</li><li>Elinizde köpürterek cildinize masaj yaparak uygulayın.</li><li>Arındırdıktan sonra cildinizi kurulayın.</li><li>2. adım Arındırıcı Losyon ile cildinizi arındırın, ardından 3. Adım Dramatically Different Losyon, Jel ya da Jelly formülünü cildinizi nemlendirin.</li></ul>","label":"WHAT_IT_DOES","type":"what_it_does"},{"content":"3 Adımlı Cilt Bakım Sistemimizin 1.Adımı.<br> Dermatologlar tarafından geliştirilen yüz temizleme jeli, yüzü nazikçe ve derinlemesine temizler.","label":"WHAT_IT_IS","type":"what_it_is"}],"objectID":"8279"},{"benefit":{"statement":null,"benefits":null},"brand":null,"collection":null,"coverage":null,"cross_sell":null,"default_category":{"id":"17860","key":"makyaj-ci̇lt-bakim-parfüm-setleri̇"},"description":"Harika bir cilt için formülümüz hazır! Hem de tek bir sette.Clinique’in en sevilen cilt bakım ve makyaj ürünleri bir araya geldi. 8 orijinal boy ürün içerir. Clinique Smart Night Custom-Repair Gece Nemlendirici 50ml Akıllı Smart Gece Nemlendiricisi yaşlanmanın tüm belirtilerine karşı cildinizi korurken daha genç bir görünüm elde etmenize yardımcı olur. Moisture Surge 72 Saat Nemlendirici 50ml 72 saat boyunca vazgeçemeyeceğiniz bir yenileme sağlayan jel krem, cildinize gün boyunca kendini yenileme gücü verecek şekilde geliştirildi. Moisture Surge Eye 96 Saat Nem Koruma Teknolojili Göz Kremi 15ml 96 saat boyunca yoğun bir nemlendirme ve kırışıklıkların giderilmesini sağlayan, göz çevresindeki nemi yenilemeye yardımcı olan ultra hafif ve dolgunlaştırıcı su-jel bazlı nemlendirici. Moisture Surge Overnight Gece Yoğun Nem Maskesi 100ml Gece boyunca cildini neme doyurmak isteyenlerin vazgeçilmezi. Nem Maskesi cildi sakinleştirerek yenilenmesini sağlamaya ve cildin nemi hapsetme özelliğini güçlendirmeye yardımcı olur. All About Clean Rinse-Off Foaming Köpük Temizleyici 150ml Kremsi ve köpük kıvamlı bu temizleyici, makyajı ve UV güneş korumasını temizleyerek, cildi rahatlatmaya yardımcı olur. Üstelik şimdi sürdürülebilir ambalajında. Hem cildine hem de doğaya iyi gelecek formül. High Impact Maskara 7 ml: Maskaram olmazsa olmaz diyenler için. Kirpiklere doğal ve derin bir renk katarak dramatik görüntü verir Fresh-Pressed Günlük Bakım Desteği Saf C vitamini %10 Cilt görünümünüzü anında canlandırmak ve aydınlatmak C vitamininin eşsiz gücünü keşfedin. saf ve taze C Vitamininin gücünü en yüksek konsantrasyonda sunarak cildinizin görünümü aydınlatmaya ve tonunu eşitlemeye yardımcı olur. Clinique Pop Ruj (ton: Plum Pop) Clinique Lip Pop nemlendirici formülü sayesinde dudağınızı makyaja hazırlarken, yoğun renk pigmentleri ile renklendirir. Her moduna uygun rujunu keşfet.","display_mode":null,"display_name":"Festive Favourites Harika Cilt Formülü Seti","display_status":7,"finish":null,"form":null,"formula_type":null,"fragrance_family":null,"indexable_keywords":null,"is_hazmat":false,"is_product_coming_soon":null,"is_product_displayable":true,"is_product_searchable":true,"is_product_shoppable":false,"is_product_sold_out":null,"is_product_temporarily_out_of_stock":null,"is_search_suppressed":null,"key_ingredient":null,"media":{"large":null,"medium":null,"poster":null,"small":null,"videos":[{"position":null,"poster":{"height":null,"src":null,"width":null},"provider":"YouTube","src":null},{"position":null,"poster":{"height":null,"src":null,"width":null},"provider":"YouTube","src":null},{"position":null,"poster":{"height":null,"src":null,"width":null},"provider":"YouTube","src":null}],"xl":null},"meta":{"description":null,"keywords":null},"parent_category":[{"id":"17860","value":"MAKYAJ & CİLT BAKIM & PARFÜM SETLERİ"}],"product_badge":null,"product_id":"83170","product_title_tag":null,"product_type":"Other","product_url":"/product/17860/83170/makyaj-cilt-bakim-parfum-setleri/festive-favourites-harika-cilt-formulu-seti","reviews":{"average_rating":null,"number_of_questions":null,"number_of_reviews":null},"shade_groups":null,"short_description":null,"skin":null,"skin_goal":null,"skus":{"total":1,"items":[{"color_family":null,"coverage_options":null,"cross_sell":null,"display_status":7,"finish":null,"finish_options":null,"fragrances":[{"family":null,"key":null,"value":null}],"iln_listing":null,"iln_version_number":null,"inventory_status":"Sold Out","is_active":null,"is_coming_soon":null,"is_default_sku":false,"is_discountable":true,"is_displayable":null,"is_engravable":null,"is_fragrance":null,"is_giftable":null,"is_giftwrap":false,"is_inactive":null,"is_multi_shaded":null,"is_out_of_stock":null,"is_preorder":false,"is_preorderable":null,"is_promotional":null,"is_replenishable":false,"is_search_suppressed":null,"is_searchable":true,"is_shaded":null,"is_sized":null,"is_sold_out":true,"is_under_weight_hazmat":false,"is_vto_enabled":null,"life_of_product":"Limited life","material_code":"KRY3Y00000","media":{"large":[{"alt":"Festive Favourites Harika Cilt Formülü Seti","height":1200,"position":0,"src":"/media/export/cms/products/1200x1500/cl_sku_KRY3Y0_1200x1500_0.png","type":"image","width":1500}],"medium":[{"alt":"Festive Favourites Harika Cilt Formülü Seti","height":600,"position":1,"src":"/media/export/cms/products/600x750/cl_sku_KRY3Y0_600x750_0.png","type":"image","width":750}],"model":null,"poster":null,"small":[{"alt":"Festive Favourites Harika Cilt Formülü Seti","height":1200,"position":2,"src":"/media/export/cms/products/1200x1500/cl_sku_KRY3Y0_1200x1500_0.png","type":"image","width":1500}],"smoosh":null,"xl":null},"out_of_stock_threshold":null,"perlgem":{"SKU_BASE_ID":126037},"preorder_date":null,"prices":[{"currency":"TRY","exclude_tax":{"original_price":699,"original_price_formatted":"699.00 TL","price":699,"price_formatted":"699.00 TL","price_per_unit":null,"price_per_unit_formatted":""},"include_tax":{"original_price":699,"original_price_formatted":"699.00 TL","price":699,"price_formatted":"699.00 TL","price_per_unit":null,"price_per_unit_formatted":""},"is_discounted":false}],"purchase_limit":null,"replenishment":{"message":null},"reviews":{"average_rating":null,"number_of_questions":null,"number_of_reviews":null},"set_components":null,"shade_groups":null,"shades":null,"sizes":[{"key":1,"value":null}],"skin":{"tone":null,"type":null,"type_description":null},"sku_badge":null,"sku_badge_image":null,"sku_display_order":0,"sku_id":"KRY3Y0","sku_promo_messaging":null,"sku_type":"SE","sku_url":null,"tags":{"total":20,"items":[{"id":"1683","key":"göz-dudak-bakimi","value":"GÖZ & DUDAK BAKIMI"},{"id":"13566","key":"yeni̇-yil-ci̇lt-bakimmakyajparfüm-setleri̇","value":"YENİ YIL CİLT BAKIM&MAKYAJ&PARFÜM SETLERİ"},{"id":"1606","key":"maskara","value":"MASKARA"},{"id":"13564","key":"yeni̇-yil-parfüm","value":"YENİ YIL PARFÜM"},{"id":"1687","key":"yüz-nemlendi̇ri̇ci̇","value":"YÜZ NEMLENDİRİCİ"},{"id":"13563","key":"yeni̇-yil-ci̇lt-bakimi","value":"YENİ YIL CİLT BAKIMI"},{"id":"14706","key":"maskeler","value":"MASKELER"},{"id":"16422","key":"gifts","value":"Gifts"},{"id":"1605","key":"ruj","value":"RUJ"},{"id":"13568","key":"249-tl-ve-alti-ci̇lt-bakimmakyajparfüm-setleri̇","value":"249 TL VE ALTI CİLT BAKIM&MAKYAJ&PARFÜM SETLERİ"},{"id":"17860","key":"makyaj-ci̇lt-bakim-parfüm-setleri̇","value":"MAKYAJ & CİLT BAKIM & PARFÜM SETLERİ"},{"id":"1685","key":"hedi̇yeler-setler","value":"HEDİYELER & SETLER"},{"id":"1590","key":"i̇ndi̇ri̇mli̇-ürünler","value":"İNDİRİMLİ ÜRÜNLER"},{"id":"1602","key":"hedi̇yeler-setler","value":"HEDİYELER & SETLER"},{"id":"13567","key":"499-tl-ve-alti-ci̇lt-bakimmakyajparfüm-setleri̇","value":"499 TL VE ALTI CİLT BAKIM&MAKYAJ&PARFÜM SETLERİ"},{"id":"1673","key":"makyaj-temi̇zli̇yi̇ci̇leri̇","value":"MAKYAJ TEMİZLİYİCİLERİ"},{"id":"13562","key":"yeni̇-yil-makyaj","value":"YENİ YIL MAKYAJ"},{"id":"4034","key":"yüz-serumlari","value":"YÜZ SERUMLARI"},{"id":"4323","key":"yeni̇-ürünler","value":"YENİ ÜRÜNLER"},{"id":"17859","key":"çok-satanlar","value":"ÇOK SATANLAR"}]},"texture":null,"undertone":null,"unit_of_measure":null,"unit_size":null,"unit_size_formatted":null,"upc":"192333051917","vto":{"is_color_experience":null,"is_foundation_experience":null}}]},"sub_display_name":null,"sub_header":null,"tags":{"total":20,"items":[{"id":"1683","key":"göz-dudak-bakimi","parent_tag_id":"1667","product_display_order":0,"value":"GÖZ & DUDAK BAKIMI"},{"id":"13566","key":"yeni̇-yil-ci̇lt-bakimmakyajparfüm-setleri̇","parent_tag_id":"13561","product_display_order":0,"value":"YENİ YIL CİLT BAKIM&MAKYAJ&PARFÜM SETLERİ"},{"id":"1606","key":"maskara","parent_tag_id":"1592","product_display_order":0,"value":"MASKARA"},{"id":"13564","key":"yeni̇-yil-parfüm","parent_tag_id":"13561","product_display_order":0,"value":"YENİ YIL PARFÜM"},{"id":"1687","key":"yüz-nemlendi̇ri̇ci̇","parent_tag_id":"1667","product_display_order":20,"value":"YÜZ NEMLENDİRİCİ"},{"id":"13563","key":"yeni̇-yil-ci̇lt-bakimi","parent_tag_id":"13561","product_display_order":0,"value":"YENİ YIL CİLT BAKIMI"},{"id":"14706","key":"maskeler","parent_tag_id":"1667","product_display_order":0,"value":"MASKELER"},{"id":"16422","key":"gifts","parent_tag_id":"1585","product_display_order":0,"value":"Gifts"},{"id":"1605","key":"ruj","parent_tag_id":"1592","product_display_order":0,"value":"RUJ"},{"id":"13568","key":"249-tl-ve-alti-ci̇lt-bakimmakyajparfüm-setleri̇","parent_tag_id":"13561","product_display_order":0,"value":"249 TL VE ALTI CİLT BAKIM&MAKYAJ&PARFÜM SETLERİ"},{"id":"17860","key":"makyaj-ci̇lt-bakim-parfüm-setleri̇","parent_tag_id":null,"product_display_order":0,"value":"MAKYAJ & CİLT BAKIM & PARFÜM SETLERİ"},{"id":"1685","key":"hedi̇yeler-setler","parent_tag_id":"1684","product_display_order":0,"value":"HEDİYELER & SETLER"},{"id":"1590","key":"i̇ndi̇ri̇mli̇-ürünler","parent_tag_id":null,"product_display_order":0,"value":"İNDİRİMLİ ÜRÜNLER"},{"id":"1602","key":"hedi̇yeler-setler","parent_tag_id":"1600","product_display_order":0,"value":"HEDİYELER & SETLER"},{"id":"13567","key":"499-tl-ve-alti-ci̇lt-bakimmakyajparfüm-setleri̇","parent_tag_id":"13561","product_display_order":0,"value":"499 TL VE ALTI CİLT BAKIM&MAKYAJ&PARFÜM SETLERİ"},{"id":"1673","key":"makyaj-temi̇zli̇yi̇ci̇leri̇","parent_tag_id":"1667","product_display_order":0,"value":"MAKYAJ TEMİZLİYİCİLERİ"},{"id":"13562","key":"yeni̇-yil-makyaj","parent_tag_id":"13561","product_display_order":0,"value":"YENİ YIL MAKYAJ"},{"id":"4034","key":"yüz-serumlari","parent_tag_id":"1667","product_display_order":0,"value":"YÜZ SERUMLARI"},{"id":"4323","key":"yeni̇-ürünler","parent_tag_id":null,"product_display_order":0,"value":"YENİ ÜRÜNLER"},{"id":"17859","key":"çok-satanlar","parent_tag_id":null,"product_display_order":0,"value":"ÇOK SATANLAR"}]},"usage":[{"content":null,"label":"PRODUCT USAGE","type":"product_usage"},{"content":null,"label":"HOW DOES IT WORK","type":"how_does_it_work"},{"content":null,"label":"WHO IT IS FOR","type":"who_it_is_for"},{"content":null,"label":"GREAT TO KNOW","type":"great_to_know"},{"content":"Harika bir cilt için formülümüz hazır! Hem de tek bir sette.Clinique’in en sevilen cilt bakım ve makyaj ürünleri bir araya geldi. 8 orijinal boy ürün içerir. Clinique Smart Night Custom-Repair Gece Nemlendirici 50ml Akıllı Smart Gece Nemlendiricisi yaşlanmanın tüm belirtilerine karşı cildinizi korurken daha genç bir görünüm elde etmenize yardımcı olur. Moisture Surge 72 Saat Nemlendirici 50ml 72 saat boyunca vazgeçemeyeceğiniz bir yenileme sağlayan jel krem, cildinize gün boyunca kendini yenileme gücü verecek şekilde geliştirildi. Moisture Surge Eye 96 Saat Nem Koruma Teknolojili Göz Kremi 15ml 96 saat boyunca yoğun bir nemlendirme ve kırışıklıkların giderilmesini sağlayan, göz çevresindeki nemi yenilemeye yardımcı olan ultra hafif ve dolgunlaştırıcı su-jel bazlı nemlendirici. Moisture Surge Overnight Gece Yoğun Nem Maskesi 100ml Gece boyunca cildini neme doyurmak isteyenlerin vazgeçilmezi. Nem Maskesi cildi sakinleştirerek yenilenmesini sağlamaya ve cildin nemi hapsetme özelliğini güçlendirmeye yardımcı olur. All About Clean Rinse-Off Foaming Köpük Temizleyici 150ml Kremsi ve köpük kıvamlı bu temizleyici, makyajı ve UV güneş korumasını temizleyerek, cildi rahatlatmaya yardımcı olur. Üstelik şimdi sürdürülebilir ambalajında. Hem cildine hem de doğaya iyi gelecek formül. High Impact Maskara 7 ml: Maskaram olmazsa olmaz diyenler için. Kirpiklere doğal ve derin bir renk katarak dramatik görüntü verir Fresh-Pressed Günlük Bakım Desteği Saf C vitamini %10 Cilt görünümünüzü anında canlandırmak ve aydınlatmak C vitamininin eşsiz gücünü keşfedin. saf ve taze C Vitamininin gücünü en yüksek konsantrasyonda sunarak cildinizin görünümü aydınlatmaya ve tonunu eşitlemeye yardımcı olur. Clinique Pop Ruj (ton: Plum Pop) Clinique Lip Pop nemlendirici formülü sayesinde dudağınızı makyaja hazırlarken, yoğun renk pigmentleri ile renklendirir. Her moduna uygun rujunu keşfet.","label":"WHAT_IT_DOES","type":"what_it_does"},{"content":null,"label":"WHAT_IT_IS","type":"what_it_is"}],"objectID":"83170"},{"benefit":{"statement":null,"benefits":null},"brand":null,"collection":null,"coverage":null,"cross_sell":null,"default_category":{"id":"1687","key":"yüz-nemlendi̇ri̇ci̇"},"description":"Cilde anında nemli ve ışıltılı bir görünüm sağlar, 100 saate kadar etki gösterir. İçerisinde bulunan aloe vera özleri ve hyalüronik asit cildin 10 kat derinine iner ve uzun süreli nem sağlar.","display_mode":null,"display_name":"YENİ | Moisture Surge 100 Saat Etkili Nemlendirici","display_status":7,"finish":null,"form":null,"formula_type":null,"fragrance_family":null,"indexable_keywords":null,"is_hazmat":false,"is_product_coming_soon":null,"is_product_displayable":true,"is_product_searchable":true,"is_product_shoppable":true,"is_product_sold_out":null,"is_product_temporarily_out_of_stock":null,"is_search_suppressed":null,"key_ingredient":null,"media":{"large":[{"alt":"YENİ | Moisture Surge 100 Saat Etkili Nemlendirici","height":1200,"position":0,"src":"/media/export/cms/products/1200x1500/cl_prod_83690_1200x1500_0.png","type":"image","width":1500},{"alt":"YENİ | Moisture Surge 100 Saat Etkili Nemlendirici","height":1200,"position":1,"src":"/media/export/cms/products/1200x1500/cl_prod_83690_1200x1500_1.png","type":"image","width":1500},{"alt":"YENİ | Moisture Surge 100 Saat Etkili Nemlendirici","height":1200,"position":2,"src":"/media/export/cms/products/1200x1500/cl_prod_83690_1200x1500_2.png","type":"image","width":1500},{"alt":"YENİ | Moisture Surge 100 Saat Etkili Nemlendirici","height":1200,"position":3,"src":"/media/export/cms/products/1200x1500/cl_prod_83690_1200x1500_3.png","type":"image","width":1500},{"alt":"YENİ | Moisture Surge 100 Saat Etkili Nemlendirici","height":1200,"position":4,"src":"/media/export/cms/products/1200x1500/cl_prod_83690_1200x1500_4.png","type":"image","width":1500},{"alt":"YENİ | Moisture Surge 100 Saat Etkili Nemlendirici","height":1200,"position":5,"src":"/media/export/cms/products/1200x1500/cl_prod_83690_1200x1500_5.png","type":"image","width":1500},{"alt":"YENİ | Moisture Surge 100 Saat Etkili Nemlendirici","height":1200,"position":6,"src":"/media/export/cms/products/1200x1500/cl_prod_83690_1200x1500_6.png","type":"image","width":1500},{"alt":"YENİ | Moisture Surge 100 Saat Etkili Nemlendirici","height":1200,"position":7,"src":"/media/export/cms/products/1200x1500/cl_prod_83690_1200x1500_7.png","type":"image","width":1500}],"medium":null,"poster":null,"small":[{"alt":"YENİ | Moisture Surge 100 Saat Etkili Nemlendirici","height":1200,"position":8,"src":"/media/export/cms/products/1200x1500/cl_prod_83690_1200x1500_0.png","type":"image","width":1500},{"alt":"YENİ | Moisture Surge 100 Saat Etkili Nemlendirici","height":1200,"position":9,"src":"/media/export/cms/products/1200x1500/cl_prod_83690_1200x1500_1.png","type":"image","width":1500},{"alt":"YENİ | Moisture Surge 100 Saat Etkili Nemlendirici","height":1200,"position":10,"src":"/media/export/cms/products/1200x1500/cl_prod_83690_1200x1500_2.png","type":"image","width":1500},{"alt":"YENİ | Moisture Surge 100 Saat Etkili Nemlendirici","height":1200,"position":11,"src":"/media/export/cms/products/1200x1500/cl_prod_83690_1200x1500_3.png","type":"image","width":1500},{"alt":"YENİ | Moisture Surge 100 Saat Etkili Nemlendirici","height":1200,"position":12,"src":"/media/export/cms/products/1200x1500/cl_prod_83690_1200x1500_4.png","type":"image","width":1500},{"alt":"YENİ | Moisture Surge 100 Saat Etkili Nemlendirici","height":1200,"position":13,"src":"/media/export/cms/products/1200x1500/cl_prod_83690_1200x1500_5.png","type":"image","width":1500},{"alt":"YENİ | Moisture Surge 100 Saat Etkili Nemlendirici","height":1200,"position":14,"src":"/media/export/cms/products/1200x1500/cl_prod_83690_1200x1500_6.png","type":"image","width":1500},{"alt":"YENİ | Moisture Surge 100 Saat Etkili Nemlendirici","height":1200,"position":15,"src":"/media/export/cms/products/1200x1500/cl_prod_83690_1200x1500_7.png","type":"image","width":1500}],"videos":[{"position":null,"poster":{"height":null,"src":null,"width":null},"provider":"YouTube","src":null},{"position":null,"poster":{"height":null,"src":null,"width":null},"provider":"YouTube","src":null},{"position":null,"poster":{"height":null,"src":null,"width":null},"provider":"YouTube","src":null}],"xl":null},"meta":{"description":null,"keywords":null},"parent_category":[{"id":"1687","value":"YÜZ NEMLENDİRİCİ"},{"id":"1667","value":"CİLT BAKIMI"}],"product_badge":"YENİ","product_id":"83690","product_title_tag":null,"product_type":"Sized","product_url":"/product/1687/83690/cilt-bakimi/yuz-nemlendirici/yeni-moisture-surge-100-saat-etkili-nemlendirici/moisture-surge-100-saat-etkili-nemlendirici","reviews":{"average_rating":null,"number_of_questions":null,"number_of_reviews":null},"shade_groups":null,"short_description":"100 saate kadar etki gösteren nem teknolojisi sayesinde cildin nemli ve ışıltılı bir görünüme kavuşsun.","skin":null,"skin_goal":null,"skus":{"total":2,"items":[{"color_family":null,"coverage_options":null,"cross_sell":null,"display_status":7,"finish":null,"finish_options":null,"fragrances":[{"family":null,"key":null,"value":null}],"iln_listing":null,"iln_version_number":"ILN48715","inventory_status":"Active","is_active":true,"is_coming_soon":null,"is_default_sku":false,"is_discountable":true,"is_displayable":null,"is_engravable":null,"is_fragrance":null,"is_giftable":null,"is_giftwrap":false,"is_inactive":null,"is_multi_shaded":null,"is_out_of_stock":null,"is_preorder":false,"is_preorderable":null,"is_promotional":null,"is_replenishable":false,"is_search_suppressed":null,"is_searchable":true,"is_shaded":null,"is_sized":null,"is_sold_out":null,"is_under_weight_hazmat":false,"is_vto_enabled":null,"life_of_product":"Limited life","material_code":"KWW3010000","media":{"large":[{"alt":"YENİ | Moisture Surge 100 Saat Etkili Nemlendirici","height":1200,"position":0,"src":"/media/export/cms/products/1200x1500/cl_sku_KWW301_1200x1500_0.png","type":"image","width":1500}],"medium":[{"alt":"YENİ | Moisture Surge 100 Saat Etkili Nemlendirici","height":600,"position":1,"src":"/media/export/cms/products/600x750/cl_sku_KWW301_600x750_0.png","type":"image","width":750}],"model":null,"poster":null,"small":[{"alt":"YENİ | Moisture Surge 100 Saat Etkili Nemlendirici","height":1200,"position":2,"src":"/media/export/cms/products/1200x1500/cl_sku_KWW301_1200x1500_0.png","type":"image","width":1500}],"smoosh":null,"xl":null},"out_of_stock_threshold":null,"perlgem":{"SKU_BASE_ID":126683},"preorder_date":null,"prices":[{"currency":"TRY","exclude_tax":{"original_price":165,"original_price_formatted":"165.00 TL","price":165,"price_formatted":"165.00 TL","price_per_unit":null,"price_per_unit_formatted":""},"include_tax":{"original_price":165,"original_price_formatted":"165.00 TL","price":165,"price_formatted":"165.00 TL","price_per_unit":null,"price_per_unit_formatted":""},"is_discounted":false}],"purchase_limit":null,"replenishment":{"message":null},"reviews":{"average_rating":null,"number_of_questions":null,"number_of_reviews":null},"set_components":null,"shade_groups":null,"shades":null,"sizes":[{"key":1,"value":"30ml"}],"skin":{"tone":null,"type":[{"key":"very-dry-skintype","value":"very_dry_skintype"},{"key":"dry-skintype","value":"dry_skintype"},{"key":"combination-skintype","value":"combination_skintype"},{"key":"oily-skintype","value":"oily_skintype"},{"key":"normal-skintype","value":"normal_skintype"}],"type_description":null},"sku_badge":"YENİ","sku_badge_image":null,"sku_display_order":2,"sku_id":"KWW301","sku_promo_messaging":null,"sku_type":"SE","sku_url":null,"tags":{"total":4,"items":[{"id":"17859","key":"çok-satanlar","value":"ÇOK SATANLAR"},{"id":"1687","key":"yüz-nemlendi̇ri̇ci̇","value":"YÜZ NEMLENDİRİCİ"},{"id":"1590","key":"i̇ndi̇ri̇mli̇-ürünler","value":"İNDİRİMLİ ÜRÜNLER"},{"id":"25565","key":"justarrivednew","value":"justarrivednew"}]},"texture":null,"undertone":null,"unit_of_measure":null,"unit_size":null,"unit_size_formatted":null,"upc":"192333066928","vto":{"is_color_experience":null,"is_foundation_experience":null}},{"color_family":null,"coverage_options":null,"cross_sell":null,"display_status":7,"finish":null,"finish_options":null,"fragrances":[{"family":null,"key":null,"value":null}],"iln_listing":null,"iln_version_number":null,"inventory_status":"Active","is_active":true,"is_coming_soon":null,"is_default_sku":false,"is_discountable":true,"is_displayable":null,"is_engravable":null,"is_fragrance":null,"is_giftable":null,"is_giftwrap":false,"is_inactive":null,"is_multi_shaded":null,"is_out_of_stock":null,"is_preorder":false,"is_preorderable":null,"is_promotional":null,"is_replenishable":false,"is_search_suppressed":null,"is_searchable":true,"is_shaded":null,"is_sized":null,"is_sold_out":null,"is_under_weight_hazmat":false,"is_vto_enabled":null,"life_of_product":"Limited life","material_code":"KWW4010000","media":{"large":[{"alt":"YENİ | Moisture Surge 100 Saat Etkili Nemlendirici","height":1200,"position":0,"src":"/media/export/cms/products/1200x1500/cl_sku_KWW401_1200x1500_0.png","type":"image","width":1500}],"medium":[{"alt":"YENİ | Moisture Surge 100 Saat Etkili Nemlendirici","height":600,"position":1,"src":"/media/export/cms/products/600x750/cl_sku_KWW401_600x750_0.png","type":"image","width":750}],"model":null,"poster":null,"small":[{"alt":"YENİ | Moisture Surge 100 Saat Etkili Nemlendirici","height":1200,"position":2,"src":"/media/export/cms/products/1200x1500/cl_sku_KWW401_1200x1500_0.png","type":"image","width":1500}],"smoosh":null,"xl":null},"out_of_stock_threshold":null,"perlgem":{"SKU_BASE_ID":126685},"preorder_date":null,"prices":[{"currency":"TRY","exclude_tax":{"original_price":279,"original_price_formatted":"279.00 TL","price":279,"price_formatted":"279.00 TL","price_per_unit":null,"price_per_unit_formatted":""},"include_tax":{"original_price":279,"original_price_formatted":"279.00 TL","price":279,"price_formatted":"279.00 TL","price_per_unit":null,"price_per_unit_formatted":""},"is_discounted":false}],"purchase_limit":null,"replenishment":{"message":null},"reviews":{"average_rating":null,"number_of_questions":null,"number_of_reviews":null},"set_components":null,"shade_groups":null,"shades":null,"sizes":[{"key":1,"value":"50ml"}],"skin":{"tone":null,"type":null,"type_description":null},"sku_badge":null,"sku_badge_image":null,"sku_display_order":3,"sku_id":"KWW401","sku_promo_messaging":null,"sku_type":"SE","sku_url":null,"tags":{"total":3,"items":[{"id":"17859","key":"çok-satanlar","value":"ÇOK SATANLAR"},{"id":"1687","key":"yüz-nemlendi̇ri̇ci̇","value":"YÜZ NEMLENDİRİCİ"},{"id":"1590","key":"i̇ndi̇ri̇mli̇-ürünler","value":"İNDİRİMLİ ÜRÜNLER"}]},"texture":null,"undertone":null,"unit_of_measure":null,"unit_size":null,"unit_size_formatted":null,"upc":"192333066935","vto":{"is_color_experience":null,"is_foundation_experience":null}}]},"sub_display_name":"İndirimlere dahil değildir. 15ml Özel fiyattır.","sub_header":null,"tags":{"total":9,"items":[{"id":"17859","key":"çok-satanlar","parent_tag_id":null,"product_display_order":0,"value":"ÇOK SATANLAR"},{"id":"1687","key":"yüz-nemlendi̇ri̇ci̇","parent_tag_id":"1667","product_display_order":18,"value":"YÜZ NEMLENDİRİCİ"},{"id":"13051","key":"skin-care-best-sellers","parent_tag_id":"1667","product_display_order":0,"value":"Skin Care Best Sellers"},{"id":"4323","key":"yeni̇-ürünler","parent_tag_id":null,"product_display_order":0,"value":"YENİ ÜRÜNLER"},{"id":"1590","key":"i̇ndi̇ri̇mli̇-ürünler","parent_tag_id":null,"product_display_order":0,"value":"İNDİRİMLİ ÜRÜNLER"},{"id":"1585","key":"hediye-merkezi","parent_tag_id":null,"product_display_order":0,"value":"Hediye Merkezi"},{"id":"25565","key":"justarrivednew","parent_tag_id":null,"product_display_order":1,"value":"justarrivednew"},{"id":"1575","key":"en-çok-satanlar","parent_tag_id":null,"product_display_order":0,"value":"En Çok Satanlar"},{"id":"8388","key":"nem","parent_tag_id":"1667","product_display_order":0,"value":"nem"}]},"usage":[{"content":"Sabah ve akşam temiz cilde uygulanabilir. Makyaj bazı olarak veya highligher etkisi için makyajın üstüne kullanılabilir.•&nbsp;Farklı şekilde kullanımları mevcut : Temiz cilde 5 dakikalık maske olarak, tırnak etlerini yumuşatmak ve tedavi etmek için; ayrıca dirsek saç uçları gibi neme ihtiyaç duyulan bölgelere de uygulanabilir.Alkolsüz, yağsız ve parfümsüzdür.","label":"PRODUCT USAGE","type":"product_usage"},{"content":null,"label":"HOW DOES IT WORK","type":"how_does_it_work"},{"content":"Tüm cilt tipleri için uygundur.","label":"WHO IT IS FOR","type":"who_it_is_for"},{"content":null,"label":"GREAT TO KNOW","type":"great_to_know"},{"content":"Hafif yağsız formülü 10 kat derine etki ederek kalıcı nem sağlamaya yardımcı oluyor. Anında %174 oranında nem sağlıyor ve100 saate kadar kalıcı etki gösteriyor. Çift etkili nemlendirici, yeni teknolojisi sayesinde cildin kendi nem kaynaklarını sürekli yenilemesine ve nemi içinde hapsetmesine yardımcı oluyor; sağlıklı, nemli ve ışıltılı bir görünüm veriyor.","label":"WHAT_IT_DOES","type":"what_it_does"},{"content":"Birçoğumuzun favorisi Moisture Surge yenilendi! Yağsız jel formülü, aloe vera özleri ve hyalüronik asitle zenginleştirildi. Yeni teknolojisi sayesinde cildin 10 kat derinine inerek ciltte 100 saate kadar kalıcı nem sağlıyor.","label":"WHAT_IT_IS","type":"what_it_is"}],"objectID":"83690"},{"benefit":{"statement":null,"benefits":null},"brand":null,"collection":null,"coverage":null,"cross_sell":null,"default_category":{"id":"1685","key":"hedi̇yeler-setler"},"description":"Set&nbsp; içeriği: Anti-Blemish Sivilce Karşıtı Temizleme Jeli&nbsp;30ml Anti-Blemish Solutions Clinical Sivilce Karşıtı Bakım Jeli 15ml, Dramatically Different Nemlendirici Arındırıcı Jel 50 ml","display_mode":null,"display_name":"Sivilce Karşıtı Arındırıcı Cilt Bakım Seti","display_status":7,"finish":null,"form":null,"formula_type":null,"fragrance_family":null,"indexable_keywords":null,"is_hazmat":false,"is_product_coming_soon":null,"is_product_displayable":true,"is_product_searchable":true,"is_product_shoppable":true,"is_product_sold_out":null,"is_product_temporarily_out_of_stock":null,"is_search_suppressed":null,"key_ingredient":null,"media":{"large":null,"medium":null,"poster":null,"small":null,"videos":[{"position":null,"poster":{"height":null,"src":null,"width":null},"provider":"YouTube","src":null},{"position":null,"poster":{"height":null,"src":null,"width":null},"provider":"YouTube","src":null},{"position":null,"poster":{"height":null,"src":null,"width":null},"provider":"YouTube","src":null}],"xl":null},"meta":{"description":null,"keywords":null},"parent_category":[{"id":"1685","value":"HEDİYELER & SETLER"},{"id":"1684","value":"Hediyeler"},{"id":"1667","value":"CİLT BAKIMI"}],"product_badge":null,"product_id":"83696","product_title_tag":null,"product_type":"Other","product_url":"/product/1685/83696/cilt-bakimi/hediyeler/hediyeler-setler/sivilce-karst-arndrc-cilt-bakm-seti","reviews":{"average_rating":null,"number_of_questions":null,"number_of_reviews":null},"shade_groups":null,"short_description":null,"skin":null,"skin_goal":null,"skus":{"total":1,"items":[{"color_family":null,"coverage_options":null,"cross_sell":null,"display_status":7,"finish":null,"finish_options":null,"fragrances":[{"family":null,"key":null,"value":null}],"iln_listing":null,"iln_version_number":null,"inventory_status":"Active","is_active":true,"is_coming_soon":null,"is_default_sku":true,"is_discountable":true,"is_displayable":null,"is_engravable":null,"is_fragrance":null,"is_giftable":null,"is_giftwrap":false,"is_inactive":null,"is_multi_shaded":null,"is_out_of_stock":null,"is_preorder":false,"is_preorderable":null,"is_promotional":null,"is_replenishable":false,"is_search_suppressed":null,"is_searchable":true,"is_shaded":null,"is_sized":null,"is_sold_out":null,"is_under_weight_hazmat":false,"is_vto_enabled":null,"life_of_product":"Limited life","material_code":"KY1G010000","media":{"large":[{"alt":"Sivilce Karşıtı Arındırıcı Cilt Bakım Seti","height":1200,"position":0,"src":"/media/export/cms/products/1200x1500/cl_sku_KY1G01_1200x1500_0.png","type":"image","width":1500}],"medium":[{"alt":"Sivilce Karşıtı Arındırıcı Cilt Bakım Seti","height":600,"position":1,"src":"/media/export/cms/products/600x750/cl_sku_KY1G01_600x750_0.png","type":"image","width":750}],"model":null,"poster":null,"small":[{"alt":"Sivilce Karşıtı Arındırıcı Cilt Bakım Seti","height":1200,"position":2,"src":"/media/export/cms/products/1200x1500/cl_sku_KY1G01_1200x1500_0.png","type":"image","width":1500}],"smoosh":null,"xl":null},"out_of_stock_threshold":null,"perlgem":{"SKU_BASE_ID":126693},"preorder_date":null,"prices":[{"currency":"TRY","exclude_tax":{"original_price":255,"original_price_formatted":"255.00 TL","price":255,"price_formatted":"255.00 TL","price_per_unit":null,"price_per_unit_formatted":""},"include_tax":{"original_price":255,"original_price_formatted":"255.00 TL","price":255,"price_formatted":"255.00 TL","price_per_unit":null,"price_per_unit_formatted":""},"is_discounted":false}],"purchase_limit":null,"replenishment":{"message":null},"reviews":{"average_rating":null,"number_of_questions":null,"number_of_reviews":null},"set_components":null,"shade_groups":null,"shades":null,"sizes":[{"key":1,"value":null}],"skin":{"tone":null,"type":null,"type_description":null},"sku_badge":null,"sku_badge_image":null,"sku_display_order":0,"sku_id":"KY1G01","sku_promo_messaging":null,"sku_type":"SE","sku_url":null,"tags":{"total":5,"items":[{"id":"1590","key":"i̇ndi̇ri̇mli̇-ürünler","value":"İNDİRİMLİ ÜRÜNLER"},{"id":"17860","key":"makyaj-ci̇lt-bakim-parfüm-setleri̇","value":"MAKYAJ & CİLT BAKIM & PARFÜM SETLERİ"},{"id":"4323","key":"yeni̇-ürünler","value":"YENİ ÜRÜNLER"},{"id":"16422","key":"gifts","value":"Gifts"},{"id":"1685","key":"hedi̇yeler-setler","value":"HEDİYELER & SETLER"}]},"texture":null,"undertone":null,"unit_of_measure":null,"unit_size":null,"unit_size_formatted":null,"upc":"192333078853","vto":{"is_color_experience":null,"is_foundation_experience":null}}]},"sub_display_name":null,"sub_header":null,"tags":{"total":5,"items":[{"id":"1590","key":"i̇ndi̇ri̇mli̇-ürünler","parent_tag_id":null,"product_display_order":8,"value":"İNDİRİMLİ ÜRÜNLER"},{"id":"17860","key":"makyaj-ci̇lt-bakim-parfüm-setleri̇","parent_tag_id":null,"product_display_order":0,"value":"MAKYAJ & CİLT BAKIM & PARFÜM SETLERİ"},{"id":"4323","key":"yeni̇-ürünler","parent_tag_id":null,"product_display_order":0,"value":"YENİ ÜRÜNLER"},{"id":"16422","key":"gifts","parent_tag_id":"1585","product_display_order":0,"value":"Gifts"},{"id":"1685","key":"hedi̇yeler-setler","parent_tag_id":"1684","product_display_order":0,"value":"HEDİYELER & SETLER"}]},"usage":[{"content":null,"label":"PRODUCT USAGE","type":"product_usage"},{"content":null,"label":"HOW DOES IT WORK","type":"how_does_it_work"},{"content":null,"label":"WHO IT IS FOR","type":"who_it_is_for"},{"content":null,"label":"GREAT TO KNOW","type":"great_to_know"},{"content":null,"label":"WHAT_IT_DOES","type":"what_it_does"},{"content":null,"label":"WHAT_IT_IS","type":"what_it_is"}],"objectID":"83696"},{"benefit":{"statement":null,"benefits":null},"brand":null,"collection":null,"coverage":null,"cross_sell":null,"default_category":{"id":"17860","key":"makyaj-ci̇lt-bakim-parfüm-setleri̇"},"description":"Chubby Stick Şekillendirici Aydınlatıcı Şekillencidirici stik istenilen bölgelerde doğal bir belirginlik sağlar, yüz hatlarını belirginleştirmek ve gölgelendirmek için mükemmeldir.Uzun süre kalıcıdır. High Impact Lash Elevating Maskara 3.5ml&nbsp;- Gözlerde daha büyük , aydınlık ve canlı bir görünüm sağlamaya yardımcı olur.Oftalmolojik olarak test edilmiştir, hassas gözlerin kullanımına uygundur. Moisture Surge Pop 3’ü 1 Arada Dudak Balmı 3.8g - Dudağınızı nemlendirirken, renklendirir ve parlaklık vererek dolgun gözükmesine yardımcı olur. Dudağınızı 72 saat boyunca nemlendirir. Ağırlık hissi yaratmaz ve kolay uygulanır.","display_mode":null,"display_name":"Işıltılı Makyaj Seti","display_status":7,"finish":null,"form":null,"formula_type":null,"fragrance_family":null,"indexable_keywords":null,"is_hazmat":false,"is_product_coming_soon":null,"is_product_displayable":true,"is_product_searchable":true,"is_product_shoppable":true,"is_product_sold_out":null,"is_product_temporarily_out_of_stock":null,"is_search_suppressed":null,"key_ingredient":null,"media":{"large":null,"medium":null,"poster":null,"small":null,"videos":[{"position":null,"poster":{"height":null,"src":null,"width":null},"provider":"YouTube","src":null},{"position":null,"poster":{"height":null,"src":null,"width":null},"provider":"YouTube","src":null},{"position":null,"poster":{"height":null,"src":null,"width":null},"provider":"YouTube","src":null}],"xl":null},"meta":{"description":null,"keywords":null},"parent_category":[{"id":"17860","value":"MAKYAJ & CİLT BAKIM & PARFÜM SETLERİ"}],"product_badge":null,"product_id":"83697","product_title_tag":null,"product_type":"Other","product_url":"/product/17860/83697/makyaj-cilt-bakim-parfum-setleri/isltl-makyaj-seti","reviews":{"average_rating":null,"number_of_questions":null,"number_of_reviews":null},"shade_groups":null,"short_description":null,"skin":null,"skin_goal":null,"skus":{"total":1,"items":[{"color_family":null,"coverage_options":null,"cross_sell":null,"display_status":7,"finish":null,"finish_options":null,"fragrances":[{"family":null,"key":null,"value":null}],"iln_listing":null,"iln_version_number":null,"inventory_status":"Active","is_active":true,"is_coming_soon":null,"is_default_sku":false,"is_discountable":true,"is_displayable":null,"is_engravable":null,"is_fragrance":null,"is_giftable":null,"is_giftwrap":false,"is_inactive":null,"is_multi_shaded":null,"is_out_of_stock":null,"is_preorder":false,"is_preorderable":null,"is_promotional":null,"is_replenishable":false,"is_search_suppressed":null,"is_searchable":true,"is_shaded":null,"is_sized":null,"is_sold_out":null,"is_under_weight_hazmat":false,"is_vto_enabled":null,"life_of_product":"Limited life","material_code":"KY1H010000","media":{"large":[{"alt":"Işıltılı Makyaj Seti","height":1200,"position":0,"src":"/media/export/cms/products/1200x1500/cl_sku_KY1H01_1200x1500_0.png","type":"image","width":1500}],"medium":[{"alt":"Işıltılı Makyaj Seti","height":600,"position":1,"src":"/media/export/cms/products/600x750/cl_sku_KY1H01_600x750_0.png","type":"image","width":750}],"model":null,"poster":null,"small":[{"alt":"Işıltılı Makyaj Seti","height":1200,"position":2,"src":"/media/export/cms/products/1200x1500/cl_sku_KY1H01_1200x1500_0.png","type":"image","width":1500}],"smoosh":null,"xl":null},"out_of_stock_threshold":null,"perlgem":{"SKU_BASE_ID":126694},"preorder_date":null,"prices":[{"currency":"TRY","exclude_tax":{"original_price":195,"original_price_formatted":"195.00 TL","price":195,"price_formatted":"195.00 TL","price_per_unit":null,"price_per_unit_formatted":""},"include_tax":{"original_price":195,"original_price_formatted":"195.00 TL","price":195,"price_formatted":"195.00 TL","price_per_unit":null,"price_per_unit_formatted":""},"is_discounted":false}],"purchase_limit":null,"replenishment":{"message":null},"reviews":{"average_rating":null,"number_of_questions":null,"number_of_reviews":null},"set_components":null,"shade_groups":null,"shades":null,"sizes":[{"key":1,"value":null}],"skin":{"tone":null,"type":null,"type_description":null},"sku_badge":null,"sku_badge_image":null,"sku_display_order":0,"sku_id":"KY1H01","sku_promo_messaging":null,"sku_type":"SE","sku_url":null,"tags":{"total":5,"items":[{"id":"17860","key":"makyaj-ci̇lt-bakim-parfüm-setleri̇","value":"MAKYAJ & CİLT BAKIM & PARFÜM SETLERİ"},{"id":"16422","key":"gifts","value":"Gifts"},{"id":"4323","key":"yeni̇-ürünler","value":"YENİ ÜRÜNLER"},{"id":"1590","key":"i̇ndi̇ri̇mli̇-ürünler","value":"İNDİRİMLİ ÜRÜNLER"},{"id":"1602","key":"hedi̇yeler-setler","value":"HEDİYELER & SETLER"}]},"texture":null,"undertone":null,"unit_of_measure":null,"unit_size":null,"unit_size_formatted":null,"upc":"192333078860","vto":{"is_color_experience":null,"is_foundation_experience":null}}]},"sub_display_name":null,"sub_header":null,"tags":{"total":5,"items":[{"id":"17860","key":"makyaj-ci̇lt-bakim-parfüm-setleri̇","parent_tag_id":null,"product_display_order":0,"value":"MAKYAJ & CİLT BAKIM & PARFÜM SETLERİ"},{"id":"16422","key":"gifts","parent_tag_id":"1585","product_display_order":0,"value":"Gifts"},{"id":"4323","key":"yeni̇-ürünler","parent_tag_id":null,"product_display_order":0,"value":"YENİ ÜRÜNLER"},{"id":"1590","key":"i̇ndi̇ri̇mli̇-ürünler","parent_tag_id":null,"product_display_order":7,"value":"İNDİRİMLİ ÜRÜNLER"},{"id":"1602","key":"hedi̇yeler-setler","parent_tag_id":"1600","product_display_order":0,"value":"HEDİYELER & SETLER"}]},"usage":[{"content":null,"label":"PRODUCT USAGE","type":"product_usage"},{"content":null,"label":"HOW DOES IT WORK","type":"how_does_it_work"},{"content":null,"label":"WHO IT IS FOR","type":"who_it_is_for"},{"content":null,"label":"GREAT TO KNOW","type":"great_to_know"},{"content":null,"label":"WHAT_IT_DOES","type":"what_it_does"},{"content":null,"label":"WHAT_IT_IS","type":"what_it_is"}],"objectID":"83697"},{"benefit":{"statement":null,"benefits":null},"brand":null,"collection":null,"coverage":null,"cross_sell":null,"default_category":{"id":"17860","key":"makyaj-ci̇lt-bakim-parfüm-setleri̇"},"description":"<P><FONT size=3><FONT face=Calibri>Set İçeriği:</FONT></FONT></P><P><FONT size=3><FONT face=Calibri><B>Moisture Surge ™ Nemlendirici Yüz Spreyi, 1oz / 30ml -</B> Anında cilde nem takviyesi yaparak nem bariyerini dengeler. Uyguladıktan hemen sonra cildinizin yumuşaklığını ve pürüzsüzlüğünü hissedin. Yağsızdır.</FONT></FONT></P><P><FONT size=3><FONT face=Calibri><B>Moisture Surge ™ Dudak Bakım Balmı, .34oz / 10g -</B> Dudaktaki ince çizgilerin ve kuruluğun görünümünü azaltır, yoğun nem sağlar.</FONT></FONT></P><P><FONT size=3><FONT face=Calibri><B>Moisture Surge ™ Gece Maskesi, 1oz / 30ml -</B> Cildin kendi öz koruyucu nem bariyerlerinin yeniden yapılanmasına yardım ederek,ideal nem seviyesine ulaşmasınıa destek olur Cildinizin olabildiğince sağlıklı, aydınlık ve canlı görünür Kullanımı: Geceleri ve her ihtiyaç duyduğunuzda yüzünüze eşit şekilde uygulayınız.</FONT></FONT></P><P style=\"BOX-SIZING: border-box; FONT-SIZE: 17px; FONT-FAMILY: HelveticaNeueLTStd55Roman, Arial, sans-serif; WHITE-SPACE: normal; WORD-SPACING: 0px; TEXT-TRANSFORM: none; FONT-WEIGHT: 400; COLOR: rgb(0,0,0); FONT-STYLE: normal; ORPHANS: 2; WIDOWS: 2; LETTER-SPACING: 0px; BACKGROUND-COLOR: rgb(255,255,255); TEXT-INDENT: 0px; font-variant-ligatures: normal; font-variant-caps: normal; -webkit-text-stroke-width: 0px; text-decoration-thickness: initial; text-decoration-style: initial; text-decoration-color: initial\"><B>Moisture Surge Eye ™ 96 Saat Nem Koruma Teknolojili Göz Kremi, 0.17oz / 5ml - </B>96 saat boyunca yoğun bir nemlendirme ve kırışıklıkların giderilmesini sağlayan, göz çevresindeki nemi yenilemeye yardımcı olan ultra hafif ve dolgunlaştırıcı su-jel bazlı nemlendirici. &nbsp;</P>","display_mode":null,"display_name":"Ready Jet Go Moisture Surge Set","display_status":7,"finish":null,"form":null,"formula_type":null,"fragrance_family":null,"indexable_keywords":null,"is_hazmat":false,"is_product_coming_soon":null,"is_product_displayable":true,"is_product_searchable":true,"is_product_shoppable":true,"is_product_sold_out":null,"is_product_temporarily_out_of_stock":null,"is_search_suppressed":null,"key_ingredient":null,"media":{"large":null,"medium":null,"poster":null,"small":null,"videos":[{"position":null,"poster":{"height":null,"src":null,"width":null},"provider":"YouTube","src":null},{"position":null,"poster":{"height":null,"src":null,"width":null},"provider":"YouTube","src":null},{"position":null,"poster":{"height":null,"src":null,"width":null},"provider":"YouTube","src":null}],"xl":null},"meta":{"description":null,"keywords":null},"parent_category":[{"id":"17860","value":"MAKYAJ & CİLT BAKIM & PARFÜM SETLERİ"}],"product_badge":null,"product_id":"83698","product_title_tag":null,"product_type":"Other","product_url":"/product/17860/83698/makyaj-cilt-bakim-parfum-setleri/ready-jet-go-moisture-surge-set","reviews":{"average_rating":null,"number_of_questions":null,"number_of_reviews":null},"shade_groups":null,"short_description":null,"skin":null,"skin_goal":null,"skus":{"total":1,"items":[{"color_family":null,"coverage_options":null,"cross_sell":null,"display_status":7,"finish":null,"finish_options":null,"fragrances":[{"family":null,"key":null,"value":null}],"iln_listing":null,"iln_version_number":null,"inventory_status":"Active","is_active":true,"is_coming_soon":null,"is_default_sku":false,"is_discountable":true,"is_displayable":null,"is_engravable":null,"is_fragrance":null,"is_giftable":null,"is_giftwrap":false,"is_inactive":null,"is_multi_shaded":null,"is_out_of_stock":null,"is_preorder":false,"is_preorderable":null,"is_promotional":null,"is_replenishable":false,"is_search_suppressed":null,"is_searchable":true,"is_shaded":null,"is_sized":null,"is_sold_out":null,"is_under_weight_hazmat":false,"is_vto_enabled":null,"life_of_product":"Limited life","material_code":"KY1J010000","media":{"large":[{"alt":"Ready Jet Go Moisture Surge Set","height":1200,"position":0,"src":"/media/export/cms/products/1200x1500/cl_sku_KY1J01_1200x1500_0.png","type":"image","width":1500}],"medium":[{"alt":"Ready Jet Go Moisture Surge Set","height":600,"position":1,"src":"/media/export/cms/products/600x750/cl_sku_KY1J01_600x750_0.png","type":"image","width":750}],"model":null,"poster":null,"small":[{"alt":"Ready Jet Go Moisture Surge Set","height":1200,"position":2,"src":"/media/export/cms/products/1200x1500/cl_sku_KY1J01_1200x1500_0.png","type":"image","width":1500}],"smoosh":null,"xl":null},"out_of_stock_threshold":null,"perlgem":{"SKU_BASE_ID":126695},"preorder_date":null,"prices":[{"currency":"TRY","exclude_tax":{"original_price":225,"original_price_formatted":"225.00 TL","price":225,"price_formatted":"225.00 TL","price_per_unit":null,"price_per_unit_formatted":""},"include_tax":{"original_price":225,"original_price_formatted":"225.00 TL","price":225,"price_formatted":"225.00 TL","price_per_unit":null,"price_per_unit_formatted":""},"is_discounted":false}],"purchase_limit":null,"replenishment":{"message":null},"reviews":{"average_rating":null,"number_of_questions":null,"number_of_reviews":null},"set_components":null,"shade_groups":null,"shades":null,"sizes":[{"key":1,"value":null}],"skin":{"tone":null,"type":null,"type_description":null},"sku_badge":null,"sku_badge_image":null,"sku_display_order":0,"sku_id":"KY1J01","sku_promo_messaging":null,"sku_type":"SE","sku_url":null,"tags":{"total":5,"items":[{"id":"1590","key":"i̇ndi̇ri̇mli̇-ürünler","value":"İNDİRİMLİ ÜRÜNLER"},{"id":"1685","key":"hedi̇yeler-setler","value":"HEDİYELER & SETLER"},{"id":"16422","key":"gifts","value":"Gifts"},{"id":"4323","key":"yeni̇-ürünler","value":"YENİ ÜRÜNLER"},{"id":"17860","key":"makyaj-ci̇lt-bakim-parfüm-setleri̇","value":"MAKYAJ & CİLT BAKIM & PARFÜM SETLERİ"}]},"texture":null,"undertone":null,"unit_of_measure":null,"unit_size":null,"unit_size_formatted":null,"upc":"192333078877","vto":{"is_color_experience":null,"is_foundation_experience":null}}]},"sub_display_name":null,"sub_header":null,"tags":{"total":5,"items":[{"id":"1590","key":"i̇ndi̇ri̇mli̇-ürünler","parent_tag_id":null,"product_display_order":6,"value":"İNDİRİMLİ ÜRÜNLER"},{"id":"1685","key":"hedi̇yeler-setler","parent_tag_id":"1684","product_display_order":0,"value":"HEDİYELER & SETLER"},{"id":"16422","key":"gifts","parent_tag_id":"1585","product_display_order":0,"value":"Gifts"},{"id":"4323","key":"yeni̇-ürünler","parent_tag_id":null,"product_display_order":0,"value":"YENİ ÜRÜNLER"},{"id":"17860","key":"makyaj-ci̇lt-bakim-parfüm-setleri̇","parent_tag_id":null,"product_display_order":0,"value":"MAKYAJ & CİLT BAKIM & PARFÜM SETLERİ"}]},"usage":[{"content":null,"label":"PRODUCT USAGE","type":"product_usage"},{"content":null,"label":"HOW DOES IT WORK","type":"how_does_it_work"},{"content":null,"label":"WHO IT IS FOR","type":"who_it_is_for"},{"content":null,"label":"GREAT TO KNOW","type":"great_to_know"},{"content":null,"label":"WHAT_IT_DOES","type":"what_it_does"},{"content":null,"label":"WHAT_IT_IS","type":"what_it_is"}],"objectID":"83698"},{"benefit":{"statement":null,"benefits":null},"brand":null,"collection":null,"coverage":null,"cross_sell":null,"default_category":{"id":"1599","key":"fondöten"},"description":null,"display_mode":null,"display_name":"YENİ | Even Better Clinical Serum Fondöten SPF 20","display_status":7,"finish":null,"form":null,"formula_type":null,"fragrance_family":null,"indexable_keywords":null,"is_hazmat":false,"is_product_coming_soon":null,"is_product_displayable":true,"is_product_searchable":true,"is_product_shoppable":true,"is_product_sold_out":null,"is_product_temporarily_out_of_stock":null,"is_search_suppressed":null,"key_ingredient":null,"media":{"large":null,"medium":null,"poster":null,"small":null,"videos":[{"position":null,"poster":{"height":null,"src":null,"width":null},"provider":"YouTube","src":null},{"position":null,"poster":{"height":null,"src":null,"width":null},"provider":"YouTube","src":null},{"position":null,"poster":{"height":null,"src":null,"width":null},"provider":"YouTube","src":null}],"xl":null},"meta":{"description":null,"keywords":null},"parent_category":[{"id":"1599","value":"FONDÖTEN"},{"id":"1592","value":"MAKYAJ"}],"product_badge":null,"product_id":"85169","product_title_tag":null,"product_type":"Shaded","product_url":"/product/1599/85169/makyaj/fondoten/yeni-even-better-clinical-serum-fondoten-spf-20","reviews":{"average_rating":null,"number_of_questions":null,"number_of_reviews":null},"shade_groups":null,"short_description":null,"skin":null,"skin_goal":null,"skus":{"total":30,"items":[{"color_family":null,"coverage_options":null,"cross_sell":null,"display_status":7,"finish":null,"finish_options":null,"fragrances":[{"family":null,"key":null,"value":null}],"iln_listing":"Ingredients: Dimethicone , Water\\Aqua\\Eau , Zinc Oxide , Peg-10 Dimethicone , Butylene Glycol , Vinyl Dimethicone/Methicone Silsesquioxane Crosspolymer , Phenyl Trimethicone , Isododecane , Butyloctyl Salicylate , Titanium Dioxide , Isodecyl Isononanoate , Lauryl Peg-9 Polydimethylsiloxyethyl Dimethicone , Alcohol Denat. , Dimethicone/Vinyl Dimethicone Crosspolymer , Hydrated Silica , Ascorbyl Glucoside , Tetrahexyldecyl Ascorbate , Magnesium Ascorbyl Phosphate , Sodium Hyaluronate , Tocopheryl Acetate , Laminaria Saccharina Extract , Polygala Senega Root Extract , Berberis Vulgaris Extract , Nymphaea Alba Root Extract , Camellia Sinensis Leaf Extract , Salvia Hispanica Seed Extract , Molasses Extract\\Saccharum Officinarum\\Extrait De Mélasse , Dimethoxytolyl Propylresorcinol , Caffeine , Niacinamide , Salicylic Acid , Linoleic Acid , Tocopherol , Lactoperoxidase , Glucose Oxidase , Lactobacillus Ferment , Glycyrrhetinic Acid , Cholesterol , Jojoba Esters , Glucose , Polysilicone-11 , Laureth-7 , Trimethylsiloxysilicate , Sorbitan Sesquioleate , Lecithin , Xanthan Gum , Silica , Caprylyl Glycol , Dimethicone/Peg-10/15 Crosspolymer , Disteardimonium Hectorite , Triethoxycaprylylsilane , Alumina , Propylene Carbonate , Dipropylene Glycol , Sodium Chloride , Sodium Hydroxide , Citric Acid , Potassium Phosphate , Tetrasodium Edta , Sodium Citrate , Potassium Sorbate , Phenoxyethanol ,  [+/- Mica , Titanium Dioxide (Ci 77891) , Iron Oxides (Ci 77491) , Iron Oxides (Ci 77492) , Iron Oxides (Ci 77499)] <ILN47716>","iln_version_number":"ILN47716","inventory_status":"Sold Out","is_active":null,"is_coming_soon":null,"is_default_sku":false,"is_discountable":true,"is_displayable":null,"is_engravable":null,"is_fragrance":null,"is_giftable":null,"is_giftwrap":false,"is_inactive":null,"is_multi_shaded":null,"is_out_of_stock":null,"is_preorder":false,"is_preorderable":null,"is_promotional":null,"is_replenishable":false,"is_search_suppressed":null,"is_searchable":true,"is_shaded":null,"is_sized":null,"is_sold_out":true,"is_under_weight_hazmat":false,"is_vto_enabled":null,"life_of_product":"Limited life","material_code":"KY19040000","media":{"large":[{"alt":"YENİ | Even Better Clinical Serum Fondöten SPF 20","height":1200,"position":0,"src":"/media/export/cms/products/1200x1500/cl_sku_KY1904_1200x1500_0.png","type":"image","width":1500}],"medium":[{"alt":"YENİ | Even Better Clinical Serum Fondöten SPF 20","height":600,"position":1,"src":"/media/export/cms/products/600x750/cl_sku_KY1904_600x750_0.png","type":"image","width":750}],"model":null,"poster":null,"small":[{"alt":"YENİ | Even Better Clinical Serum Fondöten SPF 20","height":1200,"position":2,"src":"/media/export/cms/products/1200x1500/cl_sku_KY1904_1200x1500_0.png","type":"image","width":1500}],"smoosh":null,"xl":null},"out_of_stock_threshold":null,"perlgem":{"SKU_BASE_ID":128577},"preorder_date":null,"prices":[{"currency":"TRY","exclude_tax":{"original_price":370,"original_price_formatted":"370.00 TL","price":370,"price_formatted":"370.00 TL","price_per_unit":null,"price_per_unit_formatted":""},"include_tax":{"original_price":370,"original_price_formatted":"370.00 TL","price":370,"price_formatted":"370.00 TL","price_per_unit":null,"price_per_unit_formatted":""},"is_discounted":false}],"purchase_limit":null,"replenishment":{"message":null},"reviews":{"average_rating":null,"number_of_questions":null,"number_of_reviews":null},"set_components":null,"shade_groups":null,"shades":[{"description":"","hex_val":"","image":{"height":null,"src":"","width":null},"name":"CN 40 Cream Chamois (VF)","smoosh_design":{"group_id":null,"name":""}}],"sizes":[{"key":1,"value":null}],"skin":{"tone":null,"type":null,"type_description":null},"sku_badge":null,"sku_badge_image":null,"sku_display_order":0,"sku_id":"KY1904","sku_promo_messaging":null,"sku_type":"SE","sku_url":null,"tags":{"total":2,"items":[{"id":"1590","key":"i̇ndi̇ri̇mli̇-ürünler","value":"İNDİRİMLİ ÜRÜNLER"},{"id":"1599","key":"fondöten","value":"FONDÖTEN"}]},"texture":null,"undertone":null,"unit_of_measure":null,"unit_size":null,"unit_size_formatted":null,"upc":"192333077863","vto":{"is_color_experience":null,"is_foundation_experience":null}},{"color_family":null,"coverage_options":null,"cross_sell":null,"display_status":7,"finish":null,"finish_options":null,"fragrances":[{"family":null,"key":null,"value":null}],"iln_listing":"Ingredients: Dimethicone , Water\\Aqua\\Eau , Zinc Oxide , Peg-10 Dimethicone , Butylene Glycol , Vinyl Dimethicone/Methicone Silsesquioxane Crosspolymer , Phenyl Trimethicone , Isododecane , Butyloctyl Salicylate , Titanium Dioxide , Isodecyl Isononanoate , Lauryl Peg-9 Polydimethylsiloxyethyl Dimethicone , Alcohol Denat. , Dimethicone/Vinyl Dimethicone Crosspolymer , Hydrated Silica , Ascorbyl Glucoside , Tetrahexyldecyl Ascorbate , Magnesium Ascorbyl Phosphate , Sodium Hyaluronate , Tocopheryl Acetate , Laminaria Saccharina Extract , Polygala Senega Root Extract , Berberis Vulgaris Extract , Nymphaea Alba Root Extract , Camellia Sinensis Leaf Extract , Salvia Hispanica Seed Extract , Molasses Extract\\Saccharum Officinarum\\Extrait De Mélasse , Dimethoxytolyl Propylresorcinol , Caffeine , Niacinamide , Salicylic Acid , Linoleic Acid , Tocopherol , Lactoperoxidase , Glucose Oxidase , Lactobacillus Ferment , Glycyrrhetinic Acid , Cholesterol , Jojoba Esters , Glucose , Polysilicone-11 , Laureth-7 , Trimethylsiloxysilicate , Sorbitan Sesquioleate , Lecithin , Xanthan Gum , Silica , Caprylyl Glycol , Dimethicone/Peg-10/15 Crosspolymer , Disteardimonium Hectorite , Triethoxycaprylylsilane , Alumina , Propylene Carbonate , Dipropylene Glycol , Sodium Chloride , Sodium Hydroxide , Citric Acid , Potassium Phosphate , Tetrasodium Edta , Sodium Citrate , Potassium Sorbate , Phenoxyethanol ,  [+/- Mica , Titanium Dioxide (Ci 77891) , Iron Oxides (Ci 77491) , Iron Oxides (Ci 77492) , Iron Oxides (Ci 77499)] <ILN47716>","iln_version_number":"ILN47716","inventory_status":"Active","is_active":true,"is_coming_soon":null,"is_default_sku":false,"is_discountable":true,"is_displayable":null,"is_engravable":null,"is_fragrance":null,"is_giftable":null,"is_giftwrap":false,"is_inactive":null,"is_multi_shaded":null,"is_out_of_stock":null,"is_preorder":false,"is_preorderable":null,"is_promotional":null,"is_replenishable":false,"is_search_suppressed":null,"is_searchable":true,"is_shaded":null,"is_sized":null,"is_sold_out":null,"is_under_weight_hazmat":false,"is_vto_enabled":null,"life_of_product":"Limited life","material_code":"KY19410000","media":{"large":[{"alt":"YENİ | Even Better Clinical Serum Fondöten SPF 20","height":1200,"position":0,"src":"/media/export/cms/products/1200x1500/cl_sku_KY1941_1200x1500_0.png","type":"image","width":1500}],"medium":[{"alt":"YENİ | Even Better Clinical Serum Fondöten SPF 20","height":600,"position":1,"src":"/media/export/cms/products/600x750/cl_sku_KY1941_600x750_0.png","type":"image","width":750}],"model":null,"poster":null,"small":[{"alt":"YENİ | Even Better Clinical Serum Fondöten SPF 20","height":1200,"position":2,"src":"/media/export/cms/products/1200x1500/cl_sku_KY1941_1200x1500_0.png","type":"image","width":1500}],"smoosh":null,"xl":null},"out_of_stock_threshold":null,"perlgem":{"SKU_BASE_ID":127425},"preorder_date":null,"prices":[{"currency":"TRY","exclude_tax":{"original_price":370,"original_price_formatted":"370.00 TL","price":370,"price_formatted":"370.00 TL","price_per_unit":null,"price_per_unit_formatted":""},"include_tax":{"original_price":370,"original_price_formatted":"370.00 TL","price":370,"price_formatted":"370.00 TL","price_per_unit":null,"price_per_unit_formatted":""},"is_discounted":false}],"purchase_limit":null,"replenishment":{"message":null},"reviews":{"average_rating":null,"number_of_questions":null,"number_of_reviews":null},"set_components":null,"shade_groups":null,"shades":[{"description":"","hex_val":"","image":{"height":null,"src":"","width":null},"name":"WN 01 Flax (VF)","smoosh_design":{"group_id":null,"name":""}}],"sizes":[{"key":1,"value":null}],"skin":{"tone":null,"type":null,"type_description":null},"sku_badge":null,"sku_badge_image":null,"sku_display_order":0,"sku_id":"KY1941","sku_promo_messaging":null,"sku_type":"SE","sku_url":null,"tags":{"total":2,"items":[{"id":"1590","key":"i̇ndi̇ri̇mli̇-ürünler","value":"İNDİRİMLİ ÜRÜNLER"},{"id":"1599","key":"fondöten","value":"FONDÖTEN"}]},"texture":null,"undertone":null,"unit_of_measure":null,"unit_size":null,"unit_size_formatted":null,"upc":"192333078235","vto":{"is_color_experience":null,"is_foundation_experience":null}},{"color_family":null,"coverage_options":null,"cross_sell":null,"display_status":7,"finish":null,"finish_options":null,"fragrances":[{"family":null,"key":null,"value":null}],"iln_listing":"Ingredients: Dimethicone , Water\\Aqua\\Eau , Zinc Oxide , Peg-10 Dimethicone , Butylene Glycol , Vinyl Dimethicone/Methicone Silsesquioxane Crosspolymer , Phenyl Trimethicone , Isododecane , Butyloctyl Salicylate , Titanium Dioxide , Isodecyl Isononanoate , Lauryl Peg-9 Polydimethylsiloxyethyl Dimethicone , Alcohol Denat. , Dimethicone/Vinyl Dimethicone Crosspolymer , Hydrated Silica , Ascorbyl Glucoside , Tetrahexyldecyl Ascorbate , Magnesium Ascorbyl Phosphate , Sodium Hyaluronate , Tocopheryl Acetate , Laminaria Saccharina Extract , Polygala Senega Root Extract , Berberis Vulgaris Extract , Nymphaea Alba Root Extract , Camellia Sinensis Leaf Extract , Salvia Hispanica Seed Extract , Molasses Extract\\Saccharum Officinarum\\Extrait De Mélasse , Dimethoxytolyl Propylresorcinol , Caffeine , Niacinamide , Salicylic Acid , Linoleic Acid , Tocopherol , Lactoperoxidase , Glucose Oxidase , Lactobacillus Ferment , Glycyrrhetinic Acid , Cholesterol , Jojoba Esters , Glucose , Polysilicone-11 , Laureth-7 , Trimethylsiloxysilicate , Sorbitan Sesquioleate , Lecithin , Xanthan Gum , Silica , Caprylyl Glycol , Dimethicone/Peg-10/15 Crosspolymer , Disteardimonium Hectorite , Triethoxycaprylylsilane , Alumina , Propylene Carbonate , Dipropylene Glycol , Sodium Chloride , Sodium Hydroxide , Citric Acid , Potassium Phosphate , Tetrasodium Edta , Sodium Citrate , Potassium Sorbate , Phenoxyethanol ,  [+/- Mica , Titanium Dioxide (Ci 77891) , Iron Oxides (Ci 77491) , Iron Oxides (Ci 77492) , Iron Oxides (Ci 77499)] <ILN47716>","iln_version_number":"ILN47716","inventory_status":"Sold Out","is_active":null,"is_coming_soon":null,"is_default_sku":false,"is_discountable":true,"is_displayable":null,"is_engravable":null,"is_fragrance":null,"is_giftable":null,"is_giftwrap":false,"is_inactive":null,"is_multi_shaded":null,"is_out_of_stock":null,"is_preorder":false,"is_preorderable":null,"is_promotional":null,"is_replenishable":false,"is_search_suppressed":null,"is_searchable":true,"is_shaded":null,"is_sized":null,"is_sold_out":true,"is_under_weight_hazmat":false,"is_vto_enabled":null,"life_of_product":"Limited life","material_code":"KY19420000","media":{"large":[{"alt":"YENİ | Even Better Clinical Serum Fondöten SPF 20","height":1200,"position":0,"src":"/media/export/cms/products/1200x1500/cl_sku_KY1942_1200x1500_0.png","type":"image","width":1500}],"medium":[{"alt":"YENİ | Even Better Clinical Serum Fondöten SPF 20","height":600,"position":1,"src":"/media/export/cms/products/600x750/cl_sku_KY1942_600x750_0.png","type":"image","width":750}],"model":null,"poster":null,"small":[{"alt":"YENİ | Even Better Clinical Serum Fondöten SPF 20","height":1200,"position":2,"src":"/media/export/cms/products/1200x1500/cl_sku_KY1942_1200x1500_0.png","type":"image","width":1500}],"smoosh":null,"xl":null},"out_of_stock_threshold":null,"perlgem":{"SKU_BASE_ID":128564},"preorder_date":null,"prices":[{"currency":"TRY","exclude_tax":{"original_price":370,"original_price_formatted":"370.00 TL","price":370,"price_formatted":"370.00 TL","price_per_unit":null,"price_per_unit_formatted":""},"include_tax":{"original_price":370,"original_price_formatted":"370.00 TL","price":370,"price_formatted":"370.00 TL","price_per_unit":null,"price_per_unit_formatted":""},"is_discounted":false}],"purchase_limit":null,"replenishment":{"message":null},"reviews":{"average_rating":null,"number_of_questions":null,"number_of_reviews":null},"set_components":null,"shade_groups":null,"shades":[{"description":"","hex_val":"#efcfbc","image":{"height":null,"src":"","width":null},"name":"CN 02 Breeze (VF)","smoosh_design":{"group_id":null,"name":""}}],"sizes":[{"key":1,"value":null}],"skin":{"tone":null,"type":null,"type_description":null},"sku_badge":null,"sku_badge_image":null,"sku_display_order":0,"sku_id":"KY1942","sku_promo_messaging":null,"sku_type":"SE","sku_url":null,"tags":{"total":2,"items":[{"id":"1590","key":"i̇ndi̇ri̇mli̇-ürünler","value":"İNDİRİMLİ ÜRÜNLER"},{"id":"1599","key":"fondöten","value":"FONDÖTEN"}]},"texture":null,"undertone":null,"unit_of_measure":null,"unit_size":null,"unit_size_formatted":null,"upc":"192333078242","vto":{"is_color_experience":null,"is_foundation_experience":null}},{"color_family":null,"coverage_options":null,"cross_sell":null,"display_status":7,"finish":null,"finish_options":null,"fragrances":[{"family":null,"key":null,"value":null}],"iln_listing":"Ingredients: Dimethicone , Water\\Aqua\\Eau , Zinc Oxide , Peg-10 Dimethicone , Butylene Glycol , Vinyl Dimethicone/Methicone Silsesquioxane Crosspolymer , Phenyl Trimethicone , Isododecane , Butyloctyl Salicylate , Titanium Dioxide , Isodecyl Isononanoate , Lauryl Peg-9 Polydimethylsiloxyethyl Dimethicone , Alcohol Denat. , Dimethicone/Vinyl Dimethicone Crosspolymer , Hydrated Silica , Ascorbyl Glucoside , Tetrahexyldecyl Ascorbate , Magnesium Ascorbyl Phosphate , Sodium Hyaluronate , Tocopheryl Acetate , Laminaria Saccharina Extract , Polygala Senega Root Extract , Berberis Vulgaris Extract , Nymphaea Alba Root Extract , Camellia Sinensis Leaf Extract , Salvia Hispanica Seed Extract , Molasses Extract\\Saccharum Officinarum\\Extrait De Mélasse , Dimethoxytolyl Propylresorcinol , Caffeine , Niacinamide , Salicylic Acid , Linoleic Acid , Tocopherol , Lactoperoxidase , Glucose Oxidase , Lactobacillus Ferment , Glycyrrhetinic Acid , Cholesterol , Jojoba Esters , Glucose , Polysilicone-11 , Laureth-7 , Trimethylsiloxysilicate , Sorbitan Sesquioleate , Lecithin , Xanthan Gum , Silica , Caprylyl Glycol , Dimethicone/Peg-10/15 Crosspolymer , Disteardimonium Hectorite , Triethoxycaprylylsilane , Alumina , Propylene Carbonate , Dipropylene Glycol , Sodium Chloride , Sodium Hydroxide , Citric Acid , Potassium Phosphate , Tetrasodium Edta , Sodium Citrate , Potassium Sorbate , Phenoxyethanol ,  [+/- Mica , Titanium Dioxide (Ci 77891) , Iron Oxides (Ci 77491) , Iron Oxides (Ci 77492) , Iron Oxides (Ci 77499)] <ILN47716>","iln_version_number":"ILN47716","inventory_status":"Sold Out","is_active":null,"is_coming_soon":null,"is_default_sku":false,"is_discountable":true,"is_displayable":null,"is_engravable":null,"is_fragrance":null,"is_giftable":null,"is_giftwrap":false,"is_inactive":null,"is_multi_shaded":null,"is_out_of_stock":null,"is_preorder":false,"is_preorderable":null,"is_promotional":null,"is_replenishable":false,"is_search_suppressed":null,"is_searchable":true,"is_shaded":null,"is_sized":null,"is_sold_out":true,"is_under_weight_hazmat":false,"is_vto_enabled":null,"life_of_product":"Limited life","material_code":"KY19240000","media":{"large":[{"alt":"YENİ | Even Better Clinical Serum Fondöten SPF 20","height":1200,"position":0,"src":"/media/export/cms/products/1200x1500/cl_sku_KY1924_1200x1500_0.png","type":"image","width":1500}],"medium":[{"alt":"YENİ | Even Better Clinical Serum Fondöten SPF 20","height":600,"position":1,"src":"/media/export/cms/products/600x750/cl_sku_KY1924_600x750_0.png","type":"image","width":750}],"model":null,"poster":null,"small":[{"alt":"YENİ | Even Better Clinical Serum Fondöten SPF 20","height":1200,"position":2,"src":"/media/export/cms/products/1200x1500/cl_sku_KY1924_1200x1500_0.png","type":"image","width":1500}],"smoosh":null,"xl":null},"out_of_stock_threshold":null,"perlgem":{"SKU_BASE_ID":128566},"preorder_date":null,"prices":[{"currency":"TRY","exclude_tax":{"original_price":370,"original_price_formatted":"370.00 TL","price":370,"price_formatted":"370.00 TL","price_per_unit":null,"price_per_unit_formatted":""},"include_tax":{"original_price":370,"original_price_formatted":"370.00 TL","price":370,"price_formatted":"370.00 TL","price_per_unit":null,"price_per_unit_formatted":""},"is_discounted":false}],"purchase_limit":null,"replenishment":{"message":null},"reviews":{"average_rating":null,"number_of_questions":null,"number_of_reviews":null},"set_components":null,"shade_groups":null,"shades":[{"description":"","hex_val":"#f3d6bf","image":{"height":null,"src":"","width":null},"name":"CN 08 Linen (VF)","smoosh_design":{"group_id":null,"name":""}}],"sizes":[{"key":1,"value":null}],"skin":{"tone":null,"type":null,"type_description":null},"sku_badge":null,"sku_badge_image":null,"sku_display_order":0,"sku_id":"KY1924","sku_promo_messaging":null,"sku_type":"SE","sku_url":null,"tags":{"total":1,"items":[{"id":"1599","key":"fondöten","value":"FONDÖTEN"}]},"texture":null,"undertone":null,"unit_of_measure":null,"unit_size":null,"unit_size_formatted":null,"upc":"192333078068","vto":{"is_color_experience":null,"is_foundation_experience":null}},{"color_family":null,"coverage_options":null,"cross_sell":null,"display_status":7,"finish":null,"finish_options":null,"fragrances":[{"family":null,"key":null,"value":null}],"iln_listing":"Ingredients: Dimethicone , Water\\Aqua\\Eau , Zinc Oxide , Peg-10 Dimethicone , Butylene Glycol , Vinyl Dimethicone/Methicone Silsesquioxane Crosspolymer , Phenyl Trimethicone , Isododecane , Butyloctyl Salicylate , Titanium Dioxide , Isodecyl Isononanoate , Lauryl Peg-9 Polydimethylsiloxyethyl Dimethicone , Alcohol Denat. , Dimethicone/Vinyl Dimethicone Crosspolymer , Hydrated Silica , Ascorbyl Glucoside , Tetrahexyldecyl Ascorbate , Magnesium Ascorbyl Phosphate , Sodium Hyaluronate , Tocopheryl Acetate , Laminaria Saccharina Extract , Polygala Senega Root Extract , Berberis Vulgaris Extract , Nymphaea Alba Root Extract , Camellia Sinensis Leaf Extract , Salvia Hispanica Seed Extract , Molasses Extract\\Saccharum Officinarum\\Extrait De Mélasse , Dimethoxytolyl Propylresorcinol , Caffeine , Niacinamide , Salicylic Acid , Linoleic Acid , Tocopherol , Lactoperoxidase , Glucose Oxidase , Lactobacillus Ferment , Glycyrrhetinic Acid , Cholesterol , Jojoba Esters , Glucose , Polysilicone-11 , Laureth-7 , Trimethylsiloxysilicate , Sorbitan Sesquioleate , Lecithin , Xanthan Gum , Silica , Caprylyl Glycol , Dimethicone/Peg-10/15 Crosspolymer , Disteardimonium Hectorite , Triethoxycaprylylsilane , Alumina , Propylene Carbonate , Dipropylene Glycol , Sodium Chloride , Sodium Hydroxide , Citric Acid , Potassium Phosphate , Tetrasodium Edta , Sodium Citrate , Potassium Sorbate , Phenoxyethanol ,  [+/- Mica , Titanium Dioxide (Ci 77891) , Iron Oxides (Ci 77491) , Iron Oxides (Ci 77492) , Iron Oxides (Ci 77499)] <ILN47716>","iln_version_number":"ILN47716","inventory_status":"Active","is_active":true,"is_coming_soon":null,"is_default_sku":false,"is_discountable":true,"is_displayable":null,"is_engravable":null,"is_fragrance":null,"is_giftable":null,"is_giftwrap":false,"is_inactive":null,"is_multi_shaded":null,"is_out_of_stock":null,"is_preorder":false,"is_preorderable":null,"is_promotional":null,"is_replenishable":false,"is_search_suppressed":null,"is_searchable":true,"is_shaded":null,"is_sized":null,"is_sold_out":null,"is_under_weight_hazmat":false,"is_vto_enabled":null,"life_of_product":"Limited life","material_code":"KY19070000","media":{"large":[{"alt":"YENİ | Even Better Clinical Serum Fondöten SPF 20","height":1200,"position":0,"src":"/media/export/cms/products/1200x1500/cl_sku_KY1907_1200x1500_0.png","type":"image","width":1500}],"medium":[{"alt":"YENİ | Even Better Clinical Serum Fondöten SPF 20","height":600,"position":1,"src":"/media/export/cms/products/600x750/cl_sku_KY1907_600x750_0.png","type":"image","width":750}],"model":null,"poster":null,"small":[{"alt":"YENİ | Even Better Clinical Serum Fondöten SPF 20","height":1200,"position":2,"src":"/media/export/cms/products/1200x1500/cl_sku_KY1907_1200x1500_0.png","type":"image","width":1500}],"smoosh":null,"xl":null},"out_of_stock_threshold":null,"perlgem":{"SKU_BASE_ID":128586},"preorder_date":null,"prices":[{"currency":"TRY","exclude_tax":{"original_price":370,"original_price_formatted":"370.00 TL","price":370,"price_formatted":"370.00 TL","price_per_unit":null,"price_per_unit_formatted":""},"include_tax":{"original_price":370,"original_price_formatted":"370.00 TL","price":370,"price_formatted":"370.00 TL","price_per_unit":null,"price_per_unit_formatted":""},"is_discounted":false}],"purchase_limit":null,"replenishment":{"message":null},"reviews":{"average_rating":null,"number_of_questions":null,"number_of_reviews":null},"set_components":null,"shade_groups":null,"shades":[{"description":"","hex_val":"#d8a884","image":{"height":null,"src":"","width":null},"name":"CN 70 Vanilla (MF)","smoosh_design":{"group_id":null,"name":""}}],"sizes":[{"key":1,"value":null}],"skin":{"tone":null,"type":null,"type_description":null},"sku_badge":null,"sku_badge_image":null,"sku_display_order":0,"sku_id":"KY1907","sku_promo_messaging":null,"sku_type":"SE","sku_url":null,"tags":{"total":2,"items":[{"id":"1590","key":"i̇ndi̇ri̇mli̇-ürünler","value":"İNDİRİMLİ ÜRÜNLER"},{"id":"1599","key":"fondöten","value":"FONDÖTEN"}]},"texture":null,"undertone":null,"unit_of_measure":null,"unit_size":null,"unit_size_formatted":null,"upc":"192333077894","vto":{"is_color_experience":null,"is_foundation_experience":null}},{"color_family":null,"coverage_options":null,"cross_sell":null,"display_status":7,"finish":null,"finish_options":null,"fragrances":[{"family":null,"key":null,"value":null}],"iln_listing":"Ingredients: Dimethicone , Water\\Aqua\\Eau , Zinc Oxide , Peg-10 Dimethicone , Butylene Glycol , Vinyl Dimethicone/Methicone Silsesquioxane Crosspolymer , Phenyl Trimethicone , Isododecane , Butyloctyl Salicylate , Titanium Dioxide , Isodecyl Isononanoate , Lauryl Peg-9 Polydimethylsiloxyethyl Dimethicone , Alcohol Denat. , Dimethicone/Vinyl Dimethicone Crosspolymer , Hydrated Silica , Ascorbyl Glucoside , Tetrahexyldecyl Ascorbate , Magnesium Ascorbyl Phosphate , Sodium Hyaluronate , Tocopheryl Acetate , Laminaria Saccharina Extract , Polygala Senega Root Extract , Berberis Vulgaris Extract , Nymphaea Alba Root Extract , Camellia Sinensis Leaf Extract , Salvia Hispanica Seed Extract , Molasses Extract\\Saccharum Officinarum\\Extrait De Mélasse , Dimethoxytolyl Propylresorcinol , Caffeine , Niacinamide , Salicylic Acid , Linoleic Acid , Tocopherol , Lactoperoxidase , Glucose Oxidase , Lactobacillus Ferment , Glycyrrhetinic Acid , Cholesterol , Jojoba Esters , Glucose , Polysilicone-11 , Laureth-7 , Trimethylsiloxysilicate , Sorbitan Sesquioleate , Lecithin , Xanthan Gum , Silica , Caprylyl Glycol , Dimethicone/Peg-10/15 Crosspolymer , Disteardimonium Hectorite , Triethoxycaprylylsilane , Alumina , Propylene Carbonate , Dipropylene Glycol , Sodium Chloride , Sodium Hydroxide , Citric Acid , Potassium Phosphate , Tetrasodium Edta , Sodium Citrate , Potassium Sorbate , Phenoxyethanol ,  [+/- Mica , Titanium Dioxide (Ci 77891) , Iron Oxides (Ci 77491) , Iron Oxides (Ci 77492) , Iron Oxides (Ci 77499)] <ILN47716>","iln_version_number":"ILN47716","inventory_status":"Sold Out","is_active":null,"is_coming_soon":null,"is_default_sku":true,"is_discountable":true,"is_displayable":null,"is_engravable":null,"is_fragrance":null,"is_giftable":null,"is_giftwrap":false,"is_inactive":null,"is_multi_shaded":null,"is_out_of_stock":null,"is_preorder":false,"is_preorderable":null,"is_promotional":null,"is_replenishable":false,"is_search_suppressed":null,"is_searchable":true,"is_shaded":null,"is_sized":null,"is_sold_out":true,"is_under_weight_hazmat":false,"is_vto_enabled":null,"life_of_product":"Limited life","material_code":"KY19020000","media":{"large":[{"alt":"YENİ | Even Better Clinical Serum Fondöten SPF 20","height":1200,"position":0,"src":"/media/export/cms/products/1200x1500/cl_sku_KY1902_1200x1500_0.png","type":"image","width":1500}],"medium":[{"alt":"YENİ | Even Better Clinical Serum Fondöten SPF 20","height":600,"position":1,"src":"/media/export/cms/products/600x750/cl_sku_KY1902_600x750_0.png","type":"image","width":750}],"model":null,"poster":null,"small":[{"alt":"YENİ | Even Better Clinical Serum Fondöten SPF 20","height":1200,"position":2,"src":"/media/export/cms/products/1200x1500/cl_sku_KY1902_1200x1500_0.png","type":"image","width":1500}],"smoosh":null,"xl":null},"out_of_stock_threshold":null,"perlgem":{"SKU_BASE_ID":128573},"preorder_date":null,"prices":[{"currency":"TRY","exclude_tax":{"original_price":370,"original_price_formatted":"370.00 TL","price":370,"price_formatted":"370.00 TL","price_per_unit":null,"price_per_unit_formatted":""},"include_tax":{"original_price":370,"original_price_formatted":"370.00 TL","price":370,"price_formatted":"370.00 TL","price_per_unit":null,"price_per_unit_formatted":""},"is_discounted":false}],"purchase_limit":null,"replenishment":{"message":null},"reviews":{"average_rating":null,"number_of_questions":null,"number_of_reviews":null},"set_components":null,"shade_groups":null,"shades":[{"description":"","hex_val":"","image":{"height":null,"src":"","width":null},"name":"CN 20 Fair (VF)","smoosh_design":{"group_id":null,"name":""}}],"sizes":[{"key":1,"value":null}],"skin":{"tone":null,"type":null,"type_description":null},"sku_badge":null,"sku_badge_image":null,"sku_display_order":0,"sku_id":"KY1902","sku_promo_messaging":null,"sku_type":"SE","sku_url":null,"tags":{"total":2,"items":[{"id":"1590","key":"i̇ndi̇ri̇mli̇-ürünler","value":"İNDİRİMLİ ÜRÜNLER"},{"id":"1599","key":"fondöten","value":"FONDÖTEN"}]},"texture":null,"undertone":null,"unit_of_measure":null,"unit_size":null,"unit_size_formatted":null,"upc":"192333077849","vto":{"is_color_experience":null,"is_foundation_experience":null}},{"color_family":null,"coverage_options":null,"cross_sell":null,"display_status":7,"finish":null,"finish_options":null,"fragrances":[{"family":null,"key":null,"value":null}],"iln_listing":"Ingredients: Dimethicone , Water\\Aqua\\Eau , Zinc Oxide , Peg-10 Dimethicone , Butylene Glycol , Vinyl Dimethicone/Methicone Silsesquioxane Crosspolymer , Phenyl Trimethicone , Isododecane , Butyloctyl Salicylate , Titanium Dioxide , Isodecyl Isononanoate , Lauryl Peg-9 Polydimethylsiloxyethyl Dimethicone , Alcohol Denat. , Dimethicone/Vinyl Dimethicone Crosspolymer , Hydrated Silica , Ascorbyl Glucoside , Tetrahexyldecyl Ascorbate , Magnesium Ascorbyl Phosphate , Sodium Hyaluronate , Tocopheryl Acetate , Laminaria Saccharina Extract , Polygala Senega Root Extract , Berberis Vulgaris Extract , Nymphaea Alba Root Extract , Camellia Sinensis Leaf Extract , Salvia Hispanica Seed Extract , Molasses Extract\\Saccharum Officinarum\\Extrait De Mélasse , Dimethoxytolyl Propylresorcinol , Caffeine , Niacinamide , Salicylic Acid , Linoleic Acid , Tocopherol , Lactoperoxidase , Glucose Oxidase , Lactobacillus Ferment , Glycyrrhetinic Acid , Cholesterol , Jojoba Esters , Glucose , Polysilicone-11 , Laureth-7 , Trimethylsiloxysilicate , Sorbitan Sesquioleate , Lecithin , Xanthan Gum , Silica , Caprylyl Glycol , Dimethicone/Peg-10/15 Crosspolymer , Disteardimonium Hectorite , Triethoxycaprylylsilane , Alumina , Propylene Carbonate , Dipropylene Glycol , Sodium Chloride , Sodium Hydroxide , Citric Acid , Potassium Phosphate , Tetrasodium Edta , Sodium Citrate , Potassium Sorbate , Phenoxyethanol ,  [+/- Mica , Titanium Dioxide (Ci 77891) , Iron Oxides (Ci 77491) , Iron Oxides (Ci 77492) , Iron Oxides (Ci 77499)] <ILN47716>","iln_version_number":"ILN47716","inventory_status":"Active","is_active":true,"is_coming_soon":null,"is_default_sku":false,"is_discountable":true,"is_displayable":null,"is_engravable":null,"is_fragrance":null,"is_giftable":null,"is_giftwrap":false,"is_inactive":null,"is_multi_shaded":null,"is_out_of_stock":null,"is_preorder":false,"is_preorderable":null,"is_promotional":null,"is_replenishable":false,"is_search_suppressed":null,"is_searchable":true,"is_shaded":null,"is_sized":null,"is_sold_out":null,"is_under_weight_hazmat":false,"is_vto_enabled":null,"life_of_product":"Limited life","material_code":"KY19310000","media":{"large":[{"alt":"YENİ | Even Better Clinical Serum Fondöten SPF 20","height":1200,"position":0,"src":"/media/export/cms/products/1200x1500/cl_sku_KY1931_1200x1500_0.png","type":"image","width":1500}],"medium":[{"alt":"YENİ | Even Better Clinical Serum Fondöten SPF 20","height":600,"position":1,"src":"/media/export/cms/products/600x750/cl_sku_KY1931_600x750_0.png","type":"image","width":750}],"model":null,"poster":null,"small":[{"alt":"YENİ | Even Better Clinical Serum Fondöten SPF 20","height":1200,"position":2,"src":"/media/export/cms/products/1200x1500/cl_sku_KY1931_1200x1500_0.png","type":"image","width":1500}],"smoosh":null,"xl":null},"out_of_stock_threshold":null,"perlgem":{"SKU_BASE_ID":128599},"preorder_date":null,"prices":[{"currency":"TRY","exclude_tax":{"original_price":370,"original_price_formatted":"370.00 TL","price":370,"price_formatted":"370.00 TL","price_per_unit":null,"price_per_unit_formatted":""},"include_tax":{"original_price":370,"original_price_formatted":"370.00 TL","price":370,"price_formatted":"370.00 TL","price_per_unit":null,"price_per_unit_formatted":""},"is_discounted":false}],"purchase_limit":null,"replenishment":{"message":null},"reviews":{"average_rating":null,"number_of_questions":null,"number_of_reviews":null},"set_components":null,"shade_groups":null,"shades":[{"description":"","hex_val":"#b97e4f","image":{"height":null,"src":"","width":null},"name":"CN 116 Spice (D)","smoosh_design":{"group_id":null,"name":""}}],"sizes":[{"key":1,"value":null}],"skin":{"tone":null,"type":null,"type_description":null},"sku_badge":null,"sku_badge_image":null,"sku_display_order":0,"sku_id":"KY1931","sku_promo_messaging":null,"sku_type":"SE","sku_url":null,"tags":{"total":2,"items":[{"id":"1590","key":"i̇ndi̇ri̇mli̇-ürünler","value":"İNDİRİMLİ ÜRÜNLER"},{"id":"1599","key":"fondöten","value":"FONDÖTEN"}]},"texture":null,"undertone":null,"unit_of_measure":null,"unit_size":null,"unit_size_formatted":null,"upc":"192333078136","vto":{"is_color_experience":null,"is_foundation_experience":null}},{"color_family":null,"coverage_options":null,"cross_sell":null,"display_status":7,"finish":null,"finish_options":null,"fragrances":[{"family":null,"key":null,"value":null}],"iln_listing":"Ingredients: Dimethicone , Water\\Aqua\\Eau , Zinc Oxide , Peg-10 Dimethicone , Butylene Glycol , Vinyl Dimethicone/Methicone Silsesquioxane Crosspolymer , Phenyl Trimethicone , Isododecane , Butyloctyl Salicylate , Titanium Dioxide , Isodecyl Isononanoate , Lauryl Peg-9 Polydimethylsiloxyethyl Dimethicone , Alcohol Denat. , Dimethicone/Vinyl Dimethicone Crosspolymer , Hydrated Silica , Ascorbyl Glucoside , Tetrahexyldecyl Ascorbate , Magnesium Ascorbyl Phosphate , Sodium Hyaluronate , Tocopheryl Acetate , Laminaria Saccharina Extract , Polygala Senega Root Extract , Berberis Vulgaris Extract , Nymphaea Alba Root Extract , Camellia Sinensis Leaf Extract , Salvia Hispanica Seed Extract , Molasses Extract\\Saccharum Officinarum\\Extrait De Mélasse , Dimethoxytolyl Propylresorcinol , Caffeine , Niacinamide , Salicylic Acid , Linoleic Acid , Tocopherol , Lactoperoxidase , Glucose Oxidase , Lactobacillus Ferment , Glycyrrhetinic Acid , Cholesterol , Jojoba Esters , Glucose , Polysilicone-11 , Laureth-7 , Trimethylsiloxysilicate , Sorbitan Sesquioleate , Lecithin , Xanthan Gum , Silica , Caprylyl Glycol , Dimethicone/Peg-10/15 Crosspolymer , Disteardimonium Hectorite , Triethoxycaprylylsilane , Alumina , Propylene Carbonate , Dipropylene Glycol , Sodium Chloride , Sodium Hydroxide , Citric Acid , Potassium Phosphate , Tetrasodium Edta , Sodium Citrate , Potassium Sorbate , Phenoxyethanol ,  [+/- Mica , Titanium Dioxide (Ci 77891) , Iron Oxides (Ci 77491) , Iron Oxides (Ci 77492) , Iron Oxides (Ci 77499)] <ILN47716>","iln_version_number":"ILN47716","inventory_status":"Active","is_active":true,"is_coming_soon":null,"is_default_sku":false,"is_discountable":true,"is_displayable":null,"is_engravable":null,"is_fragrance":null,"is_giftable":null,"is_giftwrap":false,"is_inactive":null,"is_multi_shaded":null,"is_out_of_stock":null,"is_preorder":false,"is_preorderable":null,"is_promotional":null,"is_replenishable":false,"is_search_suppressed":null,"is_searchable":true,"is_shaded":null,"is_sized":null,"is_sold_out":null,"is_under_weight_hazmat":false,"is_vto_enabled":null,"life_of_product":"Limited life","material_code":"KY19100000","media":{"large":[{"alt":"YENİ | Even Better Clinical Serum Fondöten SPF 20","height":1200,"position":0,"src":"/media/export/cms/products/1200x1500/cl_sku_KY1910_1200x1500_0.png","type":"image","width":1500}],"medium":[{"alt":"YENİ | Even Better Clinical Serum Fondöten SPF 20","height":600,"position":1,"src":"/media/export/cms/products/600x750/cl_sku_KY1910_600x750_0.png","type":"image","width":750}],"model":null,"poster":null,"small":[{"alt":"YENİ | Even Better Clinical Serum Fondöten SPF 20","height":1200,"position":2,"src":"/media/export/cms/products/1200x1500/cl_sku_KY1910_1200x1500_0.png","type":"image","width":1500}],"smoosh":null,"xl":null},"out_of_stock_threshold":null,"perlgem":{"SKU_BASE_ID":128597},"preorder_date":null,"prices":[{"currency":"TRY","exclude_tax":{"original_price":370,"original_price_formatted":"370.00 TL","price":370,"price_formatted":"370.00 TL","price_per_unit":null,"price_per_unit_formatted":""},"include_tax":{"original_price":370,"original_price_formatted":"370.00 TL","price":370,"price_formatted":"370.00 TL","price_per_unit":null,"price_per_unit_formatted":""},"is_discounted":false}],"purchase_limit":null,"replenishment":{"message":null},"reviews":{"average_rating":null,"number_of_questions":null,"number_of_reviews":null},"set_components":null,"shade_groups":null,"shades":[{"description":"","hex_val":"#b47640","image":{"height":null,"src":"","width":null},"name":"WN 114 Golden (D)","smoosh_design":{"group_id":null,"name":""}}],"sizes":[{"key":1,"value":null}],"skin":{"tone":null,"type":null,"type_description":null},"sku_badge":null,"sku_badge_image":null,"sku_display_order":0,"sku_id":"KY1910","sku_promo_messaging":null,"sku_type":"SE","sku_url":null,"tags":{"total":2,"items":[{"id":"1590","key":"i̇ndi̇ri̇mli̇-ürünler","value":"İNDİRİMLİ ÜRÜNLER"},{"id":"1599","key":"fondöten","value":"FONDÖTEN"}]},"texture":null,"undertone":null,"unit_of_measure":null,"unit_size":null,"unit_size_formatted":null,"upc":"192333077924","vto":{"is_color_experience":null,"is_foundation_experience":null}},{"color_family":null,"coverage_options":null,"cross_sell":null,"display_status":7,"finish":null,"finish_options":null,"fragrances":[{"family":null,"key":null,"value":null}],"iln_listing":"Ingredients: Dimethicone , Water\\Aqua\\Eau , Zinc Oxide , Peg-10 Dimethicone , Butylene Glycol , Vinyl Dimethicone/Methicone Silsesquioxane Crosspolymer , Phenyl Trimethicone , Isododecane , Butyloctyl Salicylate , Titanium Dioxide , Isodecyl Isononanoate , Lauryl Peg-9 Polydimethylsiloxyethyl Dimethicone , Alcohol Denat. , Dimethicone/Vinyl Dimethicone Crosspolymer , Hydrated Silica , Ascorbyl Glucoside , Tetrahexyldecyl Ascorbate , Magnesium Ascorbyl Phosphate , Sodium Hyaluronate , Tocopheryl Acetate , Laminaria Saccharina Extract , Polygala Senega Root Extract , Berberis Vulgaris Extract , Nymphaea Alba Root Extract , Camellia Sinensis Leaf Extract , Salvia Hispanica Seed Extract , Molasses Extract\\Saccharum Officinarum\\Extrait De Mélasse , Dimethoxytolyl Propylresorcinol , Caffeine , Niacinamide , Salicylic Acid , Linoleic Acid , Tocopherol , Lactoperoxidase , Glucose Oxidase , Lactobacillus Ferment , Glycyrrhetinic Acid , Cholesterol , Jojoba Esters , Glucose , Polysilicone-11 , Laureth-7 , Trimethylsiloxysilicate , Sorbitan Sesquioleate , Lecithin , Xanthan Gum , Silica , Caprylyl Glycol , Dimethicone/Peg-10/15 Crosspolymer , Disteardimonium Hectorite , Triethoxycaprylylsilane , Alumina , Propylene Carbonate , Dipropylene Glycol , Sodium Chloride , Sodium Hydroxide , Citric Acid , Potassium Phosphate , Tetrasodium Edta , Sodium Citrate , Potassium Sorbate , Phenoxyethanol ,  [+/- Mica , Titanium Dioxide (Ci 77891) , Iron Oxides (Ci 77491) , Iron Oxides (Ci 77492) , Iron Oxides (Ci 77499)] <ILN47716>","iln_version_number":"ILN47716","inventory_status":"Active","is_active":true,"is_coming_soon":null,"is_default_sku":false,"is_discountable":true,"is_displayable":null,"is_engravable":null,"is_fragrance":null,"is_giftable":null,"is_giftwrap":false,"is_inactive":null,"is_multi_shaded":null,"is_out_of_stock":null,"is_preorder":false,"is_preorderable":null,"is_promotional":null,"is_replenishable":false,"is_search_suppressed":null,"is_searchable":true,"is_shaded":null,"is_sized":null,"is_sold_out":null,"is_under_weight_hazmat":false,"is_vto_enabled":null,"life_of_product":"Limited life","material_code":"KY19440000","media":{"large":[{"alt":"YENİ | Even Better Clinical Serum Fondöten SPF 20","height":1200,"position":0,"src":"/media/export/cms/products/1200x1500/cl_sku_KY1944_1200x1500_0.png","type":"image","width":1500}],"medium":[{"alt":"YENİ | Even Better Clinical Serum Fondöten SPF 20","height":600,"position":1,"src":"/media/export/cms/products/600x750/cl_sku_KY1944_600x750_0.png","type":"image","width":750}],"model":null,"poster":null,"small":[{"alt":"YENİ | Even Better Clinical Serum Fondöten SPF 20","height":1200,"position":2,"src":"/media/export/cms/products/1200x1500/cl_sku_KY1944_1200x1500_0.png","type":"image","width":1500}],"smoosh":null,"xl":null},"out_of_stock_threshold":null,"perlgem":{"SKU_BASE_ID":128569},"preorder_date":null,"prices":[{"currency":"TRY","exclude_tax":{"original_price":370,"original_price_formatted":"370.00 TL","price":370,"price_formatted":"370.00 TL","price_per_unit":null,"price_per_unit_formatted":""},"include_tax":{"original_price":370,"original_price_formatted":"370.00 TL","price":370,"price_formatted":"370.00 TL","price_per_unit":null,"price_per_unit_formatted":""},"is_discounted":false}],"purchase_limit":null,"replenishment":{"message":null},"reviews":{"average_rating":null,"number_of_questions":null,"number_of_reviews":null},"set_components":null,"shade_groups":null,"shades":[{"description":"","hex_val":"#e5b88d","image":{"height":null,"src":"","width":null},"name":"WN 12 Meringue (VF)","smoosh_design":{"group_id":null,"name":""}}],"sizes":[{"key":1,"value":null}],"skin":{"tone":null,"type":null,"type_description":null},"sku_badge":null,"sku_badge_image":null,"sku_display_order":0,"sku_id":"KY1944","sku_promo_messaging":null,"sku_type":"SE","sku_url":null,"tags":{"total":2,"items":[{"id":"1590","key":"i̇ndi̇ri̇mli̇-ürünler","value":"İNDİRİMLİ ÜRÜNLER"},{"id":"1599","key":"fondöten","value":"FONDÖTEN"}]},"texture":null,"undertone":null,"unit_of_measure":null,"unit_size":null,"unit_size_formatted":null,"upc":"192333078266","vto":{"is_color_experience":null,"is_foundation_experience":null}},{"color_family":null,"coverage_options":null,"cross_sell":null,"display_status":7,"finish":null,"finish_options":null,"fragrances":[{"family":null,"key":null,"value":null}],"iln_listing":"Ingredients: Dimethicone , Water\\Aqua\\Eau , Zinc Oxide , Peg-10 Dimethicone , Butylene Glycol , Vinyl Dimethicone/Methicone Silsesquioxane Crosspolymer , Phenyl Trimethicone , Isododecane , Butyloctyl Salicylate , Titanium Dioxide , Isodecyl Isononanoate , Lauryl Peg-9 Polydimethylsiloxyethyl Dimethicone , Alcohol Denat. , Dimethicone/Vinyl Dimethicone Crosspolymer , Hydrated Silica , Ascorbyl Glucoside , Tetrahexyldecyl Ascorbate , Magnesium Ascorbyl Phosphate , Sodium Hyaluronate , Tocopheryl Acetate , Laminaria Saccharina Extract , Polygala Senega Root Extract , Berberis Vulgaris Extract , Nymphaea Alba Root Extract , Camellia Sinensis Leaf Extract , Salvia Hispanica Seed Extract , Molasses Extract\\Saccharum Officinarum\\Extrait De Mélasse , Dimethoxytolyl Propylresorcinol , Caffeine , Niacinamide , Salicylic Acid , Linoleic Acid , Tocopherol , Lactoperoxidase , Glucose Oxidase , Lactobacillus Ferment , Glycyrrhetinic Acid , Cholesterol , Jojoba Esters , Glucose , Polysilicone-11 , Laureth-7 , Trimethylsiloxysilicate , Sorbitan Sesquioleate , Lecithin , Xanthan Gum , Silica , Caprylyl Glycol , Dimethicone/Peg-10/15 Crosspolymer , Disteardimonium Hectorite , Triethoxycaprylylsilane , Alumina , Propylene Carbonate , Dipropylene Glycol , Sodium Chloride , Sodium Hydroxide , Citric Acid , Potassium Phosphate , Tetrasodium Edta , Sodium Citrate , Potassium Sorbate , Phenoxyethanol ,  [+/- Mica , Titanium Dioxide (Ci 77891) , Iron Oxides (Ci 77491) , Iron Oxides (Ci 77492) , Iron Oxides (Ci 77499)] <ILN47716>","iln_version_number":"ILN47716","inventory_status":"Active","is_active":true,"is_coming_soon":null,"is_default_sku":false,"is_discountable":true,"is_displayable":null,"is_engravable":null,"is_fragrance":null,"is_giftable":null,"is_giftwrap":false,"is_inactive":null,"is_multi_shaded":null,"is_out_of_stock":null,"is_preorder":false,"is_preorderable":null,"is_promotional":null,"is_replenishable":false,"is_search_suppressed":null,"is_searchable":true,"is_shaded":null,"is_sized":null,"is_sold_out":null,"is_under_weight_hazmat":false,"is_vto_enabled":null,"life_of_product":"Limited life","material_code":"KY19300000","media":{"large":[{"alt":"YENİ | Even Better Clinical Serum Fondöten SPF 20","height":1200,"position":0,"src":"/media/export/cms/products/1200x1500/cl_sku_KY1930_1200x1500_0.png","type":"image","width":1500}],"medium":[{"alt":"YENİ | Even Better Clinical Serum Fondöten SPF 20","height":600,"position":1,"src":"/media/export/cms/products/600x750/cl_sku_KY1930_600x750_0.png","type":"image","width":750}],"model":null,"poster":null,"small":[{"alt":"YENİ | Even Better Clinical Serum Fondöten SPF 20","height":1200,"position":2,"src":"/media/export/cms/products/1200x1500/cl_sku_KY1930_1200x1500_0.png","type":"image","width":1500}],"smoosh":null,"xl":null},"out_of_stock_threshold":null,"perlgem":{"SKU_BASE_ID":128595},"preorder_date":null,"prices":[{"currency":"TRY","exclude_tax":{"original_price":370,"original_price_formatted":"370.00 TL","price":370,"price_formatted":"370.00 TL","price_per_unit":null,"price_per_unit_formatted":""},"include_tax":{"original_price":370,"original_price_formatted":"370.00 TL","price":370,"price_formatted":"370.00 TL","price_per_unit":null,"price_per_unit_formatted":""},"is_discounted":false}],"purchase_limit":null,"replenishment":{"message":null},"reviews":{"average_rating":null,"number_of_questions":null,"number_of_reviews":null},"set_components":null,"shade_groups":null,"shades":[{"description":"","hex_val":"#c58342","image":{"height":null,"src":"","width":null},"name":"WN 104 Toffee (M)","smoosh_design":{"group_id":null,"name":""}}],"sizes":[{"key":1,"value":null}],"skin":{"tone":null,"type":null,"type_description":null},"sku_badge":null,"sku_badge_image":null,"sku_display_order":0,"sku_id":"KY1930","sku_promo_messaging":null,"sku_type":"SE","sku_url":null,"tags":{"total":2,"items":[{"id":"1590","key":"i̇ndi̇ri̇mli̇-ürünler","value":"İNDİRİMLİ ÜRÜNLER"},{"id":"1599","key":"fondöten","value":"FONDÖTEN"}]},"texture":null,"undertone":null,"unit_of_measure":null,"unit_size":null,"unit_size_formatted":null,"upc":"192333078129","vto":{"is_color_experience":null,"is_foundation_experience":null}},{"color_family":null,"coverage_options":null,"cross_sell":null,"display_status":7,"finish":null,"finish_options":null,"fragrances":[{"family":null,"key":null,"value":null}],"iln_listing":"Ingredients: Dimethicone , Water\\Aqua\\Eau , Zinc Oxide , Peg-10 Dimethicone , Butylene Glycol , Vinyl Dimethicone/Methicone Silsesquioxane Crosspolymer , Phenyl Trimethicone , Isododecane , Butyloctyl Salicylate , Titanium Dioxide , Isodecyl Isononanoate , Lauryl Peg-9 Polydimethylsiloxyethyl Dimethicone , Alcohol Denat. , Dimethicone/Vinyl Dimethicone Crosspolymer , Hydrated Silica , Ascorbyl Glucoside , Tetrahexyldecyl Ascorbate , Magnesium Ascorbyl Phosphate , Sodium Hyaluronate , Tocopheryl Acetate , Laminaria Saccharina Extract , Polygala Senega Root Extract , Berberis Vulgaris Extract , Nymphaea Alba Root Extract , Camellia Sinensis Leaf Extract , Salvia Hispanica Seed Extract , Molasses Extract\\Saccharum Officinarum\\Extrait De Mélasse , Dimethoxytolyl Propylresorcinol , Caffeine , Niacinamide , Salicylic Acid , Linoleic Acid , Tocopherol , Lactoperoxidase , Glucose Oxidase , Lactobacillus Ferment , Glycyrrhetinic Acid , Cholesterol , Jojoba Esters , Glucose , Polysilicone-11 , Laureth-7 , Trimethylsiloxysilicate , Sorbitan Sesquioleate , Lecithin , Xanthan Gum , Silica , Caprylyl Glycol , Dimethicone/Peg-10/15 Crosspolymer , Disteardimonium Hectorite , Triethoxycaprylylsilane , Alumina , Propylene Carbonate , Dipropylene Glycol , Sodium Chloride , Sodium Hydroxide , Citric Acid , Potassium Phosphate , Tetrasodium Edta , Sodium Citrate , Potassium Sorbate , Phenoxyethanol ,  [+/- Mica , Titanium Dioxide (Ci 77891) , Iron Oxides (Ci 77491) , Iron Oxides (Ci 77492) , Iron Oxides (Ci 77499)] <ILN47716>","iln_version_number":"ILN47716","inventory_status":"Sold Out","is_active":null,"is_coming_soon":null,"is_default_sku":false,"is_discountable":true,"is_displayable":null,"is_engravable":null,"is_fragrance":null,"is_giftable":null,"is_giftwrap":false,"is_inactive":null,"is_multi_shaded":null,"is_out_of_stock":null,"is_preorder":false,"is_preorderable":null,"is_promotional":null,"is_replenishable":false,"is_search_suppressed":null,"is_searchable":true,"is_shaded":null,"is_sized":null,"is_sold_out":true,"is_under_weight_hazmat":false,"is_vto_enabled":null,"life_of_product":"Limited life","material_code":"KY19430000","media":{"large":[{"alt":"YENİ | Even Better Clinical Serum Fondöten SPF 20","height":1200,"position":0,"src":"/media/export/cms/products/1200x1500/cl_sku_KY1943_1200x1500_0.png","type":"image","width":1500}],"medium":[{"alt":"YENİ | Even Better Clinical Serum Fondöten SPF 20","height":600,"position":1,"src":"/media/export/cms/products/600x750/cl_sku_KY1943_600x750_0.png","type":"image","width":750}],"model":null,"poster":null,"small":[{"alt":"YENİ | Even Better Clinical Serum Fondöten SPF 20","height":1200,"position":2,"src":"/media/export/cms/products/1200x1500/cl_sku_KY1943_1200x1500_0.png","type":"image","width":1500}],"smoosh":null,"xl":null},"out_of_stock_threshold":null,"perlgem":{"SKU_BASE_ID":128565},"preorder_date":null,"prices":[{"currency":"TRY","exclude_tax":{"original_price":370,"original_price_formatted":"370.00 TL","price":370,"price_formatted":"370.00 TL","price_per_unit":null,"price_per_unit_formatted":""},"include_tax":{"original_price":370,"original_price_formatted":"370.00 TL","price":370,"price_formatted":"370.00 TL","price_per_unit":null,"price_per_unit_formatted":""},"is_discounted":false}],"purchase_limit":null,"replenishment":{"message":null},"reviews":{"average_rating":null,"number_of_questions":null,"number_of_reviews":null},"set_components":null,"shade_groups":null,"shades":[{"description":"","hex_val":"#f1cfb2","image":{"height":null,"src":"","width":null},"name":"WN 04 Bone (VF)","smoosh_design":{"group_id":null,"name":""}}],"sizes":[{"key":1,"value":null}],"skin":{"tone":null,"type":null,"type_description":null},"sku_badge":null,"sku_badge_image":null,"sku_display_order":0,"sku_id":"KY1943","sku_promo_messaging":null,"sku_type":"SE","sku_url":null,"tags":{"total":1,"items":[{"id":"1599","key":"fondöten","value":"FONDÖTEN"}]},"texture":null,"undertone":null,"unit_of_measure":null,"unit_size":null,"unit_size_formatted":null,"upc":"192333078259","vto":{"is_color_experience":null,"is_foundation_experience":null}},{"color_family":null,"coverage_options":null,"cross_sell":null,"display_status":7,"finish":null,"finish_options":null,"fragrances":[{"family":null,"key":null,"value":null}],"iln_listing":"Ingredients: Dimethicone , Water\\Aqua\\Eau , Zinc Oxide , Peg-10 Dimethicone , Butylene Glycol , Vinyl Dimethicone/Methicone Silsesquioxane Crosspolymer , Phenyl Trimethicone , Isododecane , Butyloctyl Salicylate , Titanium Dioxide , Isodecyl Isononanoate , Lauryl Peg-9 Polydimethylsiloxyethyl Dimethicone , Alcohol Denat. , Dimethicone/Vinyl Dimethicone Crosspolymer , Hydrated Silica , Ascorbyl Glucoside , Tetrahexyldecyl Ascorbate , Magnesium Ascorbyl Phosphate , Sodium Hyaluronate , Tocopheryl Acetate , Laminaria Saccharina Extract , Polygala Senega Root Extract , Berberis Vulgaris Extract , Nymphaea Alba Root Extract , Camellia Sinensis Leaf Extract , Salvia Hispanica Seed Extract , Molasses Extract\\Saccharum Officinarum\\Extrait De Mélasse , Dimethoxytolyl Propylresorcinol , Caffeine , Niacinamide , Salicylic Acid , Linoleic Acid , Tocopherol , Lactoperoxidase , Glucose Oxidase , Lactobacillus Ferment , Glycyrrhetinic Acid , Cholesterol , Jojoba Esters , Glucose , Polysilicone-11 , Laureth-7 , Trimethylsiloxysilicate , Sorbitan Sesquioleate , Lecithin , Xanthan Gum , Silica , Caprylyl Glycol , Dimethicone/Peg-10/15 Crosspolymer , Disteardimonium Hectorite , Triethoxycaprylylsilane , Alumina , Propylene Carbonate , Dipropylene Glycol , Sodium Chloride , Sodium Hydroxide , Citric Acid , Potassium Phosphate , Tetrasodium Edta , Sodium Citrate , Potassium Sorbate , Phenoxyethanol ,  [+/- Mica , Titanium Dioxide (Ci 77891) , Iron Oxides (Ci 77491) , Iron Oxides (Ci 77492) , Iron Oxides (Ci 77499)] <ILN47716>","iln_version_number":"ILN47716","inventory_status":"Active","is_active":true,"is_coming_soon":null,"is_default_sku":false,"is_discountable":true,"is_displayable":null,"is_engravable":null,"is_fragrance":null,"is_giftable":null,"is_giftwrap":false,"is_inactive":null,"is_multi_shaded":null,"is_out_of_stock":null,"is_preorder":false,"is_preorderable":null,"is_promotional":null,"is_replenishable":false,"is_search_suppressed":null,"is_searchable":true,"is_shaded":null,"is_sized":null,"is_sold_out":null,"is_under_weight_hazmat":false,"is_vto_enabled":null,"life_of_product":"Limited life","material_code":"KY19280000","media":{"large":[{"alt":"YENİ | Even Better Clinical Serum Fondöten SPF 20","height":1200,"position":0,"src":"/media/export/cms/products/1200x1500/cl_sku_KY1928_1200x1500_0.png","type":"image","width":1500}],"medium":[{"alt":"YENİ | Even Better Clinical Serum Fondöten SPF 20","height":600,"position":1,"src":"/media/export/cms/products/600x750/cl_sku_KY1928_600x750_0.png","type":"image","width":750}],"model":null,"poster":null,"small":[{"alt":"YENİ | Even Better Clinical Serum Fondöten SPF 20","height":1200,"position":2,"src":"/media/export/cms/products/1200x1500/cl_sku_KY1928_1200x1500_0.png","type":"image","width":1500}],"smoosh":null,"xl":null},"out_of_stock_threshold":null,"perlgem":{"SKU_BASE_ID":128590},"preorder_date":null,"prices":[{"currency":"TRY","exclude_tax":{"original_price":370,"original_price_formatted":"370.00 TL","price":370,"price_formatted":"370.00 TL","price_per_unit":null,"price_per_unit_formatted":""},"include_tax":{"original_price":370,"original_price_formatted":"370.00 TL","price":370,"price_formatted":"370.00 TL","price_per_unit":null,"price_per_unit_formatted":""},"is_discounted":false}],"purchase_limit":null,"replenishment":{"message":null},"reviews":{"average_rating":null,"number_of_questions":null,"number_of_reviews":null},"set_components":null,"shade_groups":null,"shades":[{"description":"","hex_val":"#d49c70","image":{"height":null,"src":"","width":null},"name":"WN 80 Tawnied Beige (M)","smoosh_design":{"group_id":null,"name":""}}],"sizes":[{"key":1,"value":null}],"skin":{"tone":null,"type":null,"type_description":null},"sku_badge":null,"sku_badge_image":null,"sku_display_order":0,"sku_id":"KY1928","sku_promo_messaging":null,"sku_type":"SE","sku_url":null,"tags":{"total":2,"items":[{"id":"1590","key":"i̇ndi̇ri̇mli̇-ürünler","value":"İNDİRİMLİ ÜRÜNLER"},{"id":"1599","key":"fondöten","value":"FONDÖTEN"}]},"texture":null,"undertone":null,"unit_of_measure":null,"unit_size":null,"unit_size_formatted":null,"upc":"192333078105","vto":{"is_color_experience":null,"is_foundation_experience":null}},{"color_family":null,"coverage_options":null,"cross_sell":null,"display_status":7,"finish":null,"finish_options":null,"fragrances":[{"family":null,"key":null,"value":null}],"iln_listing":"Ingredients: Dimethicone , Water\\Aqua\\Eau , Zinc Oxide , Peg-10 Dimethicone , Butylene Glycol , Vinyl Dimethicone/Methicone Silsesquioxane Crosspolymer , Phenyl Trimethicone , Isododecane , Butyloctyl Salicylate , Titanium Dioxide , Isodecyl Isononanoate , Lauryl Peg-9 Polydimethylsiloxyethyl Dimethicone , Alcohol Denat. , Dimethicone/Vinyl Dimethicone Crosspolymer , Hydrated Silica , Ascorbyl Glucoside , Tetrahexyldecyl Ascorbate , Magnesium Ascorbyl Phosphate , Sodium Hyaluronate , Tocopheryl Acetate , Laminaria Saccharina Extract , Polygala Senega Root Extract , Berberis Vulgaris Extract , Nymphaea Alba Root Extract , Camellia Sinensis Leaf Extract , Salvia Hispanica Seed Extract , Molasses Extract\\Saccharum Officinarum\\Extrait De Mélasse , Dimethoxytolyl Propylresorcinol , Caffeine , Niacinamide , Salicylic Acid , Linoleic Acid , Tocopherol , Lactoperoxidase , Glucose Oxidase , Lactobacillus Ferment , Glycyrrhetinic Acid , Cholesterol , Jojoba Esters , Glucose , Polysilicone-11 , Laureth-7 , Trimethylsiloxysilicate , Sorbitan Sesquioleate , Lecithin , Xanthan Gum , Silica , Caprylyl Glycol , Dimethicone/Peg-10/15 Crosspolymer , Disteardimonium Hectorite , Triethoxycaprylylsilane , Alumina , Propylene Carbonate , Dipropylene Glycol , Sodium Chloride , Sodium Hydroxide , Citric Acid , Potassium Phosphate , Tetrasodium Edta , Sodium Citrate , Potassium Sorbate , Phenoxyethanol ,  [+/- Mica , Titanium Dioxide (Ci 77891) , Iron Oxides (Ci 77491) , Iron Oxides (Ci 77492) , Iron Oxides (Ci 77499)] <ILN47716>","iln_version_number":"ILN47716","inventory_status":"Active","is_active":true,"is_coming_soon":null,"is_default_sku":false,"is_discountable":true,"is_displayable":null,"is_engravable":null,"is_fragrance":null,"is_giftable":null,"is_giftwrap":false,"is_inactive":null,"is_multi_shaded":null,"is_out_of_stock":null,"is_preorder":false,"is_preorderable":null,"is_promotional":null,"is_replenishable":false,"is_search_suppressed":null,"is_searchable":true,"is_shaded":null,"is_sized":null,"is_sold_out":null,"is_under_weight_hazmat":false,"is_vto_enabled":null,"life_of_product":"Limited life","material_code":"KY19500000","media":{"large":[{"alt":"YENİ | Even Better Clinical Serum Fondöten SPF 20","height":1200,"position":0,"src":"/media/export/cms/products/1200x1500/cl_sku_KY1950_1200x1500_0.png","type":"image","width":1500}],"medium":[{"alt":"YENİ | Even Better Clinical Serum Fondöten SPF 20","height":600,"position":1,"src":"/media/export/cms/products/600x750/cl_sku_KY1950_600x750_0.png","type":"image","width":750}],"model":null,"poster":null,"small":[{"alt":"YENİ | Even Better Clinical Serum Fondöten SPF 20","height":1200,"position":2,"src":"/media/export/cms/products/1200x1500/cl_sku_KY1950_1200x1500_0.png","type":"image","width":1500}],"smoosh":null,"xl":null},"out_of_stock_threshold":null,"perlgem":{"SKU_BASE_ID":128578},"preorder_date":null,"prices":[{"currency":"TRY","exclude_tax":{"original_price":370,"original_price_formatted":"370.00 TL","price":370,"price_formatted":"370.00 TL","price_per_unit":null,"price_per_unit_formatted":""},"include_tax":{"original_price":370,"original_price_formatted":"370.00 TL","price":370,"price_formatted":"370.00 TL","price_per_unit":null,"price_per_unit_formatted":""},"is_discounted":false}],"purchase_limit":null,"replenishment":{"message":null},"reviews":{"average_rating":null,"number_of_questions":null,"number_of_reviews":null},"set_components":null,"shade_groups":null,"shades":[{"description":"","hex_val":"#dda377","image":{"height":null,"src":"","width":null},"name":"WN 48 Oat (MF)","smoosh_design":{"group_id":null,"name":""}}],"sizes":[{"key":1,"value":null}],"skin":{"tone":null,"type":null,"type_description":null},"sku_badge":null,"sku_badge_image":null,"sku_display_order":0,"sku_id":"KY1950","sku_promo_messaging":null,"sku_type":"SE","sku_url":null,"tags":{"total":2,"items":[{"id":"1590","key":"i̇ndi̇ri̇mli̇-ürünler","value":"İNDİRİMLİ ÜRÜNLER"},{"id":"1599","key":"fondöten","value":"FONDÖTEN"}]},"texture":null,"undertone":null,"unit_of_measure":null,"unit_size":null,"unit_size_formatted":null,"upc":"192333078327","vto":{"is_color_experience":null,"is_foundation_experience":null}},{"color_family":null,"coverage_options":null,"cross_sell":null,"display_status":7,"finish":null,"finish_options":null,"fragrances":[{"family":null,"key":null,"value":null}],"iln_listing":"Ingredients: Dimethicone , Water\\Aqua\\Eau , Zinc Oxide , Peg-10 Dimethicone , Butylene Glycol , Vinyl Dimethicone/Methicone Silsesquioxane Crosspolymer , Phenyl Trimethicone , Isododecane , Butyloctyl Salicylate , Titanium Dioxide , Isodecyl Isononanoate , Lauryl Peg-9 Polydimethylsiloxyethyl Dimethicone , Alcohol Denat. , Dimethicone/Vinyl Dimethicone Crosspolymer , Hydrated Silica , Ascorbyl Glucoside , Tetrahexyldecyl Ascorbate , Magnesium Ascorbyl Phosphate , Sodium Hyaluronate , Tocopheryl Acetate , Laminaria Saccharina Extract , Polygala Senega Root Extract , Berberis Vulgaris Extract , Nymphaea Alba Root Extract , Camellia Sinensis Leaf Extract , Salvia Hispanica Seed Extract , Molasses Extract\\Saccharum Officinarum\\Extrait De Mélasse , Dimethoxytolyl Propylresorcinol , Caffeine , Niacinamide , Salicylic Acid , Linoleic Acid , Tocopherol , Lactoperoxidase , Glucose Oxidase , Lactobacillus Ferment , Glycyrrhetinic Acid , Cholesterol , Jojoba Esters , Glucose , Polysilicone-11 , Laureth-7 , Trimethylsiloxysilicate , Sorbitan Sesquioleate , Lecithin , Xanthan Gum , Silica , Caprylyl Glycol , Dimethicone/Peg-10/15 Crosspolymer , Disteardimonium Hectorite , Triethoxycaprylylsilane , Alumina , Propylene Carbonate , Dipropylene Glycol , Sodium Chloride , Sodium Hydroxide , Citric Acid , Potassium Phosphate , Tetrasodium Edta , Sodium Citrate , Potassium Sorbate , Phenoxyethanol ,  [+/- Mica , Titanium Dioxide (Ci 77891) , Iron Oxides (Ci 77491) , Iron Oxides (Ci 77492) , Iron Oxides (Ci 77499)] <ILN47716>","iln_version_number":"ILN47716","inventory_status":"Active","is_active":true,"is_coming_soon":null,"is_default_sku":false,"is_discountable":true,"is_displayable":null,"is_engravable":null,"is_fragrance":null,"is_giftable":null,"is_giftwrap":false,"is_inactive":null,"is_multi_shaded":null,"is_out_of_stock":null,"is_preorder":false,"is_preorderable":null,"is_promotional":null,"is_replenishable":false,"is_search_suppressed":null,"is_searchable":true,"is_shaded":null,"is_sized":null,"is_sold_out":null,"is_under_weight_hazmat":false,"is_vto_enabled":null,"life_of_product":"Limited life","material_code":"KY19160000","media":{"large":[{"alt":"YENİ | Even Better Clinical Serum Fondöten SPF 20","height":1200,"position":0,"src":"/media/export/cms/products/1200x1500/cl_sku_KY1916_1200x1500_0.png","type":"image","width":1500}],"medium":[{"alt":"YENİ | Even Better Clinical Serum Fondöten SPF 20","height":600,"position":1,"src":"/media/export/cms/products/600x750/cl_sku_KY1916_600x750_0.png","type":"image","width":750}],"model":null,"poster":null,"small":[{"alt":"YENİ | Even Better Clinical Serum Fondöten SPF 20","height":1200,"position":2,"src":"/media/export/cms/products/1200x1500/cl_sku_KY1916_1200x1500_0.png","type":"image","width":1500}],"smoosh":null,"xl":null},"out_of_stock_threshold":null,"perlgem":{"SKU_BASE_ID":128579},"preorder_date":null,"prices":[{"currency":"TRY","exclude_tax":{"original_price":370,"original_price_formatted":"370.00 TL","price":370,"price_formatted":"370.00 TL","price_per_unit":null,"price_per_unit_formatted":""},"include_tax":{"original_price":370,"original_price_formatted":"370.00 TL","price":370,"price_formatted":"370.00 TL","price_per_unit":null,"price_per_unit_formatted":""},"is_discounted":false}],"purchase_limit":null,"replenishment":{"message":null},"reviews":{"average_rating":null,"number_of_questions":null,"number_of_reviews":null},"set_components":null,"shade_groups":null,"shades":[{"description":"","hex_val":"#e2b186","image":{"height":null,"src":"","width":null},"name":"WN 46 Golden Neutral (MF)","smoosh_design":{"group_id":null,"name":""}}],"sizes":[{"key":1,"value":null}],"skin":{"tone":null,"type":null,"type_description":null},"sku_badge":null,"sku_badge_image":null,"sku_display_order":0,"sku_id":"KY1916","sku_promo_messaging":null,"sku_type":"SE","sku_url":null,"tags":{"total":2,"items":[{"id":"1590","key":"i̇ndi̇ri̇mli̇-ürünler","value":"İNDİRİMLİ ÜRÜNLER"},{"id":"1599","key":"fondöten","value":"FONDÖTEN"}]},"texture":null,"undertone":null,"unit_of_measure":null,"unit_size":null,"unit_size_formatted":null,"upc":"192333077986","vto":{"is_color_experience":null,"is_foundation_experience":null}},{"color_family":null,"coverage_options":null,"cross_sell":null,"display_status":7,"finish":null,"finish_options":null,"fragrances":[{"family":null,"key":null,"value":null}],"iln_listing":"Ingredients: Dimethicone , Water\\Aqua\\Eau , Zinc Oxide , Peg-10 Dimethicone , Butylene Glycol , Vinyl Dimethicone/Methicone Silsesquioxane Crosspolymer , Phenyl Trimethicone , Isododecane , Butyloctyl Salicylate , Titanium Dioxide , Isodecyl Isononanoate , Lauryl Peg-9 Polydimethylsiloxyethyl Dimethicone , Alcohol Denat. , Dimethicone/Vinyl Dimethicone Crosspolymer , Hydrated Silica , Ascorbyl Glucoside , Tetrahexyldecyl Ascorbate , Magnesium Ascorbyl Phosphate , Sodium Hyaluronate , Tocopheryl Acetate , Laminaria Saccharina Extract , Polygala Senega Root Extract , Berberis Vulgaris Extract , Nymphaea Alba Root Extract , Camellia Sinensis Leaf Extract , Salvia Hispanica Seed Extract , Molasses Extract\\Saccharum Officinarum\\Extrait De Mélasse , Dimethoxytolyl Propylresorcinol , Caffeine , Niacinamide , Salicylic Acid , Linoleic Acid , Tocopherol , Lactoperoxidase , Glucose Oxidase , Lactobacillus Ferment , Glycyrrhetinic Acid , Cholesterol , Jojoba Esters , Glucose , Polysilicone-11 , Laureth-7 , Trimethylsiloxysilicate , Sorbitan Sesquioleate , Lecithin , Xanthan Gum , Silica , Caprylyl Glycol , Dimethicone/Peg-10/15 Crosspolymer , Disteardimonium Hectorite , Triethoxycaprylylsilane , Alumina , Propylene Carbonate , Dipropylene Glycol , Sodium Chloride , Sodium Hydroxide , Citric Acid , Potassium Phosphate , Tetrasodium Edta , Sodium Citrate , Potassium Sorbate , Phenoxyethanol ,  [+/- Mica , Titanium Dioxide (Ci 77891) , Iron Oxides (Ci 77491) , Iron Oxides (Ci 77492) , Iron Oxides (Ci 77499)] <ILN47716>","iln_version_number":"ILN47716","inventory_status":"Active","is_active":true,"is_coming_soon":null,"is_default_sku":false,"is_discountable":true,"is_displayable":null,"is_engravable":null,"is_fragrance":null,"is_giftable":null,"is_giftwrap":false,"is_inactive":null,"is_multi_shaded":null,"is_out_of_stock":null,"is_preorder":false,"is_preorderable":null,"is_promotional":null,"is_replenishable":false,"is_search_suppressed":null,"is_searchable":true,"is_shaded":null,"is_sized":null,"is_sold_out":null,"is_under_weight_hazmat":false,"is_vto_enabled":null,"life_of_product":"Limited life","material_code":"KY19170000","media":{"large":[{"alt":"YENİ | Even Better Clinical Serum Fondöten SPF 20","height":1200,"position":0,"src":"/media/export/cms/products/1200x1500/cl_sku_KY1917_1200x1500_0.png","type":"image","width":1500}],"medium":[{"alt":"YENİ | Even Better Clinical Serum Fondöten SPF 20","height":600,"position":1,"src":"/media/export/cms/products/600x750/cl_sku_KY1917_600x750_0.png","type":"image","width":750}],"model":null,"poster":null,"small":[{"alt":"YENİ | Even Better Clinical Serum Fondöten SPF 20","height":1200,"position":2,"src":"/media/export/cms/products/1200x1500/cl_sku_KY1917_1200x1500_0.png","type":"image","width":1500}],"smoosh":null,"xl":null},"out_of_stock_threshold":null,"perlgem":{"SKU_BASE_ID":128589},"preorder_date":null,"prices":[{"currency":"TRY","exclude_tax":{"original_price":370,"original_price_formatted":"370.00 TL","price":370,"price_formatted":"370.00 TL","price_per_unit":null,"price_per_unit_formatted":""},"include_tax":{"original_price":370,"original_price_formatted":"370.00 TL","price":370,"price_formatted":"370.00 TL","price_per_unit":null,"price_per_unit_formatted":""},"is_discounted":false}],"purchase_limit":null,"replenishment":{"message":null},"reviews":{"average_rating":null,"number_of_questions":null,"number_of_reviews":null},"set_components":null,"shade_groups":null,"shades":[{"description":"","hex_val":"#ce9465","image":{"height":null,"src":"","width":null},"name":"CN 78 Nutty (M)","smoosh_design":{"group_id":null,"name":""}}],"sizes":[{"key":1,"value":null}],"skin":{"tone":null,"type":null,"type_description":null},"sku_badge":null,"sku_badge_image":null,"sku_display_order":0,"sku_id":"KY1917","sku_promo_messaging":null,"sku_type":"SE","sku_url":null,"tags":{"total":2,"items":[{"id":"1590","key":"i̇ndi̇ri̇mli̇-ürünler","value":"İNDİRİMLİ ÜRÜNLER"},{"id":"1599","key":"fondöten","value":"FONDÖTEN"}]},"texture":null,"undertone":null,"unit_of_measure":null,"unit_size":null,"unit_size_formatted":null,"upc":"192333077993","vto":{"is_color_experience":null,"is_foundation_experience":null}},{"color_family":null,"coverage_options":null,"cross_sell":null,"display_status":7,"finish":null,"finish_options":null,"fragrances":[{"family":null,"key":null,"value":null}],"iln_listing":"Ingredients: Dimethicone , Water\\Aqua\\Eau , Zinc Oxide , Peg-10 Dimethicone , Butylene Glycol , Vinyl Dimethicone/Methicone Silsesquioxane Crosspolymer , Phenyl Trimethicone , Isododecane , Butyloctyl Salicylate , Titanium Dioxide , Isodecyl Isononanoate , Lauryl Peg-9 Polydimethylsiloxyethyl Dimethicone , Alcohol Denat. , Dimethicone/Vinyl Dimethicone Crosspolymer , Hydrated Silica , Ascorbyl Glucoside , Tetrahexyldecyl Ascorbate , Magnesium Ascorbyl Phosphate , Sodium Hyaluronate , Tocopheryl Acetate , Laminaria Saccharina Extract , Polygala Senega Root Extract , Berberis Vulgaris Extract , Nymphaea Alba Root Extract , Camellia Sinensis Leaf Extract , Salvia Hispanica Seed Extract , Molasses Extract\\Saccharum Officinarum\\Extrait De Mélasse , Dimethoxytolyl Propylresorcinol , Caffeine , Niacinamide , Salicylic Acid , Linoleic Acid , Tocopherol , Lactoperoxidase , Glucose Oxidase , Lactobacillus Ferment , Glycyrrhetinic Acid , Cholesterol , Jojoba Esters , Glucose , Polysilicone-11 , Laureth-7 , Trimethylsiloxysilicate , Sorbitan Sesquioleate , Lecithin , Xanthan Gum , Silica , Caprylyl Glycol , Dimethicone/Peg-10/15 Crosspolymer , Disteardimonium Hectorite , Triethoxycaprylylsilane , Alumina , Propylene Carbonate , Dipropylene Glycol , Sodium Chloride , Sodium Hydroxide , Citric Acid , Potassium Phosphate , Tetrasodium Edta , Sodium Citrate , Potassium Sorbate , Phenoxyethanol ,  [+/- Mica , Titanium Dioxide (Ci 77891) , Iron Oxides (Ci 77491) , Iron Oxides (Ci 77492) , Iron Oxides (Ci 77499)] <ILN47716>","iln_version_number":"ILN47716","inventory_status":"Active","is_active":true,"is_coming_soon":null,"is_default_sku":false,"is_discountable":true,"is_displayable":null,"is_engravable":null,"is_fragrance":null,"is_giftable":null,"is_giftwrap":false,"is_inactive":null,"is_multi_shaded":null,"is_out_of_stock":null,"is_preorder":false,"is_preorderable":null,"is_promotional":null,"is_replenishable":false,"is_search_suppressed":null,"is_searchable":true,"is_shaded":null,"is_sized":null,"is_sold_out":null,"is_under_weight_hazmat":false,"is_vto_enabled":null,"life_of_product":"Limited life","material_code":"KY19470000","media":{"large":[{"alt":"YENİ | Even Better Clinical Serum Fondöten SPF 20","height":1200,"position":0,"src":"/media/export/cms/products/1200x1500/cl_sku_KY1947_1200x1500_0.png","type":"image","width":1500}],"medium":[{"alt":"YENİ | Even Better Clinical Serum Fondöten SPF 20","height":600,"position":1,"src":"/media/export/cms/products/600x750/cl_sku_KY1947_600x750_0.png","type":"image","width":750}],"model":null,"poster":null,"small":[{"alt":"YENİ | Even Better Clinical Serum Fondöten SPF 20","height":1200,"position":2,"src":"/media/export/cms/products/1200x1500/cl_sku_KY1947_1200x1500_0.png","type":"image","width":1500}],"smoosh":null,"xl":null},"out_of_stock_threshold":null,"perlgem":{"SKU_BASE_ID":128575},"preorder_date":null,"prices":[{"currency":"TRY","exclude_tax":{"original_price":370,"original_price_formatted":"370.00 TL","price":370,"price_formatted":"370.00 TL","price_per_unit":null,"price_per_unit_formatted":""},"include_tax":{"original_price":370,"original_price_formatted":"370.00 TL","price":370,"price_formatted":"370.00 TL","price_per_unit":null,"price_per_unit_formatted":""},"is_discounted":false}],"purchase_limit":null,"replenishment":{"message":null},"reviews":{"average_rating":null,"number_of_questions":null,"number_of_reviews":null},"set_components":null,"shade_groups":null,"shades":[{"description":"","hex_val":"#e1aa87","image":{"height":null,"src":"","width":null},"name":"WN 30 Biscuit (VF)","smoosh_design":{"group_id":null,"name":""}}],"sizes":[{"key":1,"value":null}],"skin":{"tone":null,"type":null,"type_description":null},"sku_badge":null,"sku_badge_image":null,"sku_display_order":0,"sku_id":"KY1947","sku_promo_messaging":null,"sku_type":"SE","sku_url":null,"tags":{"total":2,"items":[{"id":"1590","key":"i̇ndi̇ri̇mli̇-ürünler","value":"İNDİRİMLİ ÜRÜNLER"},{"id":"1599","key":"fondöten","value":"FONDÖTEN"}]},"texture":null,"undertone":null,"unit_of_measure":null,"unit_size":null,"unit_size_formatted":null,"upc":"192333078297","vto":{"is_color_experience":null,"is_foundation_experience":null}},{"color_family":null,"coverage_options":null,"cross_sell":null,"display_status":7,"finish":null,"finish_options":null,"fragrances":[{"family":null,"key":null,"value":null}],"iln_listing":"Ingredients: Dimethicone , Water\\Aqua\\Eau , Zinc Oxide , Peg-10 Dimethicone , Butylene Glycol , Vinyl Dimethicone/Methicone Silsesquioxane Crosspolymer , Phenyl Trimethicone , Isododecane , Butyloctyl Salicylate , Titanium Dioxide , Isodecyl Isononanoate , Lauryl Peg-9 Polydimethylsiloxyethyl Dimethicone , Alcohol Denat. , Dimethicone/Vinyl Dimethicone Crosspolymer , Hydrated Silica , Ascorbyl Glucoside , Tetrahexyldecyl Ascorbate , Magnesium Ascorbyl Phosphate , Sodium Hyaluronate , Tocopheryl Acetate , Laminaria Saccharina Extract , Polygala Senega Root Extract , Berberis Vulgaris Extract , Nymphaea Alba Root Extract , Camellia Sinensis Leaf Extract , Salvia Hispanica Seed Extract , Molasses Extract\\Saccharum Officinarum\\Extrait De Mélasse , Dimethoxytolyl Propylresorcinol , Caffeine , Niacinamide , Salicylic Acid , Linoleic Acid , Tocopherol , Lactoperoxidase , Glucose Oxidase , Lactobacillus Ferment , Glycyrrhetinic Acid , Cholesterol , Jojoba Esters , Glucose , Polysilicone-11 , Laureth-7 , Trimethylsiloxysilicate , Sorbitan Sesquioleate , Lecithin , Xanthan Gum , Silica , Caprylyl Glycol , Dimethicone/Peg-10/15 Crosspolymer , Disteardimonium Hectorite , Triethoxycaprylylsilane , Alumina , Propylene Carbonate , Dipropylene Glycol , Sodium Chloride , Sodium Hydroxide , Citric Acid , Potassium Phosphate , Tetrasodium Edta , Sodium Citrate , Potassium Sorbate , Phenoxyethanol ,  [+/- Mica , Titanium Dioxide (Ci 77891) , Iron Oxides (Ci 77491) , Iron Oxides (Ci 77492) , Iron Oxides (Ci 77499)] <ILN47716>","iln_version_number":"ILN47716","inventory_status":"Active","is_active":true,"is_coming_soon":null,"is_default_sku":false,"is_discountable":true,"is_displayable":null,"is_engravable":null,"is_fragrance":null,"is_giftable":null,"is_giftwrap":false,"is_inactive":null,"is_multi_shaded":null,"is_out_of_stock":null,"is_preorder":false,"is_preorderable":null,"is_promotional":null,"is_replenishable":false,"is_search_suppressed":null,"is_searchable":true,"is_shaded":null,"is_sized":null,"is_sold_out":null,"is_under_weight_hazmat":false,"is_vto_enabled":null,"life_of_product":"Limited life","material_code":"KY19370000","media":{"large":[{"alt":"YENİ | Even Better Clinical Serum Fondöten SPF 20","height":1200,"position":0,"src":"/media/export/cms/products/1200x1500/cl_sku_KY1937_1200x1500_0.png","type":"image","width":1500}],"medium":[{"alt":"YENİ | Even Better Clinical Serum Fondöten SPF 20","height":600,"position":1,"src":"/media/export/cms/products/600x750/cl_sku_KY1937_600x750_0.png","type":"image","width":750}],"model":null,"poster":null,"small":[{"alt":"YENİ | Even Better Clinical Serum Fondöten SPF 20","height":1200,"position":2,"src":"/media/export/cms/products/1200x1500/cl_sku_KY1937_1200x1500_0.png","type":"image","width":1500}],"smoosh":null,"xl":null},"out_of_stock_threshold":null,"perlgem":{"SKU_BASE_ID":128594},"preorder_date":null,"prices":[{"currency":"TRY","exclude_tax":{"original_price":370,"original_price_formatted":"370.00 TL","price":370,"price_formatted":"370.00 TL","price_per_unit":null,"price_per_unit_formatted":""},"include_tax":{"original_price":370,"original_price_formatted":"370.00 TL","price":370,"price_formatted":"370.00 TL","price_per_unit":null,"price_per_unit_formatted":""},"is_discounted":false}],"purchase_limit":null,"replenishment":{"message":null},"reviews":{"average_rating":null,"number_of_questions":null,"number_of_reviews":null},"set_components":null,"shade_groups":null,"shades":[{"description":"","hex_val":"#bc8054","image":{"height":null,"src":"","width":null},"name":"WN 100 Deep Honey (M)","smoosh_design":{"group_id":null,"name":""}}],"sizes":[{"key":1,"value":null}],"skin":{"tone":null,"type":null,"type_description":null},"sku_badge":null,"sku_badge_image":null,"sku_display_order":0,"sku_id":"KY1937","sku_promo_messaging":null,"sku_type":"SE","sku_url":null,"tags":{"total":2,"items":[{"id":"1590","key":"i̇ndi̇ri̇mli̇-ürünler","value":"İNDİRİMLİ ÜRÜNLER"},{"id":"1599","key":"fondöten","value":"FONDÖTEN"}]},"texture":null,"undertone":null,"unit_of_measure":null,"unit_size":null,"unit_size_formatted":null,"upc":"192333078198","vto":{"is_color_experience":null,"is_foundation_experience":null}},{"color_family":null,"coverage_options":null,"cross_sell":null,"display_status":7,"finish":null,"finish_options":null,"fragrances":[{"family":null,"key":null,"value":null}],"iln_listing":"Ingredients: Dimethicone , Water\\Aqua\\Eau , Zinc Oxide , Peg-10 Dimethicone , Butylene Glycol , Vinyl Dimethicone/Methicone Silsesquioxane Crosspolymer , Phenyl Trimethicone , Isododecane , Butyloctyl Salicylate , Titanium Dioxide , Isodecyl Isononanoate , Lauryl Peg-9 Polydimethylsiloxyethyl Dimethicone , Alcohol Denat. , Dimethicone/Vinyl Dimethicone Crosspolymer , Hydrated Silica , Ascorbyl Glucoside , Tetrahexyldecyl Ascorbate , Magnesium Ascorbyl Phosphate , Sodium Hyaluronate , Tocopheryl Acetate , Laminaria Saccharina Extract , Polygala Senega Root Extract , Berberis Vulgaris Extract , Nymphaea Alba Root Extract , Camellia Sinensis Leaf Extract , Salvia Hispanica Seed Extract , Molasses Extract\\Saccharum Officinarum\\Extrait De Mélasse , Dimethoxytolyl Propylresorcinol , Caffeine , Niacinamide , Salicylic Acid , Linoleic Acid , Tocopherol , Lactoperoxidase , Glucose Oxidase , Lactobacillus Ferment , Glycyrrhetinic Acid , Cholesterol , Jojoba Esters , Glucose , Polysilicone-11 , Laureth-7 , Trimethylsiloxysilicate , Sorbitan Sesquioleate , Lecithin , Xanthan Gum , Silica , Caprylyl Glycol , Dimethicone/Peg-10/15 Crosspolymer , Disteardimonium Hectorite , Triethoxycaprylylsilane , Alumina , Propylene Carbonate , Dipropylene Glycol , Sodium Chloride , Sodium Hydroxide , Citric Acid , Potassium Phosphate , Tetrasodium Edta , Sodium Citrate , Potassium Sorbate , Phenoxyethanol ,  [+/- Mica , Titanium Dioxide (Ci 77891) , Iron Oxides (Ci 77491) , Iron Oxides (Ci 77492) , Iron Oxides (Ci 77499)] <ILN47716>","iln_version_number":"ILN47716","inventory_status":"Active","is_active":true,"is_coming_soon":null,"is_default_sku":false,"is_discountable":true,"is_displayable":null,"is_engravable":null,"is_fragrance":null,"is_giftable":null,"is_giftwrap":false,"is_inactive":null,"is_multi_shaded":null,"is_out_of_stock":null,"is_preorder":false,"is_preorderable":null,"is_promotional":null,"is_replenishable":false,"is_search_suppressed":null,"is_searchable":true,"is_shaded":null,"is_sized":null,"is_sold_out":null,"is_under_weight_hazmat":false,"is_vto_enabled":null,"life_of_product":"Limited life","material_code":"KY19200000","media":{"large":[{"alt":"YENİ | Even Better Clinical Serum Fondöten SPF 20","height":1200,"position":0,"src":"/media/export/cms/products/1200x1500/cl_sku_KY1920_1200x1500_0.png","type":"image","width":1500}],"medium":[{"alt":"YENİ | Even Better Clinical Serum Fondöten SPF 20","height":600,"position":1,"src":"/media/export/cms/products/600x750/cl_sku_KY1920_600x750_0.png","type":"image","width":750}],"model":null,"poster":null,"small":[{"alt":"YENİ | Even Better Clinical Serum Fondöten SPF 20","height":1200,"position":2,"src":"/media/export/cms/products/1200x1500/cl_sku_KY1920_1200x1500_0.png","type":"image","width":1500}],"smoosh":null,"xl":null},"out_of_stock_threshold":null,"perlgem":{"SKU_BASE_ID":128603},"preorder_date":null,"prices":[{"currency":"TRY","exclude_tax":{"original_price":370,"original_price_formatted":"370.00 TL","price":370,"price_formatted":"370.00 TL","price_per_unit":null,"price_per_unit_formatted":""},"include_tax":{"original_price":370,"original_price_formatted":"370.00 TL","price":370,"price_formatted":"370.00 TL","price_per_unit":null,"price_per_unit_formatted":""},"is_discounted":false}],"purchase_limit":null,"replenishment":{"message":null},"reviews":{"average_rating":null,"number_of_questions":null,"number_of_reviews":null},"set_components":null,"shade_groups":null,"shades":[{"description":"","hex_val":"#94603e","image":{"height":null,"src":"","width":null},"name":"WN 124 Sienna (D)","smoosh_design":{"group_id":null,"name":""}}],"sizes":[{"key":1,"value":null}],"skin":{"tone":null,"type":null,"type_description":null},"sku_badge":null,"sku_badge_image":null,"sku_display_order":0,"sku_id":"KY1920","sku_promo_messaging":null,"sku_type":"SE","sku_url":null,"tags":{"total":2,"items":[{"id":"1590","key":"i̇ndi̇ri̇mli̇-ürünler","value":"İNDİRİMLİ ÜRÜNLER"},{"id":"1599","key":"fondöten","value":"FONDÖTEN"}]},"texture":null,"undertone":null,"unit_of_measure":null,"unit_size":null,"unit_size_formatted":null,"upc":"192333078020","vto":{"is_color_experience":null,"is_foundation_experience":null}},{"color_family":null,"coverage_options":null,"cross_sell":null,"display_status":7,"finish":null,"finish_options":null,"fragrances":[{"family":null,"key":null,"value":null}],"iln_listing":"Ingredients: Dimethicone , Water\\Aqua\\Eau , Zinc Oxide , Peg-10 Dimethicone , Butylene Glycol , Vinyl Dimethicone/Methicone Silsesquioxane Crosspolymer , Phenyl Trimethicone , Isododecane , Butyloctyl Salicylate , Titanium Dioxide , Isodecyl Isononanoate , Lauryl Peg-9 Polydimethylsiloxyethyl Dimethicone , Alcohol Denat. , Dimethicone/Vinyl Dimethicone Crosspolymer , Hydrated Silica , Ascorbyl Glucoside , Tetrahexyldecyl Ascorbate , Magnesium Ascorbyl Phosphate , Sodium Hyaluronate , Tocopheryl Acetate , Laminaria Saccharina Extract , Polygala Senega Root Extract , Berberis Vulgaris Extract , Nymphaea Alba Root Extract , Camellia Sinensis Leaf Extract , Salvia Hispanica Seed Extract , Molasses Extract\\Saccharum Officinarum\\Extrait De Mélasse , Dimethoxytolyl Propylresorcinol , Caffeine , Niacinamide , Salicylic Acid , Linoleic Acid , Tocopherol , Lactoperoxidase , Glucose Oxidase , Lactobacillus Ferment , Glycyrrhetinic Acid , Cholesterol , Jojoba Esters , Glucose , Polysilicone-11 , Laureth-7 , Trimethylsiloxysilicate , Sorbitan Sesquioleate , Lecithin , Xanthan Gum , Silica , Caprylyl Glycol , Dimethicone/Peg-10/15 Crosspolymer , Disteardimonium Hectorite , Triethoxycaprylylsilane , Alumina , Propylene Carbonate , Dipropylene Glycol , Sodium Chloride , Sodium Hydroxide , Citric Acid , Potassium Phosphate , Tetrasodium Edta , Sodium Citrate , Potassium Sorbate , Phenoxyethanol ,  [+/- Mica , Titanium Dioxide (Ci 77891) , Iron Oxides (Ci 77491) , Iron Oxides (Ci 77492) , Iron Oxides (Ci 77499)] <ILN47716>","iln_version_number":"ILN47716","inventory_status":"Active","is_active":true,"is_coming_soon":null,"is_default_sku":false,"is_discountable":true,"is_displayable":null,"is_engravable":null,"is_fragrance":null,"is_giftable":null,"is_giftwrap":false,"is_inactive":null,"is_multi_shaded":null,"is_out_of_stock":null,"is_preorder":false,"is_preorderable":null,"is_promotional":null,"is_replenishable":false,"is_search_suppressed":null,"is_searchable":true,"is_shaded":null,"is_sized":null,"is_sold_out":null,"is_under_weight_hazmat":false,"is_vto_enabled":null,"life_of_product":"Limited life","material_code":"KY19180000","media":{"large":[{"alt":"YENİ | Even Better Clinical Serum Fondöten SPF 20","height":1200,"position":0,"src":"/media/export/cms/products/1200x1500/cl_sku_KY1918_1200x1500_0.png","type":"image","width":1500}],"medium":[{"alt":"YENİ | Even Better Clinical Serum Fondöten SPF 20","height":600,"position":1,"src":"/media/export/cms/products/600x750/cl_sku_KY1918_600x750_0.png","type":"image","width":750}],"model":null,"poster":null,"small":[{"alt":"YENİ | Even Better Clinical Serum Fondöten SPF 20","height":1200,"position":2,"src":"/media/export/cms/products/1200x1500/cl_sku_KY1918_1200x1500_0.png","type":"image","width":1500}],"smoosh":null,"xl":null},"out_of_stock_threshold":null,"perlgem":{"SKU_BASE_ID":128592},"preorder_date":null,"prices":[{"currency":"TRY","exclude_tax":{"original_price":370,"original_price_formatted":"370.00 TL","price":370,"price_formatted":"370.00 TL","price_per_unit":null,"price_per_unit_formatted":""},"include_tax":{"original_price":370,"original_price_formatted":"370.00 TL","price":370,"price_formatted":"370.00 TL","price_per_unit":null,"price_per_unit_formatted":""},"is_discounted":false}],"purchase_limit":null,"replenishment":{"message":null},"reviews":{"average_rating":null,"number_of_questions":null,"number_of_reviews":null},"set_components":null,"shade_groups":null,"shades":[{"description":"","hex_val":"#d28e55","image":{"height":null,"src":"","width":null},"name":"WN 94 Deep Neutral (M)","smoosh_design":{"group_id":null,"name":""}}],"sizes":[{"key":1,"value":null}],"skin":{"tone":null,"type":null,"type_description":null},"sku_badge":null,"sku_badge_image":null,"sku_display_order":0,"sku_id":"KY1918","sku_promo_messaging":null,"sku_type":"SE","sku_url":null,"tags":{"total":2,"items":[{"id":"1590","key":"i̇ndi̇ri̇mli̇-ürünler","value":"İNDİRİMLİ ÜRÜNLER"},{"id":"1599","key":"fondöten","value":"FONDÖTEN"}]},"texture":null,"undertone":null,"unit_of_measure":null,"unit_size":null,"unit_size_formatted":null,"upc":"192333078006","vto":{"is_color_experience":null,"is_foundation_experience":null}},{"color_family":null,"coverage_options":null,"cross_sell":null,"display_status":7,"finish":null,"finish_options":null,"fragrances":[{"family":null,"key":null,"value":null}],"iln_listing":"Ingredients: Dimethicone , Water\\Aqua\\Eau , Zinc Oxide , Peg-10 Dimethicone , Butylene Glycol , Vinyl Dimethicone/Methicone Silsesquioxane Crosspolymer , Phenyl Trimethicone , Isododecane , Butyloctyl Salicylate , Titanium Dioxide , Isodecyl Isononanoate , Lauryl Peg-9 Polydimethylsiloxyethyl Dimethicone , Alcohol Denat. , Dimethicone/Vinyl Dimethicone Crosspolymer , Hydrated Silica , Ascorbyl Glucoside , Tetrahexyldecyl Ascorbate , Magnesium Ascorbyl Phosphate , Sodium Hyaluronate , Tocopheryl Acetate , Laminaria Saccharina Extract , Polygala Senega Root Extract , Berberis Vulgaris Extract , Nymphaea Alba Root Extract , Camellia Sinensis Leaf Extract , Salvia Hispanica Seed Extract , Molasses Extract\\Saccharum Officinarum\\Extrait De Mélasse , Dimethoxytolyl Propylresorcinol , Caffeine , Niacinamide , Salicylic Acid , Linoleic Acid , Tocopherol , Lactoperoxidase , Glucose Oxidase , Lactobacillus Ferment , Glycyrrhetinic Acid , Cholesterol , Jojoba Esters , Glucose , Polysilicone-11 , Laureth-7 , Trimethylsiloxysilicate , Sorbitan Sesquioleate , Lecithin , Xanthan Gum , Silica , Caprylyl Glycol , Dimethicone/Peg-10/15 Crosspolymer , Disteardimonium Hectorite , Triethoxycaprylylsilane , Alumina , Propylene Carbonate , Dipropylene Glycol , Sodium Chloride , Sodium Hydroxide , Citric Acid , Potassium Phosphate , Tetrasodium Edta , Sodium Citrate , Potassium Sorbate , Phenoxyethanol ,  [+/- Mica , Titanium Dioxide (Ci 77891) , Iron Oxides (Ci 77491) , Iron Oxides (Ci 77492) , Iron Oxides (Ci 77499)] <ILN47716>","iln_version_number":"ILN47716","inventory_status":"Active","is_active":true,"is_coming_soon":null,"is_default_sku":false,"is_discountable":true,"is_displayable":null,"is_engravable":null,"is_fragrance":null,"is_giftable":null,"is_giftwrap":false,"is_inactive":null,"is_multi_shaded":null,"is_out_of_stock":null,"is_preorder":false,"is_preorderable":null,"is_promotional":null,"is_replenishable":false,"is_search_suppressed":null,"is_searchable":true,"is_shaded":null,"is_sized":null,"is_sold_out":null,"is_under_weight_hazmat":false,"is_vto_enabled":null,"life_of_product":"Limited life","material_code":"KY19530000","media":{"large":[{"alt":"YENİ | Even Better Clinical Serum Fondöten SPF 20","height":1200,"position":0,"src":"/media/export/cms/products/1200x1500/cl_sku_KY1953_1200x1500_0.png","type":"image","width":1500}],"medium":[{"alt":"YENİ | Even Better Clinical Serum Fondöten SPF 20","height":600,"position":1,"src":"/media/export/cms/products/600x750/cl_sku_KY1953_600x750_0.png","type":"image","width":750}],"model":null,"poster":null,"small":[{"alt":"YENİ | Even Better Clinical Serum Fondöten SPF 20","height":1200,"position":2,"src":"/media/export/cms/products/1200x1500/cl_sku_KY1953_1200x1500_0.png","type":"image","width":1500}],"smoosh":null,"xl":null},"out_of_stock_threshold":null,"perlgem":{"SKU_BASE_ID":128588},"preorder_date":null,"prices":[{"currency":"TRY","exclude_tax":{"original_price":370,"original_price_formatted":"370.00 TL","price":370,"price_formatted":"370.00 TL","price_per_unit":null,"price_per_unit_formatted":""},"include_tax":{"original_price":370,"original_price_formatted":"370.00 TL","price":370,"price_formatted":"370.00 TL","price_per_unit":null,"price_per_unit_formatted":""},"is_discounted":false}],"purchase_limit":null,"replenishment":{"message":null},"reviews":{"average_rating":null,"number_of_questions":null,"number_of_reviews":null},"set_components":null,"shade_groups":null,"shades":[{"description":"","hex_val":"#c99566","image":{"height":null,"src":"","width":null},"name":"WN 76 Toasted Wheat (M)","smoosh_design":{"group_id":null,"name":""}}],"sizes":[{"key":1,"value":null}],"skin":{"tone":null,"type":null,"type_description":null},"sku_badge":null,"sku_badge_image":null,"sku_display_order":0,"sku_id":"KY1953","sku_promo_messaging":null,"sku_type":"SE","sku_url":null,"tags":{"total":2,"items":[{"id":"1590","key":"i̇ndi̇ri̇mli̇-ürünler","value":"İNDİRİMLİ ÜRÜNLER"},{"id":"1599","key":"fondöten","value":"FONDÖTEN"}]},"texture":null,"undertone":null,"unit_of_measure":null,"unit_size":null,"unit_size_formatted":null,"upc":"192333078358","vto":{"is_color_experience":null,"is_foundation_experience":null}},{"color_family":null,"coverage_options":null,"cross_sell":null,"display_status":7,"finish":null,"finish_options":null,"fragrances":[{"family":null,"key":null,"value":null}],"iln_listing":"Ingredients: Dimethicone , Water\\Aqua\\Eau , Zinc Oxide , Peg-10 Dimethicone , Butylene Glycol , Vinyl Dimethicone/Methicone Silsesquioxane Crosspolymer , Phenyl Trimethicone , Isododecane , Butyloctyl Salicylate , Titanium Dioxide , Isodecyl Isononanoate , Lauryl Peg-9 Polydimethylsiloxyethyl Dimethicone , Alcohol Denat. , Dimethicone/Vinyl Dimethicone Crosspolymer , Hydrated Silica , Ascorbyl Glucoside , Tetrahexyldecyl Ascorbate , Magnesium Ascorbyl Phosphate , Sodium Hyaluronate , Tocopheryl Acetate , Laminaria Saccharina Extract , Polygala Senega Root Extract , Berberis Vulgaris Extract , Nymphaea Alba Root Extract , Camellia Sinensis Leaf Extract , Salvia Hispanica Seed Extract , Molasses Extract\\Saccharum Officinarum\\Extrait De Mélasse , Dimethoxytolyl Propylresorcinol , Caffeine , Niacinamide , Salicylic Acid , Linoleic Acid , Tocopherol , Lactoperoxidase , Glucose Oxidase , Lactobacillus Ferment , Glycyrrhetinic Acid , Cholesterol , Jojoba Esters , Glucose , Polysilicone-11 , Laureth-7 , Trimethylsiloxysilicate , Sorbitan Sesquioleate , Lecithin , Xanthan Gum , Silica , Caprylyl Glycol , Dimethicone/Peg-10/15 Crosspolymer , Disteardimonium Hectorite , Triethoxycaprylylsilane , Alumina , Propylene Carbonate , Dipropylene Glycol , Sodium Chloride , Sodium Hydroxide , Citric Acid , Potassium Phosphate , Tetrasodium Edta , Sodium Citrate , Potassium Sorbate , Phenoxyethanol ,  [+/- Mica , Titanium Dioxide (Ci 77891) , Iron Oxides (Ci 77491) , Iron Oxides (Ci 77492) , Iron Oxides (Ci 77499)] <ILN47716>","iln_version_number":"ILN47716","inventory_status":"Active","is_active":true,"is_coming_soon":null,"is_default_sku":false,"is_discountable":true,"is_displayable":null,"is_engravable":null,"is_fragrance":null,"is_giftable":null,"is_giftwrap":false,"is_inactive":null,"is_multi_shaded":null,"is_out_of_stock":null,"is_preorder":false,"is_preorderable":null,"is_promotional":null,"is_replenishable":false,"is_search_suppressed":null,"is_searchable":true,"is_shaded":null,"is_sized":null,"is_sold_out":null,"is_under_weight_hazmat":false,"is_vto_enabled":null,"life_of_product":"Limited life","material_code":"KY19330000","media":{"large":[{"alt":"YENİ | Even Better Clinical Serum Fondöten SPF 20","height":1200,"position":0,"src":"/media/export/cms/products/1200x1500/cl_sku_KY1933_1200x1500_0.png","type":"image","width":1500}],"medium":[{"alt":"YENİ | Even Better Clinical Serum Fondöten SPF 20","height":600,"position":1,"src":"/media/export/cms/products/600x750/cl_sku_KY1933_600x750_0.png","type":"image","width":750}],"model":null,"poster":null,"small":[{"alt":"YENİ | Even Better Clinical Serum Fondöten SPF 20","height":1200,"position":2,"src":"/media/export/cms/products/1200x1500/cl_sku_KY1933_1200x1500_0.png","type":"image","width":1500}],"smoosh":null,"xl":null},"out_of_stock_threshold":null,"perlgem":{"SKU_BASE_ID":128605},"preorder_date":null,"prices":[{"currency":"TRY","exclude_tax":{"original_price":370,"original_price_formatted":"370.00 TL","price":370,"price_formatted":"370.00 TL","price_per_unit":null,"price_per_unit_formatted":""},"include_tax":{"original_price":370,"original_price_formatted":"370.00 TL","price":370,"price_formatted":"370.00 TL","price_per_unit":null,"price_per_unit_formatted":""},"is_discounted":false}],"purchase_limit":null,"replenishment":{"message":null},"reviews":{"average_rating":null,"number_of_questions":null,"number_of_reviews":null},"set_components":null,"shade_groups":null,"shades":[{"description":"","hex_val":"#694534","image":{"height":null,"src":"","width":null},"name":"CN 126 Espresso (D)","smoosh_design":{"group_id":null,"name":""}}],"sizes":[{"key":1,"value":null}],"skin":{"tone":null,"type":null,"type_description":null},"sku_badge":null,"sku_badge_image":null,"sku_display_order":0,"sku_id":"KY1933","sku_promo_messaging":null,"sku_type":"SE","sku_url":null,"tags":{"total":2,"items":[{"id":"1590","key":"i̇ndi̇ri̇mli̇-ürünler","value":"İNDİRİMLİ ÜRÜNLER"},{"id":"1599","key":"fondöten","value":"FONDÖTEN"}]},"texture":null,"undertone":null,"unit_of_measure":null,"unit_size":null,"unit_size_formatted":null,"upc":"192333078150","vto":{"is_color_experience":null,"is_foundation_experience":null}},{"color_family":null,"coverage_options":null,"cross_sell":null,"display_status":7,"finish":null,"finish_options":null,"fragrances":[{"family":null,"key":null,"value":null}],"iln_listing":"Ingredients: Dimethicone , Water\\Aqua\\Eau , Zinc Oxide , Peg-10 Dimethicone , Butylene Glycol , Vinyl Dimethicone/Methicone Silsesquioxane Crosspolymer , Phenyl Trimethicone , Isododecane , Butyloctyl Salicylate , Titanium Dioxide , Isodecyl Isononanoate , Lauryl Peg-9 Polydimethylsiloxyethyl Dimethicone , Alcohol Denat. , Dimethicone/Vinyl Dimethicone Crosspolymer , Hydrated Silica , Ascorbyl Glucoside , Tetrahexyldecyl Ascorbate , Magnesium Ascorbyl Phosphate , Sodium Hyaluronate , Tocopheryl Acetate , Laminaria Saccharina Extract , Polygala Senega Root Extract , Berberis Vulgaris Extract , Nymphaea Alba Root Extract , Camellia Sinensis Leaf Extract , Salvia Hispanica Seed Extract , Molasses Extract\\Saccharum Officinarum\\Extrait De Mélasse , Dimethoxytolyl Propylresorcinol , Caffeine , Niacinamide , Salicylic Acid , Linoleic Acid , Tocopherol , Lactoperoxidase , Glucose Oxidase , Lactobacillus Ferment , Glycyrrhetinic Acid , Cholesterol , Jojoba Esters , Glucose , Polysilicone-11 , Laureth-7 , Trimethylsiloxysilicate , Sorbitan Sesquioleate , Lecithin , Xanthan Gum , Silica , Caprylyl Glycol , Dimethicone/Peg-10/15 Crosspolymer , Disteardimonium Hectorite , Triethoxycaprylylsilane , Alumina , Propylene Carbonate , Dipropylene Glycol , Sodium Chloride , Sodium Hydroxide , Citric Acid , Potassium Phosphate , Tetrasodium Edta , Sodium Citrate , Potassium Sorbate , Phenoxyethanol ,  [+/- Mica , Titanium Dioxide (Ci 77891) , Iron Oxides (Ci 77491) , Iron Oxides (Ci 77492) , Iron Oxides (Ci 77499)] <ILN47716>","iln_version_number":"ILN47716","inventory_status":"Sold Out","is_active":null,"is_coming_soon":null,"is_default_sku":false,"is_discountable":true,"is_displayable":null,"is_engravable":null,"is_fragrance":null,"is_giftable":null,"is_giftwrap":false,"is_inactive":null,"is_multi_shaded":null,"is_out_of_stock":null,"is_preorder":false,"is_preorderable":null,"is_promotional":null,"is_replenishable":false,"is_search_suppressed":null,"is_searchable":true,"is_shaded":null,"is_sized":null,"is_sold_out":true,"is_under_weight_hazmat":false,"is_vto_enabled":null,"life_of_product":"Limited life","material_code":"KY19050000","media":{"large":[{"alt":"YENİ | Even Better Clinical Serum Fondöten SPF 20","height":1200,"position":0,"src":"/media/export/cms/products/1200x1500/cl_sku_KY1905_1200x1500_0.png","type":"image","width":1500}],"medium":[{"alt":"YENİ | Even Better Clinical Serum Fondöten SPF 20","height":600,"position":1,"src":"/media/export/cms/products/600x750/cl_sku_KY1905_600x750_0.png","type":"image","width":750}],"model":null,"poster":null,"small":[{"alt":"YENİ | Even Better Clinical Serum Fondöten SPF 20","height":1200,"position":2,"src":"/media/export/cms/products/1200x1500/cl_sku_KY1905_1200x1500_0.png","type":"image","width":1500}],"smoosh":null,"xl":null},"out_of_stock_threshold":null,"perlgem":{"SKU_BASE_ID":128580},"preorder_date":null,"prices":[{"currency":"TRY","exclude_tax":{"original_price":370,"original_price_formatted":"370.00 TL","price":370,"price_formatted":"370.00 TL","price_per_unit":null,"price_per_unit_formatted":""},"include_tax":{"original_price":370,"original_price_formatted":"370.00 TL","price":370,"price_formatted":"370.00 TL","price_per_unit":null,"price_per_unit_formatted":""},"is_discounted":false}],"purchase_limit":null,"replenishment":{"message":null},"reviews":{"average_rating":null,"number_of_questions":null,"number_of_reviews":null},"set_components":null,"shade_groups":null,"shades":[{"description":"","hex_val":"#dcab86","image":{"height":null,"src":"","width":null},"name":"CN 52 Neutral (MF)","smoosh_design":{"group_id":null,"name":""}}],"sizes":[{"key":1,"value":null}],"skin":{"tone":null,"type":null,"type_description":null},"sku_badge":null,"sku_badge_image":null,"sku_display_order":0,"sku_id":"KY1905","sku_promo_messaging":null,"sku_type":"SE","sku_url":null,"tags":{"total":1,"items":[{"id":"1599","key":"fondöten","value":"FONDÖTEN"}]},"texture":null,"undertone":null,"unit_of_measure":null,"unit_size":null,"unit_size_formatted":null,"upc":"192333077870","vto":{"is_color_experience":null,"is_foundation_experience":null}},{"color_family":null,"coverage_options":null,"cross_sell":null,"display_status":7,"finish":null,"finish_options":null,"fragrances":[{"family":null,"key":null,"value":null}],"iln_listing":"Ingredients: Dimethicone , Water\\Aqua\\Eau , Zinc Oxide , Peg-10 Dimethicone , Butylene Glycol , Vinyl Dimethicone/Methicone Silsesquioxane Crosspolymer , Phenyl Trimethicone , Isododecane , Butyloctyl Salicylate , Titanium Dioxide , Isodecyl Isononanoate , Lauryl Peg-9 Polydimethylsiloxyethyl Dimethicone , Alcohol Denat. , Dimethicone/Vinyl Dimethicone Crosspolymer , Hydrated Silica , Ascorbyl Glucoside , Tetrahexyldecyl Ascorbate , Magnesium Ascorbyl Phosphate , Sodium Hyaluronate , Tocopheryl Acetate , Laminaria Saccharina Extract , Polygala Senega Root Extract , Berberis Vulgaris Extract , Nymphaea Alba Root Extract , Camellia Sinensis Leaf Extract , Salvia Hispanica Seed Extract , Molasses Extract\\Saccharum Officinarum\\Extrait De Mélasse , Dimethoxytolyl Propylresorcinol , Caffeine , Niacinamide , Salicylic Acid , Linoleic Acid , Tocopherol , Lactoperoxidase , Glucose Oxidase , Lactobacillus Ferment , Glycyrrhetinic Acid , Cholesterol , Jojoba Esters , Glucose , Polysilicone-11 , Laureth-7 , Trimethylsiloxysilicate , Sorbitan Sesquioleate , Lecithin , Xanthan Gum , Silica , Caprylyl Glycol , Dimethicone/Peg-10/15 Crosspolymer , Disteardimonium Hectorite , Triethoxycaprylylsilane , Alumina , Propylene Carbonate , Dipropylene Glycol , Sodium Chloride , Sodium Hydroxide , Citric Acid , Potassium Phosphate , Tetrasodium Edta , Sodium Citrate , Potassium Sorbate , Phenoxyethanol ,  [+/- Mica , Titanium Dioxide (Ci 77891) , Iron Oxides (Ci 77491) , Iron Oxides (Ci 77492) , Iron Oxides (Ci 77499)] <ILN47716>","iln_version_number":"ILN47716","inventory_status":"Active","is_active":true,"is_coming_soon":null,"is_default_sku":false,"is_discountable":true,"is_displayable":null,"is_engravable":null,"is_fragrance":null,"is_giftable":null,"is_giftwrap":false,"is_inactive":null,"is_multi_shaded":null,"is_out_of_stock":null,"is_preorder":false,"is_preorderable":null,"is_promotional":null,"is_replenishable":false,"is_search_suppressed":null,"is_searchable":true,"is_shaded":null,"is_sized":null,"is_sold_out":null,"is_under_weight_hazmat":false,"is_vto_enabled":null,"life_of_product":"Limited life","material_code":"KY19190000","media":{"large":[{"alt":"YENİ | Even Better Clinical Serum Fondöten SPF 20","height":1200,"position":0,"src":"/media/export/cms/products/1200x1500/cl_sku_KY1919_1200x1500_0.png","type":"image","width":1500}],"medium":[{"alt":"YENİ | Even Better Clinical Serum Fondöten SPF 20","height":600,"position":1,"src":"/media/export/cms/products/600x750/cl_sku_KY1919_600x750_0.png","type":"image","width":750}],"model":null,"poster":null,"small":[{"alt":"YENİ | Even Better Clinical Serum Fondöten SPF 20","height":1200,"position":2,"src":"/media/export/cms/products/1200x1500/cl_sku_KY1919_1200x1500_0.png","type":"image","width":1500}],"smoosh":null,"xl":null},"out_of_stock_threshold":null,"perlgem":{"SKU_BASE_ID":128602},"preorder_date":null,"prices":[{"currency":"TRY","exclude_tax":{"original_price":370,"original_price_formatted":"370.00 TL","price":370,"price_formatted":"370.00 TL","price_per_unit":null,"price_per_unit_formatted":""},"include_tax":{"original_price":370,"original_price_formatted":"370.00 TL","price":370,"price_formatted":"370.00 TL","price_per_unit":null,"price_per_unit_formatted":""},"is_discounted":false}],"purchase_limit":null,"replenishment":{"message":null},"reviews":{"average_rating":null,"number_of_questions":null,"number_of_reviews":null},"set_components":null,"shade_groups":null,"shades":[{"description":"","hex_val":"#9b5e3b","image":{"height":null,"src":"","width":null},"name":"WN 122 Clove (D)","smoosh_design":{"group_id":null,"name":""}}],"sizes":[{"key":1,"value":null}],"skin":{"tone":null,"type":null,"type_description":null},"sku_badge":null,"sku_badge_image":null,"sku_display_order":0,"sku_id":"KY1919","sku_promo_messaging":null,"sku_type":"SE","sku_url":null,"tags":{"total":2,"items":[{"id":"1590","key":"i̇ndi̇ri̇mli̇-ürünler","value":"İNDİRİMLİ ÜRÜNLER"},{"id":"1599","key":"fondöten","value":"FONDÖTEN"}]},"texture":null,"undertone":null,"unit_of_measure":null,"unit_size":null,"unit_size_formatted":null,"upc":"192333078013","vto":{"is_color_experience":null,"is_foundation_experience":null}},{"color_family":null,"coverage_options":null,"cross_sell":null,"display_status":7,"finish":null,"finish_options":null,"fragrances":[{"family":null,"key":null,"value":null}],"iln_listing":"Ingredients: Dimethicone , Water\\Aqua\\Eau , Zinc Oxide , Peg-10 Dimethicone , Butylene Glycol , Vinyl Dimethicone/Methicone Silsesquioxane Crosspolymer , Phenyl Trimethicone , Isododecane , Butyloctyl Salicylate , Titanium Dioxide , Isodecyl Isononanoate , Lauryl Peg-9 Polydimethylsiloxyethyl Dimethicone , Alcohol Denat. , Dimethicone/Vinyl Dimethicone Crosspolymer , Hydrated Silica , Ascorbyl Glucoside , Tetrahexyldecyl Ascorbate , Magnesium Ascorbyl Phosphate , Sodium Hyaluronate , Tocopheryl Acetate , Laminaria Saccharina Extract , Polygala Senega Root Extract , Berberis Vulgaris Extract , Nymphaea Alba Root Extract , Camellia Sinensis Leaf Extract , Salvia Hispanica Seed Extract , Molasses Extract\\Saccharum Officinarum\\Extrait De Mélasse , Dimethoxytolyl Propylresorcinol , Caffeine , Niacinamide , Salicylic Acid , Linoleic Acid , Tocopherol , Lactoperoxidase , Glucose Oxidase , Lactobacillus Ferment , Glycyrrhetinic Acid , Cholesterol , Jojoba Esters , Glucose , Polysilicone-11 , Laureth-7 , Trimethylsiloxysilicate , Sorbitan Sesquioleate , Lecithin , Xanthan Gum , Silica , Caprylyl Glycol , Dimethicone/Peg-10/15 Crosspolymer , Disteardimonium Hectorite , Triethoxycaprylylsilane , Alumina , Propylene Carbonate , Dipropylene Glycol , Sodium Chloride , Sodium Hydroxide , Citric Acid , Potassium Phosphate , Tetrasodium Edta , Sodium Citrate , Potassium Sorbate , Phenoxyethanol ,  [+/- Mica , Titanium Dioxide (Ci 77891) , Iron Oxides (Ci 77491) , Iron Oxides (Ci 77492) , Iron Oxides (Ci 77499)] <ILN47716>","iln_version_number":"ILN47716","inventory_status":"Active","is_active":true,"is_coming_soon":null,"is_default_sku":false,"is_discountable":true,"is_displayable":null,"is_engravable":null,"is_fragrance":null,"is_giftable":null,"is_giftwrap":false,"is_inactive":null,"is_multi_shaded":null,"is_out_of_stock":null,"is_preorder":false,"is_preorderable":null,"is_promotional":null,"is_replenishable":false,"is_search_suppressed":null,"is_searchable":true,"is_shaded":null,"is_sized":null,"is_sold_out":null,"is_under_weight_hazmat":false,"is_vto_enabled":null,"life_of_product":"Limited life","material_code":"KY19320000","media":{"large":[{"alt":"YENİ | Even Better Clinical Serum Fondöten SPF 20","height":1200,"position":0,"src":"/media/export/cms/products/1200x1500/cl_sku_KY1932_1200x1500_0.png","type":"image","width":1500}],"medium":[{"alt":"YENİ | Even Better Clinical Serum Fondöten SPF 20","height":600,"position":1,"src":"/media/export/cms/products/600x750/cl_sku_KY1932_600x750_0.png","type":"image","width":750}],"model":null,"poster":null,"small":[{"alt":"YENİ | Even Better Clinical Serum Fondöten SPF 20","height":1200,"position":2,"src":"/media/export/cms/products/1200x1500/cl_sku_KY1932_1200x1500_0.png","type":"image","width":1500}],"smoosh":null,"xl":null},"out_of_stock_threshold":null,"perlgem":{"SKU_BASE_ID":128601},"preorder_date":null,"prices":[{"currency":"TRY","exclude_tax":{"original_price":370,"original_price_formatted":"370.00 TL","price":370,"price_formatted":"370.00 TL","price_per_unit":null,"price_per_unit_formatted":""},"include_tax":{"original_price":370,"original_price_formatted":"370.00 TL","price":370,"price_formatted":"370.00 TL","price_per_unit":null,"price_per_unit_formatted":""},"is_discounted":false}],"purchase_limit":null,"replenishment":{"message":null},"reviews":{"average_rating":null,"number_of_questions":null,"number_of_reviews":null},"set_components":null,"shade_groups":null,"shades":[{"description":"","hex_val":"#B3774E","image":{"height":null,"src":"","width":null},"name":"WN 120 Pecan (D)","smoosh_design":{"group_id":null,"name":""}}],"sizes":[{"key":1,"value":null}],"skin":{"tone":null,"type":null,"type_description":null},"sku_badge":null,"sku_badge_image":null,"sku_display_order":0,"sku_id":"KY1932","sku_promo_messaging":null,"sku_type":"SE","sku_url":null,"tags":{"total":2,"items":[{"id":"1590","key":"i̇ndi̇ri̇mli̇-ürünler","value":"İNDİRİMLİ ÜRÜNLER"},{"id":"1599","key":"fondöten","value":"FONDÖTEN"}]},"texture":null,"undertone":null,"unit_of_measure":null,"unit_size":null,"unit_size_formatted":null,"upc":"192333078143","vto":{"is_color_experience":null,"is_foundation_experience":null}},{"color_family":null,"coverage_options":null,"cross_sell":null,"display_status":7,"finish":null,"finish_options":null,"fragrances":[{"family":null,"key":null,"value":null}],"iln_listing":"Ingredients: Dimethicone , Water\\Aqua\\Eau , Zinc Oxide , Peg-10 Dimethicone , Butylene Glycol , Vinyl Dimethicone/Methicone Silsesquioxane Crosspolymer , Phenyl Trimethicone , Isododecane , Butyloctyl Salicylate , Titanium Dioxide , Isodecyl Isononanoate , Lauryl Peg-9 Polydimethylsiloxyethyl Dimethicone , Alcohol Denat. , Dimethicone/Vinyl Dimethicone Crosspolymer , Hydrated Silica , Ascorbyl Glucoside , Tetrahexyldecyl Ascorbate , Magnesium Ascorbyl Phosphate , Sodium Hyaluronate , Tocopheryl Acetate , Laminaria Saccharina Extract , Polygala Senega Root Extract , Berberis Vulgaris Extract , Nymphaea Alba Root Extract , Camellia Sinensis Leaf Extract , Salvia Hispanica Seed Extract , Molasses Extract\\Saccharum Officinarum\\Extrait De Mélasse , Dimethoxytolyl Propylresorcinol , Caffeine , Niacinamide , Salicylic Acid , Linoleic Acid , Tocopherol , Lactoperoxidase , Glucose Oxidase , Lactobacillus Ferment , Glycyrrhetinic Acid , Cholesterol , Jojoba Esters , Glucose , Polysilicone-11 , Laureth-7 , Trimethylsiloxysilicate , Sorbitan Sesquioleate , Lecithin , Xanthan Gum , Silica , Caprylyl Glycol , Dimethicone/Peg-10/15 Crosspolymer , Disteardimonium Hectorite , Triethoxycaprylylsilane , Alumina , Propylene Carbonate , Dipropylene Glycol , Sodium Chloride , Sodium Hydroxide , Citric Acid , Potassium Phosphate , Tetrasodium Edta , Sodium Citrate , Potassium Sorbate , Phenoxyethanol ,  [+/- Mica , Titanium Dioxide (Ci 77891) , Iron Oxides (Ci 77491) , Iron Oxides (Ci 77492) , Iron Oxides (Ci 77499)] <ILN47716>","iln_version_number":"ILN47716","inventory_status":"Active","is_active":true,"is_coming_soon":null,"is_default_sku":false,"is_discountable":true,"is_displayable":null,"is_engravable":null,"is_fragrance":null,"is_giftable":null,"is_giftwrap":false,"is_inactive":null,"is_multi_shaded":null,"is_out_of_stock":null,"is_preorder":false,"is_preorderable":null,"is_promotional":null,"is_replenishable":false,"is_search_suppressed":null,"is_searchable":true,"is_shaded":null,"is_sized":null,"is_sold_out":null,"is_under_weight_hazmat":false,"is_vto_enabled":null,"life_of_product":"Limited life","material_code":"KY19600000","media":{"large":[{"alt":"YENİ | Even Better Clinical Serum Fondöten SPF 20","height":1200,"position":0,"src":"/media/export/cms/products/1200x1500/cl_sku_KY1960_1200x1500_0.png","type":"image","width":1500}],"medium":[{"alt":"YENİ | Even Better Clinical Serum Fondöten SPF 20","height":600,"position":1,"src":"/media/export/cms/products/600x750/cl_sku_KY1960_600x750_0.png","type":"image","width":750}],"model":null,"poster":null,"small":[{"alt":"YENİ | Even Better Clinical Serum Fondöten SPF 20","height":1200,"position":2,"src":"/media/export/cms/products/1200x1500/cl_sku_KY1960_1200x1500_0.png","type":"image","width":1500}],"smoosh":null,"xl":null},"out_of_stock_threshold":null,"perlgem":{"SKU_BASE_ID":128606},"preorder_date":null,"prices":[{"currency":"TRY","exclude_tax":{"original_price":370,"original_price_formatted":"370.00 TL","price":370,"price_formatted":"370.00 TL","price_per_unit":null,"price_per_unit_formatted":""},"include_tax":{"original_price":370,"original_price_formatted":"370.00 TL","price":370,"price_formatted":"370.00 TL","price_per_unit":null,"price_per_unit_formatted":""},"is_discounted":false}],"purchase_limit":null,"replenishment":{"message":null},"reviews":{"average_rating":null,"number_of_questions":null,"number_of_reviews":null},"set_components":null,"shade_groups":null,"shades":[{"description":"","hex_val":"#6d4735","image":{"height":null,"src":"","width":null},"name":"CN 127 Truffle (D)","smoosh_design":{"group_id":null,"name":""}}],"sizes":[{"key":1,"value":null}],"skin":{"tone":null,"type":null,"type_description":null},"sku_badge":null,"sku_badge_image":null,"sku_display_order":0,"sku_id":"KY1960","sku_promo_messaging":null,"sku_type":"SE","sku_url":null,"tags":{"total":2,"items":[{"id":"1590","key":"i̇ndi̇ri̇mli̇-ürünler","value":"İNDİRİMLİ ÜRÜNLER"},{"id":"1599","key":"fondöten","value":"FONDÖTEN"}]},"texture":null,"undertone":null,"unit_of_measure":null,"unit_size":null,"unit_size_formatted":null,"upc":"192333078426","vto":{"is_color_experience":null,"is_foundation_experience":null}},{"color_family":null,"coverage_options":null,"cross_sell":null,"display_status":7,"finish":null,"finish_options":null,"fragrances":[{"family":null,"key":null,"value":null}],"iln_listing":"Ingredients: Dimethicone , Water\\Aqua\\Eau , Zinc Oxide , Peg-10 Dimethicone , Butylene Glycol , Vinyl Dimethicone/Methicone Silsesquioxane Crosspolymer , Phenyl Trimethicone , Isododecane , Butyloctyl Salicylate , Titanium Dioxide , Isodecyl Isononanoate , Lauryl Peg-9 Polydimethylsiloxyethyl Dimethicone , Alcohol Denat. , Dimethicone/Vinyl Dimethicone Crosspolymer , Hydrated Silica , Ascorbyl Glucoside , Tetrahexyldecyl Ascorbate , Magnesium Ascorbyl Phosphate , Sodium Hyaluronate , Tocopheryl Acetate , Laminaria Saccharina Extract , Polygala Senega Root Extract , Berberis Vulgaris Extract , Nymphaea Alba Root Extract , Camellia Sinensis Leaf Extract , Salvia Hispanica Seed Extract , Molasses Extract\\Saccharum Officinarum\\Extrait De Mélasse , Dimethoxytolyl Propylresorcinol , Caffeine , Niacinamide , Salicylic Acid , Linoleic Acid , Tocopherol , Lactoperoxidase , Glucose Oxidase , Lactobacillus Ferment , Glycyrrhetinic Acid , Cholesterol , Jojoba Esters , Glucose , Polysilicone-11 , Laureth-7 , Trimethylsiloxysilicate , Sorbitan Sesquioleate , Lecithin , Xanthan Gum , Silica , Caprylyl Glycol , Dimethicone/Peg-10/15 Crosspolymer , Disteardimonium Hectorite , Triethoxycaprylylsilane , Alumina , Propylene Carbonate , Dipropylene Glycol , Sodium Chloride , Sodium Hydroxide , Citric Acid , Potassium Phosphate , Tetrasodium Edta , Sodium Citrate , Potassium Sorbate , Phenoxyethanol ,  [+/- Mica , Titanium Dioxide (Ci 77891) , Iron Oxides (Ci 77491) , Iron Oxides (Ci 77492) , Iron Oxides (Ci 77499)] <ILN47716>","iln_version_number":"ILN47716","inventory_status":"Active","is_active":true,"is_coming_soon":null,"is_default_sku":false,"is_discountable":true,"is_displayable":null,"is_engravable":null,"is_fragrance":null,"is_giftable":null,"is_giftwrap":false,"is_inactive":null,"is_multi_shaded":null,"is_out_of_stock":null,"is_preorder":false,"is_preorderable":null,"is_promotional":null,"is_replenishable":false,"is_search_suppressed":null,"is_searchable":true,"is_shaded":null,"is_sized":null,"is_sold_out":null,"is_under_weight_hazmat":false,"is_vto_enabled":null,"life_of_product":"Limited life","material_code":"KY19560000","media":{"large":[{"alt":"YENİ | Even Better Clinical Serum Fondöten SPF 20","height":1200,"position":0,"src":"/media/export/cms/products/1200x1500/cl_sku_KY1956_1200x1500_0.png","type":"image","width":1500}],"medium":[{"alt":"YENİ | Even Better Clinical Serum Fondöten SPF 20","height":600,"position":1,"src":"/media/export/cms/products/600x750/cl_sku_KY1956_600x750_0.png","type":"image","width":750}],"model":null,"poster":null,"small":[{"alt":"YENİ | Even Better Clinical Serum Fondöten SPF 20","height":1200,"position":2,"src":"/media/export/cms/products/1200x1500/cl_sku_KY1956_1200x1500_0.png","type":"image","width":1500}],"smoosh":null,"xl":null},"out_of_stock_threshold":null,"perlgem":{"SKU_BASE_ID":128598},"preorder_date":null,"prices":[{"currency":"TRY","exclude_tax":{"original_price":370,"original_price_formatted":"370.00 TL","price":370,"price_formatted":"370.00 TL","price_per_unit":null,"price_per_unit_formatted":""},"include_tax":{"original_price":370,"original_price_formatted":"370.00 TL","price":370,"price_formatted":"370.00 TL","price_per_unit":null,"price_per_unit_formatted":""},"is_discounted":false}],"purchase_limit":null,"replenishment":{"message":null},"reviews":{"average_rating":null,"number_of_questions":null,"number_of_reviews":null},"set_components":null,"shade_groups":null,"shades":[{"description":"","hex_val":"#b67f54","image":{"height":null,"src":"","width":null},"name":"WN 115.5 Mocha (D)","smoosh_design":{"group_id":null,"name":""}}],"sizes":[{"key":1,"value":null}],"skin":{"tone":null,"type":null,"type_description":null},"sku_badge":null,"sku_badge_image":null,"sku_display_order":0,"sku_id":"KY1956","sku_promo_messaging":null,"sku_type":"SE","sku_url":null,"tags":{"total":2,"items":[{"id":"1590","key":"i̇ndi̇ri̇mli̇-ürünler","value":"İNDİRİMLİ ÜRÜNLER"},{"id":"1599","key":"fondöten","value":"FONDÖTEN"}]},"texture":null,"undertone":null,"unit_of_measure":null,"unit_size":null,"unit_size_formatted":null,"upc":"192333078389","vto":{"is_color_experience":null,"is_foundation_experience":null}},{"color_family":null,"coverage_options":null,"cross_sell":null,"display_status":7,"finish":null,"finish_options":null,"fragrances":[{"family":null,"key":null,"value":null}],"iln_listing":"Ingredients: Dimethicone , Water\\Aqua\\Eau , Zinc Oxide , Peg-10 Dimethicone , Butylene Glycol , Vinyl Dimethicone/Methicone Silsesquioxane Crosspolymer , Phenyl Trimethicone , Isododecane , Butyloctyl Salicylate , Titanium Dioxide , Isodecyl Isononanoate , Lauryl Peg-9 Polydimethylsiloxyethyl Dimethicone , Alcohol Denat. , Dimethicone/Vinyl Dimethicone Crosspolymer , Hydrated Silica , Ascorbyl Glucoside , Tetrahexyldecyl Ascorbate , Magnesium Ascorbyl Phosphate , Sodium Hyaluronate , Tocopheryl Acetate , Laminaria Saccharina Extract , Polygala Senega Root Extract , Berberis Vulgaris Extract , Nymphaea Alba Root Extract , Camellia Sinensis Leaf Extract , Salvia Hispanica Seed Extract , Molasses Extract\\Saccharum Officinarum\\Extrait De Mélasse , Dimethoxytolyl Propylresorcinol , Caffeine , Niacinamide , Salicylic Acid , Linoleic Acid , Tocopherol , Lactoperoxidase , Glucose Oxidase , Lactobacillus Ferment , Glycyrrhetinic Acid , Cholesterol , Jojoba Esters , Glucose , Polysilicone-11 , Laureth-7 , Trimethylsiloxysilicate , Sorbitan Sesquioleate , Lecithin , Xanthan Gum , Silica , Caprylyl Glycol , Dimethicone/Peg-10/15 Crosspolymer , Disteardimonium Hectorite , Triethoxycaprylylsilane , Alumina , Propylene Carbonate , Dipropylene Glycol , Sodium Chloride , Sodium Hydroxide , Citric Acid , Potassium Phosphate , Tetrasodium Edta , Sodium Citrate , Potassium Sorbate , Phenoxyethanol ,  [+/- Mica , Titanium Dioxide (Ci 77891) , Iron Oxides (Ci 77491) , Iron Oxides (Ci 77492) , Iron Oxides (Ci 77499)] <ILN47716>","iln_version_number":"ILN47716","inventory_status":"Active","is_active":true,"is_coming_soon":null,"is_default_sku":false,"is_discountable":true,"is_displayable":null,"is_engravable":null,"is_fragrance":null,"is_giftable":null,"is_giftwrap":false,"is_inactive":null,"is_multi_shaded":null,"is_out_of_stock":null,"is_preorder":false,"is_preorderable":null,"is_promotional":null,"is_replenishable":false,"is_search_suppressed":null,"is_searchable":true,"is_shaded":null,"is_sized":null,"is_sold_out":null,"is_under_weight_hazmat":false,"is_vto_enabled":null,"life_of_product":"Limited life","material_code":"KY19150000","media":{"large":[{"alt":"YENİ | Even Better Clinical Serum Fondöten SPF 20","height":1200,"position":0,"src":"/media/export/cms/products/1200x1500/cl_sku_KY1915_1200x1500_0.png","type":"image","width":1500}],"medium":[{"alt":"YENİ | Even Better Clinical Serum Fondöten SPF 20","height":600,"position":1,"src":"/media/export/cms/products/600x750/cl_sku_KY1915_600x750_0.png","type":"image","width":750}],"model":null,"poster":null,"small":[{"alt":"YENİ | Even Better Clinical Serum Fondöten SPF 20","height":1200,"position":2,"src":"/media/export/cms/products/1200x1500/cl_sku_KY1915_1200x1500_0.png","type":"image","width":1500}],"smoosh":null,"xl":null},"out_of_stock_threshold":null,"perlgem":{"SKU_BASE_ID":128593},"preorder_date":null,"prices":[{"currency":"TRY","exclude_tax":{"original_price":370,"original_price_formatted":"370.00 TL","price":370,"price_formatted":"370.00 TL","price_per_unit":null,"price_per_unit_formatted":""},"include_tax":{"original_price":370,"original_price_formatted":"370.00 TL","price":370,"price_formatted":"370.00 TL","price_per_unit":null,"price_per_unit_formatted":""},"is_discounted":false}],"purchase_limit":null,"replenishment":{"message":null},"reviews":{"average_rating":null,"number_of_questions":null,"number_of_reviews":null},"set_components":null,"shade_groups":null,"shades":[{"description":"","hex_val":"#c8874e","image":{"height":null,"src":"","width":null},"name":"WN 98 Cream Caramel (M)","smoosh_design":{"group_id":null,"name":""}}],"sizes":[{"key":1,"value":null}],"skin":{"tone":null,"type":null,"type_description":null},"sku_badge":null,"sku_badge_image":null,"sku_display_order":0,"sku_id":"KY1915","sku_promo_messaging":null,"sku_type":"SE","sku_url":null,"tags":{"total":2,"items":[{"id":"1590","key":"i̇ndi̇ri̇mli̇-ürünler","value":"İNDİRİMLİ ÜRÜNLER"},{"id":"1599","key":"fondöten","value":"FONDÖTEN"}]},"texture":null,"undertone":null,"unit_of_measure":null,"unit_size":null,"unit_size_formatted":null,"upc":"192333077979","vto":{"is_color_experience":null,"is_foundation_experience":null}},{"color_family":null,"coverage_options":null,"cross_sell":null,"display_status":7,"finish":null,"finish_options":null,"fragrances":[{"family":null,"key":null,"value":null}],"iln_listing":"Ingredients: Dimethicone , Water\\Aqua\\Eau , Zinc Oxide , Peg-10 Dimethicone , Butylene Glycol , Vinyl Dimethicone/Methicone Silsesquioxane Crosspolymer , Phenyl Trimethicone , Isododecane , Butyloctyl Salicylate , Titanium Dioxide , Isodecyl Isononanoate , Lauryl Peg-9 Polydimethylsiloxyethyl Dimethicone , Alcohol Denat. , Dimethicone/Vinyl Dimethicone Crosspolymer , Hydrated Silica , Ascorbyl Glucoside , Tetrahexyldecyl Ascorbate , Magnesium Ascorbyl Phosphate , Sodium Hyaluronate , Tocopheryl Acetate , Laminaria Saccharina Extract , Polygala Senega Root Extract , Berberis Vulgaris Extract , Nymphaea Alba Root Extract , Camellia Sinensis Leaf Extract , Salvia Hispanica Seed Extract , Molasses Extract\\Saccharum Officinarum\\Extrait De Mélasse , Dimethoxytolyl Propylresorcinol , Caffeine , Niacinamide , Salicylic Acid , Linoleic Acid , Tocopherol , Lactoperoxidase , Glucose Oxidase , Lactobacillus Ferment , Glycyrrhetinic Acid , Cholesterol , Jojoba Esters , Glucose , Polysilicone-11 , Laureth-7 , Trimethylsiloxysilicate , Sorbitan Sesquioleate , Lecithin , Xanthan Gum , Silica , Caprylyl Glycol , Dimethicone/Peg-10/15 Crosspolymer , Disteardimonium Hectorite , Triethoxycaprylylsilane , Alumina , Propylene Carbonate , Dipropylene Glycol , Sodium Chloride , Sodium Hydroxide , Citric Acid , Potassium Phosphate , Tetrasodium Edta , Sodium Citrate , Potassium Sorbate , Phenoxyethanol ,  [+/- Mica , Titanium Dioxide (Ci 77891) , Iron Oxides (Ci 77491) , Iron Oxides (Ci 77492) , Iron Oxides (Ci 77499)] <ILN47716>","iln_version_number":"ILN47716","inventory_status":"Active","is_active":true,"is_coming_soon":null,"is_default_sku":false,"is_discountable":true,"is_displayable":null,"is_engravable":null,"is_fragrance":null,"is_giftable":null,"is_giftwrap":false,"is_inactive":null,"is_multi_shaded":null,"is_out_of_stock":null,"is_preorder":false,"is_preorderable":null,"is_promotional":null,"is_replenishable":false,"is_search_suppressed":null,"is_searchable":true,"is_shaded":null,"is_sized":null,"is_sold_out":null,"is_under_weight_hazmat":false,"is_vto_enabled":null,"life_of_product":"Limited life","material_code":"KY19120000","media":{"large":[{"alt":"YENİ | Even Better Clinical Serum Fondöten SPF 20","height":1200,"position":0,"src":"/media/export/cms/products/1200x1500/cl_sku_KY1912_1200x1500_0.png","type":"image","width":1500}],"medium":[{"alt":"YENİ | Even Better Clinical Serum Fondöten SPF 20","height":600,"position":1,"src":"/media/export/cms/products/600x750/cl_sku_KY1912_600x750_0.png","type":"image","width":750}],"model":null,"poster":null,"small":[{"alt":"YENİ | Even Better Clinical Serum Fondöten SPF 20","height":1200,"position":2,"src":"/media/export/cms/products/1200x1500/cl_sku_KY1912_1200x1500_0.png","type":"image","width":1500}],"smoosh":null,"xl":null},"out_of_stock_threshold":null,"perlgem":{"SKU_BASE_ID":128596},"preorder_date":null,"prices":[{"currency":"TRY","exclude_tax":{"original_price":370,"original_price_formatted":"370.00 TL","price":370,"price_formatted":"370.00 TL","price_per_unit":null,"price_per_unit_formatted":""},"include_tax":{"original_price":370,"original_price_formatted":"370.00 TL","price":370,"price_formatted":"370.00 TL","price_per_unit":null,"price_per_unit_formatted":""},"is_discounted":false}],"purchase_limit":null,"replenishment":{"message":null},"reviews":{"average_rating":null,"number_of_questions":null,"number_of_reviews":null},"set_components":null,"shade_groups":null,"shades":[{"description":"","hex_val":"#be793e","image":{"height":null,"src":"","width":null},"name":"WN 112 Ginger (M)","smoosh_design":{"group_id":null,"name":""}}],"sizes":[{"key":1,"value":null}],"skin":{"tone":null,"type":null,"type_description":null},"sku_badge":null,"sku_badge_image":null,"sku_display_order":0,"sku_id":"KY1912","sku_promo_messaging":null,"sku_type":"SE","sku_url":null,"tags":{"total":2,"items":[{"id":"1590","key":"i̇ndi̇ri̇mli̇-ürünler","value":"İNDİRİMLİ ÜRÜNLER"},{"id":"1599","key":"fondöten","value":"FONDÖTEN"}]},"texture":null,"undertone":null,"unit_of_measure":null,"unit_size":null,"unit_size_formatted":null,"upc":"192333077948","vto":{"is_color_experience":null,"is_foundation_experience":null}},{"color_family":null,"coverage_options":null,"cross_sell":null,"display_status":7,"finish":null,"finish_options":null,"fragrances":[{"family":null,"key":null,"value":null}],"iln_listing":"Ingredients: Dimethicone , Water\\Aqua\\Eau , Zinc Oxide , Peg-10 Dimethicone , Butylene Glycol , Vinyl Dimethicone/Methicone Silsesquioxane Crosspolymer , Phenyl Trimethicone , Isododecane , Butyloctyl Salicylate , Titanium Dioxide , Isodecyl Isononanoate , Lauryl Peg-9 Polydimethylsiloxyethyl Dimethicone , Alcohol Denat. , Dimethicone/Vinyl Dimethicone Crosspolymer , Hydrated Silica , Ascorbyl Glucoside , Tetrahexyldecyl Ascorbate , Magnesium Ascorbyl Phosphate , Sodium Hyaluronate , Tocopheryl Acetate , Laminaria Saccharina Extract , Polygala Senega Root Extract , Berberis Vulgaris Extract , Nymphaea Alba Root Extract , Camellia Sinensis Leaf Extract , Salvia Hispanica Seed Extract , Molasses Extract\\Saccharum Officinarum\\Extrait De Mélasse , Dimethoxytolyl Propylresorcinol , Caffeine , Niacinamide , Salicylic Acid , Linoleic Acid , Tocopherol , Lactoperoxidase , Glucose Oxidase , Lactobacillus Ferment , Glycyrrhetinic Acid , Cholesterol , Jojoba Esters , Glucose , Polysilicone-11 , Laureth-7 , Trimethylsiloxysilicate , Sorbitan Sesquioleate , Lecithin , Xanthan Gum , Silica , Caprylyl Glycol , Dimethicone/Peg-10/15 Crosspolymer , Disteardimonium Hectorite , Triethoxycaprylylsilane , Alumina , Propylene Carbonate , Dipropylene Glycol , Sodium Chloride , Sodium Hydroxide , Citric Acid , Potassium Phosphate , Tetrasodium Edta , Sodium Citrate , Potassium Sorbate , Phenoxyethanol ,  [+/- Mica , Titanium Dioxide (Ci 77891) , Iron Oxides (Ci 77491) , Iron Oxides (Ci 77492) , Iron Oxides (Ci 77499)] <ILN47716>","iln_version_number":"ILN47716","inventory_status":"Active","is_active":true,"is_coming_soon":null,"is_default_sku":false,"is_discountable":true,"is_displayable":null,"is_engravable":null,"is_fragrance":null,"is_giftable":null,"is_giftwrap":false,"is_inactive":null,"is_multi_shaded":null,"is_out_of_stock":null,"is_preorder":false,"is_preorderable":null,"is_promotional":null,"is_replenishable":false,"is_search_suppressed":null,"is_searchable":true,"is_shaded":null,"is_sized":null,"is_sold_out":null,"is_under_weight_hazmat":false,"is_vto_enabled":null,"life_of_product":"Limited life","material_code":"KY19590000","media":{"large":[{"alt":"YENİ | Even Better Clinical Serum Fondöten SPF 20","height":1200,"position":0,"src":"/media/export/cms/products/1200x1500/cl_sku_KY1959_1200x1500_0.png","type":"image","width":1500}],"medium":[{"alt":"YENİ | Even Better Clinical Serum Fondöten SPF 20","height":600,"position":1,"src":"/media/export/cms/products/600x750/cl_sku_KY1959_600x750_0.png","type":"image","width":750}],"model":null,"poster":null,"small":[{"alt":"YENİ | Even Better Clinical Serum Fondöten SPF 20","height":1200,"position":2,"src":"/media/export/cms/products/1200x1500/cl_sku_KY1959_1200x1500_0.png","type":"image","width":1500}],"smoosh":null,"xl":null},"out_of_stock_threshold":null,"perlgem":{"SKU_BASE_ID":128604},"preorder_date":null,"prices":[{"currency":"TRY","exclude_tax":{"original_price":370,"original_price_formatted":"370.00 TL","price":370,"price_formatted":"370.00 TL","price_per_unit":null,"price_per_unit_formatted":""},"include_tax":{"original_price":370,"original_price_formatted":"370.00 TL","price":370,"price_formatted":"370.00 TL","price_per_unit":null,"price_per_unit_formatted":""},"is_discounted":false}],"purchase_limit":null,"replenishment":{"message":null},"reviews":{"average_rating":null,"number_of_questions":null,"number_of_reviews":null},"set_components":null,"shade_groups":null,"shades":[{"description":"","hex_val":"#7f533c","image":{"height":null,"src":"","width":null},"name":"WN 125 Mahogany (D)","smoosh_design":{"group_id":null,"name":""}}],"sizes":[{"key":1,"value":null}],"skin":{"tone":null,"type":null,"type_description":null},"sku_badge":null,"sku_badge_image":null,"sku_display_order":0,"sku_id":"KY1959","sku_promo_messaging":null,"sku_type":"SE","sku_url":null,"tags":{"total":2,"items":[{"id":"1590","key":"i̇ndi̇ri̇mli̇-ürünler","value":"İNDİRİMLİ ÜRÜNLER"},{"id":"1599","key":"fondöten","value":"FONDÖTEN"}]},"texture":null,"undertone":null,"unit_of_measure":null,"unit_size":null,"unit_size_formatted":null,"upc":"192333078419","vto":{"is_color_experience":null,"is_foundation_experience":null}},{"color_family":null,"coverage_options":null,"cross_sell":null,"display_status":7,"finish":null,"finish_options":null,"fragrances":[{"family":null,"key":null,"value":null}],"iln_listing":"Ingredients: Dimethicone , Water\\Aqua\\Eau , Zinc Oxide , Peg-10 Dimethicone , Butylene Glycol , Vinyl Dimethicone/Methicone Silsesquioxane Crosspolymer , Phenyl Trimethicone , Isododecane , Butyloctyl Salicylate , Titanium Dioxide , Isodecyl Isononanoate , Lauryl Peg-9 Polydimethylsiloxyethyl Dimethicone , Alcohol Denat. , Dimethicone/Vinyl Dimethicone Crosspolymer , Hydrated Silica , Ascorbyl Glucoside , Tetrahexyldecyl Ascorbate , Magnesium Ascorbyl Phosphate , Sodium Hyaluronate , Tocopheryl Acetate , Laminaria Saccharina Extract , Polygala Senega Root Extract , Berberis Vulgaris Extract , Nymphaea Alba Root Extract , Camellia Sinensis Leaf Extract , Salvia Hispanica Seed Extract , Molasses Extract\\Saccharum Officinarum\\Extrait De Mélasse , Dimethoxytolyl Propylresorcinol , Caffeine , Niacinamide , Salicylic Acid , Linoleic Acid , Tocopherol , Lactoperoxidase , Glucose Oxidase , Lactobacillus Ferment , Glycyrrhetinic Acid , Cholesterol , Jojoba Esters , Glucose , Polysilicone-11 , Laureth-7 , Trimethylsiloxysilicate , Sorbitan Sesquioleate , Lecithin , Xanthan Gum , Silica , Caprylyl Glycol , Dimethicone/Peg-10/15 Crosspolymer , Disteardimonium Hectorite , Triethoxycaprylylsilane , Alumina , Propylene Carbonate , Dipropylene Glycol , Sodium Chloride , Sodium Hydroxide , Citric Acid , Potassium Phosphate , Tetrasodium Edta , Sodium Citrate , Potassium Sorbate , Phenoxyethanol ,  [+/- Mica , Titanium Dioxide (Ci 77891) , Iron Oxides (Ci 77491) , Iron Oxides (Ci 77492) , Iron Oxides (Ci 77499)] <ILN47716>","iln_version_number":"ILN47716","inventory_status":"Sold Out","is_active":null,"is_coming_soon":null,"is_default_sku":false,"is_discountable":true,"is_displayable":null,"is_engravable":null,"is_fragrance":null,"is_giftable":null,"is_giftwrap":false,"is_inactive":null,"is_multi_shaded":null,"is_out_of_stock":null,"is_preorder":false,"is_preorderable":null,"is_promotional":null,"is_replenishable":false,"is_search_suppressed":null,"is_searchable":true,"is_shaded":null,"is_sized":null,"is_sold_out":true,"is_under_weight_hazmat":false,"is_vto_enabled":null,"life_of_product":"Limited life","material_code":"KY19270000","media":{"large":[{"alt":"YENİ | Even Better Clinical Serum Fondöten SPF 20","height":1200,"position":0,"src":"/media/export/cms/products/1200x1500/cl_sku_KY1927_1200x1500_0.png","type":"image","width":1500}],"medium":[{"alt":"YENİ | Even Better Clinical Serum Fondöten SPF 20","height":600,"position":1,"src":"/media/export/cms/products/600x750/cl_sku_KY1927_600x750_0.png","type":"image","width":750}],"model":null,"poster":null,"small":[{"alt":"YENİ | Even Better Clinical Serum Fondöten SPF 20","height":1200,"position":2,"src":"/media/export/cms/products/1200x1500/cl_sku_KY1927_1200x1500_0.png","type":"image","width":1500}],"smoosh":null,"xl":null},"out_of_stock_threshold":null,"perlgem":{"SKU_BASE_ID":128585},"preorder_date":null,"prices":[{"currency":"TRY","exclude_tax":{"original_price":370,"original_price_formatted":"370.00 TL","price":370,"price_formatted":"370.00 TL","price_per_unit":null,"price_per_unit_formatted":""},"include_tax":{"original_price":370,"original_price_formatted":"370.00 TL","price":370,"price_formatted":"370.00 TL","price_per_unit":null,"price_per_unit_formatted":""},"is_discounted":false}],"purchase_limit":null,"replenishment":{"message":null},"reviews":{"average_rating":null,"number_of_questions":null,"number_of_reviews":null},"set_components":null,"shade_groups":null,"shades":[{"description":"","hex_val":"#e0ad84","image":{"height":null,"src":"","width":null},"name":"WN 64 Butterscotch (MF)","smoosh_design":{"group_id":null,"name":""}}],"sizes":[{"key":1,"value":null}],"skin":{"tone":null,"type":null,"type_description":null},"sku_badge":null,"sku_badge_image":null,"sku_display_order":0,"sku_id":"KY1927","sku_promo_messaging":null,"sku_type":"SE","sku_url":null,"tags":{"total":2,"items":[{"id":"1590","key":"i̇ndi̇ri̇mli̇-ürünler","value":"İNDİRİMLİ ÜRÜNLER"},{"id":"1599","key":"fondöten","value":"FONDÖTEN"}]},"texture":null,"undertone":null,"unit_of_measure":null,"unit_size":null,"unit_size_formatted":null,"upc":"192333078099","vto":{"is_color_experience":null,"is_foundation_experience":null}}]},"sub_display_name":null,"sub_header":null,"tags":{"total":2,"items":[{"id":"1590","key":"i̇ndi̇ri̇mli̇-ürünler","parent_tag_id":null,"product_display_order":1,"value":"İNDİRİMLİ ÜRÜNLER"},{"id":"1599","key":"fondöten","parent_tag_id":"1592","product_display_order":0,"value":"FONDÖTEN"}]},"usage":[{"content":null,"label":"PRODUCT USAGE","type":"product_usage"},{"content":null,"label":"HOW DOES IT WORK","type":"how_does_it_work"},{"content":null,"label":"WHO IT IS FOR","type":"who_it_is_for"},{"content":null,"label":"GREAT TO KNOW","type":"great_to_know"},{"content":null,"label":"WHAT_IT_DOES","type":"what_it_does"},{"content":"<P>Bu sadece bir fondöten değil! Daha fazlası.</P><P>3 farklı serum teknolojisi ile,cilt tonunu kusursuzlaştıran cilt bakımı & fondöten.3 farklı serum teknolojisi ile cilt tonunu kusursuzlaştırır.</P><P>İçeriğinde bulunan Hyalüronik asit, Salisilik asit ve C vitamini cildinizin ihtiyacı olan nemi karşılamakla kalmaz, aynı zamanda bakım da yapar. </P><P>Even Better Clinical Serum’la hem cilt bakımı yapın hem de fondöten özelliğiyle cildinizde istediğiniz kusursuz görünümü yakalayın. Koyu leke görünümünü gözle görülür şekilde azaltmaya yardımcı olur. </P><P>Fondöten ihtiyacını ortadan kaldıran yeni serum fondöten...</P>","label":"WHAT_IT_IS","type":"what_it_is"}],"objectID":"85169"},{"benefit":{"statement":null,"benefits":null},"brand":null,"collection":null,"coverage":null,"cross_sell":null,"default_category":{"id":"1693","key":"lekeler"},"description":null,"display_mode":null,"display_name":"Even Better Clinical™ Radical Dark Spot Corrector + Interrupter","display_status":1,"finish":null,"form":null,"formula_type":null,"fragrance_family":null,"indexable_keywords":null,"is_hazmat":false,"is_product_coming_soon":null,"is_product_displayable":true,"is_product_searchable":true,"is_product_shoppable":false,"is_product_sold_out":null,"is_product_temporarily_out_of_stock":null,"is_search_suppressed":null,"key_ingredient":null,"media":{"large":null,"medium":null,"poster":null,"small":null,"videos":[{"position":null,"poster":{"height":null,"src":null,"width":null},"provider":"YouTube","src":null},{"position":null,"poster":{"height":null,"src":null,"width":null},"provider":"YouTube","src":null},{"position":null,"poster":{"height":null,"src":null,"width":null},"provider":"YouTube","src":null}],"xl":null},"meta":{"description":null,"keywords":null},"parent_category":[{"id":"1693","value":"Lekeler"},{"id":"1667","value":"CİLT BAKIMI"}],"product_badge":null,"product_id":"85673","product_title_tag":null,"product_type":"Shaded","product_url":"/product/1693/85673/cilt-bakimi/lekeler/even-better-clinicaltm-radical-dark-spot-corrector-interrupter","reviews":{"average_rating":null,"number_of_questions":null,"number_of_reviews":null},"shade_groups":null,"short_description":null,"skin":null,"skin_goal":null,"skus":{"total":1,"items":[{"color_family":null,"coverage_options":null,"cross_sell":null,"display_status":1,"finish":null,"finish_options":null,"fragrances":[{"family":null,"key":null,"value":null}],"iln_listing":null,"iln_version_number":null,"inventory_status":"Sold Out","is_active":null,"is_coming_soon":null,"is_default_sku":false,"is_discountable":false,"is_displayable":null,"is_engravable":null,"is_fragrance":null,"is_giftable":null,"is_giftwrap":true,"is_inactive":null,"is_multi_shaded":null,"is_out_of_stock":null,"is_preorder":false,"is_preorderable":null,"is_promotional":null,"is_replenishable":false,"is_search_suppressed":null,"is_searchable":true,"is_shaded":null,"is_sized":null,"is_sold_out":true,"is_under_weight_hazmat":false,"is_vto_enabled":null,"life_of_product":"Limited life","material_code":"CLNAQK0000","media":{"large":[{"alt":"Even Better Clinical™ Radical Dark Spot Corrector + Interrupter","height":1200,"position":0,"src":"/media/export/cms/products/1200x1500/cl_sku_CLNAQK_1200x1500_0.png","type":"image","width":1500}],"medium":[{"alt":"Even Better Clinical™ Radical Dark Spot Corrector + Interrupter","height":600,"position":1,"src":"/media/export/cms/products/600x750/cl_sku_CLNAQK_600x750_0.png","type":"image","width":750}],"model":null,"poster":null,"small":[{"alt":"Even Better Clinical™ Radical Dark Spot Corrector + Interrupter","height":1200,"position":2,"src":"/media/export/cms/products/1200x1500/cl_sku_CLNAQK_1200x1500_0.png","type":"image","width":1500}],"smoosh":null,"xl":null},"out_of_stock_threshold":null,"perlgem":{"SKU_BASE_ID":129285},"preorder_date":null,"prices":[{"currency":"TRY","exclude_tax":{"original_price":42.5,"original_price_formatted":"42.50 TL","price":42.5,"price_formatted":"42.50 TL","price_per_unit":null,"price_per_unit_formatted":""},"include_tax":{"original_price":42.5,"original_price_formatted":"42.50 TL","price":42.5,"price_formatted":"42.50 TL","price_per_unit":null,"price_per_unit_formatted":""},"is_discounted":false}],"purchase_limit":null,"replenishment":{"message":null},"reviews":{"average_rating":null,"number_of_questions":null,"number_of_reviews":null},"set_components":null,"shade_groups":null,"shades":null,"sizes":[{"key":1,"value":"1.7 fl. oz. / 50 ml"}],"skin":{"tone":null,"type":null,"type_description":null},"sku_badge":null,"sku_badge_image":null,"sku_display_order":0,"sku_id":"CLNAQK","sku_promo_messaging":null,"sku_type":"SE","sku_url":null,"tags":{"total":4,"items":[{"id":"1628","key":"-evde-bakim","value":"# EVDE BAKIM"},{"id":"4034","key":"yüz-serumlari","value":"YÜZ SERUMLARI"},{"id":"1693","key":"lekeler","value":"Lekeler"},{"id":"1585","key":"hediye-merkezi","value":"Hediye Merkezi"}]},"texture":null,"undertone":null,"unit_of_measure":null,"unit_size":null,"unit_size_formatted":null,"upc":"020000000694","vto":{"is_color_experience":null,"is_foundation_experience":null}}]},"sub_display_name":null,"sub_header":null,"tags":{"total":4,"items":[{"id":"1628","key":"-evde-bakim","parent_tag_id":null,"product_display_order":0,"value":"# EVDE BAKIM"},{"id":"4034","key":"yüz-serumlari","parent_tag_id":"1667","product_display_order":0,"value":"YÜZ SERUMLARI"},{"id":"1693","key":"lekeler","parent_tag_id":"1667","product_display_order":0,"value":"Lekeler"},{"id":"1585","key":"hediye-merkezi","parent_tag_id":null,"product_display_order":0,"value":"Hediye Merkezi"}]},"usage":[{"content":null,"label":"PRODUCT USAGE","type":"product_usage"},{"content":null,"label":"HOW DOES IT WORK","type":"how_does_it_work"},{"content":null,"label":"WHO IT IS FOR","type":"who_it_is_for"},{"content":null,"label":"GREAT TO KNOW","type":"great_to_know"},{"content":null,"label":"WHAT_IT_DOES","type":"what_it_does"},{"content":null,"label":"WHAT_IT_IS","type":"what_it_is"}],"objectID":"85673"},{"benefit":null,"brand":null,"collection":null,"coverage":null,"cross_sell":null,"default_category":{"id":"17860","key":"makyaj-ci̇lt-bakim-parfüm-setleri̇"},"description":"Seni ne mutlu eder? Yüzünü güldürmek için buradayız. Cildin iyi olduğunda sen de iyi hissedersin. Cildinin ihtiyacı olan rahatlama, meditasyon etkisi nem de saklı! Nem bombası set ile cildini rahatlat ve daha iyi hisset. Moisture Surge nemlendirici ile cildin kendisini sürekli olarak tekrar nemlendirir; kendi iç su kaynağını yaratmaya yardımcı olur. Yüzünüzü yıkadıktan sonra bile cilde 72 saat boyunca sürekli nem sağlar. Moisture Surge maske cildi sakinleştirerek yenilenmesini sağlamaya ve cildin nemi hapsetme özelliğini güçlendirmeye yardımcı olur. Cilt, ertesi sabah yumuşak, pürüzsüz görünüm kazandırarak ve rahat hissetmesinde katkıda bulunur. Ertesi güne daha mutlu başla! 7 Day Scrub Arındırıcı Krem Peeling pürüzlü ve donuk yapı görünümünü cilt yüzeyinden arınmasına yardımcı olur. Cildinde seni mutsuz eden pürüz ve problemlerle vedalaş! Clarifying Lotion Karma/Yağlı Cilt İçin Arındırıcı Losyon Tonik 3 Hava kirliliği, yağ ve kiri cildinizden nazikçe arındırır. Mutlu bir cildin ön koşulu derinlemesine temizlendiren formül! <U><STRONG>Set içeriği:</STRONG></U> Moisture Surge 72 Saat Nemlendirici 15ml Moisture Surge Overnight Nem Maskesi 15ml 7 Day Scrub Arındırıcı Krem Peeling 100ml Clarifying Arındıcı Tonik Losyon 3 30 ml","display_mode":null,"display_name":"Instant Skin Optimizer Set","display_status":7,"finish":null,"form":null,"formula_type":null,"fragrance_family":null,"indexable_keywords":null,"is_hazmat":true,"is_product_coming_soon":null,"is_product_displayable":true,"is_product_searchable":true,"is_product_shoppable":false,"is_product_sold_out":null,"is_product_temporarily_out_of_stock":null,"is_search_suppressed":null,"key_ingredient":null,"media":{"large":[{"alt":"Instant Skin Optimizer Set","height":1200,"position":0,"src":"/media/export/cms/products/1200x1500/cl_prod_85801_1200x1500_0.png","type":"image","width":1500},{"alt":"Instant Skin Optimizer Set","height":1200,"position":1,"src":"/media/export/cms/products/1200x1500/cl_prod_85801_1200x1500_1.png","type":"image","width":1500},{"alt":"Instant Skin Optimizer Set","height":1200,"position":2,"src":"/media/export/cms/products/1200x1500/cl_prod_85801_1200x1500_2.png","type":"image","width":1500}],"medium":null,"poster":null,"small":[{"alt":"Instant Skin Optimizer Set","height":1200,"position":3,"src":"/media/export/cms/products/1200x1500/cl_prod_85801_1200x1500_0.png","type":"image","width":1500},{"alt":"Instant Skin Optimizer Set","height":1200,"position":4,"src":"/media/export/cms/products/1200x1500/cl_prod_85801_1200x1500_1.png","type":"image","width":1500},{"alt":"Instant Skin Optimizer Set","height":1200,"position":5,"src":"/media/export/cms/products/1200x1500/cl_prod_85801_1200x1500_2.png","type":"image","width":1500}],"videos":[{"position":null,"poster":{"height":null,"src":null,"width":null},"provider":"YouTube","src":null},{"position":null,"poster":{"height":null,"src":null,"width":null},"provider":"YouTube","src":null},{"position":null,"poster":{"height":null,"src":null,"width":null},"provider":"YouTube","src":null}],"xl":null},"meta":{"description":null,"keywords":null},"parent_category":[{"id":"17860","value":"MAKYAJ & CİLT BAKIM & PARFÜM SETLERİ"}],"product_badge":null,"product_id":"85801","product_title_tag":null,"product_type":"Other","product_url":"/product/17860/85801/makyaj-cilt-bakim-parfum-setleri/instant-skin-optimizer-set","reviews":{"average_rating":null,"number_of_questions":null,"number_of_reviews":null},"shade_groups":null,"short_description":null,"skin":null,"skin_goal":null,"skus":{"total":1,"items":[{"color_family":null,"coverage_options":null,"cross_sell":null,"display_status":7,"finish":null,"finish_options":null,"fragrances":[{"family":null,"key":null,"value":null}],"iln_listing":null,"iln_version_number":null,"inventory_status":"Sold Out","is_active":null,"is_coming_soon":null,"is_default_sku":false,"is_discountable":false,"is_displayable":null,"is_engravable":null,"is_fragrance":null,"is_giftable":null,"is_giftwrap":false,"is_inactive":null,"is_multi_shaded":null,"is_out_of_stock":null,"is_preorder":false,"is_preorderable":null,"is_promotional":null,"is_replenishable":false,"is_search_suppressed":null,"is_searchable":true,"is_shaded":null,"is_sized":null,"is_sold_out":true,"is_under_weight_hazmat":false,"is_vto_enabled":null,"life_of_product":"Discontinued","material_code":"CLTR400001","media":{"large":[{"alt":"Instant Skin Optimizer Set","height":1200,"position":0,"src":"/media/export/cms/products/1200x1500/cl_sku_CLTR40_1200x1500_0.png","type":"image","width":1500}],"medium":[{"alt":"Instant Skin Optimizer Set","height":600,"position":1,"src":"/media/export/cms/products/600x750/cl_sku_CLTR40_600x750_0.png","type":"image","width":750}],"model":null,"poster":null,"small":[{"alt":"Instant Skin Optimizer Set","height":1200,"position":2,"src":"/media/export/cms/products/1200x1500/cl_sku_CLTR40_1200x1500_0.png","type":"image","width":1500}],"smoosh":null,"xl":null},"out_of_stock_threshold":null,"perlgem":{"SKU_BASE_ID":129440},"preorder_date":null,"prices":[{"currency":"TRY","exclude_tax":{"original_price":368,"original_price_formatted":"368.00 TL","price":368,"price_formatted":"368.00 TL","price_per_unit":null,"price_per_unit_formatted":null},"include_tax":{"original_price":368,"original_price_formatted":"368.00 TL","price":368,"price_formatted":"368.00 TL","price_per_unit":null,"price_per_unit_formatted":null},"is_discounted":true}],"purchase_limit":null,"replenishment":{"message":null},"reviews":{"average_rating":null,"number_of_questions":null,"number_of_reviews":null},"set_components":[{"product":{"display_name":"Moisture Surge 72 Saat Nem Koruma Teknolojili Nemlendirici Krem 15 ml - "},"quantity":1,"sku":{"shades":null,"sizes":[{"key":0,"value":null}],"sku_id":"KRP690"}},{"product":{"display_name":"7 Day Scrub Arındırıcı Krem Peeling - 100 ml"},"quantity":1,"sku":{"shades":null,"sizes":[{"key":0,"value":"100 ml"}],"sku_id":"667H01"}},{"product":{"display_name":"Moisture Surge Overnight Maske Mini - 15 ml"},"quantity":1,"sku":{"shades":null,"sizes":[{"key":0,"value":"15 ml"}],"sku_id":"Z87E01"}},{"product":{"display_name":"Clarifying Lotion Twice A Day Exfoliator 3 Mini - 30ml"},"quantity":1,"sku":{"shades":null,"sizes":[{"key":0,"value":"30ml"}],"sku_id":"K82P40"}}],"shade_groups":null,"shades":null,"sizes":[{"key":1,"value":null}],"skin":{"tone":null,"type":null,"type_description":null},"sku_badge":null,"sku_badge_image":null,"sku_display_order":0,"sku_id":"CLTR40","sku_promo_messaging":null,"sku_type":"SE","sku_url":null,"tags":{"total":2,"items":[{"id":"16118","key":"black-friday-özel","value":"Black Friday Özel"},{"id":"17860","key":"makyaj-ci̇lt-bakim-parfüm-setleri̇","value":"MAKYAJ & CİLT BAKIM & PARFÜM SETLERİ"}]},"texture":null,"undertone":null,"unit_of_measure":null,"unit_size":null,"unit_size_formatted":null,"upc":"023000000040","vto":{"is_color_experience":null,"is_foundation_experience":null}}]},"sub_display_name":null,"sub_header":null,"tags":{"total":2,"items":[{"id":"16118","key":"black-friday-özel","parent_tag_id":"13561","product_display_order":0,"value":"Black Friday Özel"},{"id":"17860","key":"makyaj-ci̇lt-bakim-parfüm-setleri̇","parent_tag_id":null,"product_display_order":0,"value":"MAKYAJ & CİLT BAKIM & PARFÜM SETLERİ"}]},"usage":[{"content":null,"label":"PRODUCT USAGE","type":"product_usage"},{"content":null,"label":"HOW DOES IT WORK","type":"how_does_it_work"},{"content":null,"label":"WHO IT IS FOR","type":"who_it_is_for"},{"content":null,"label":"GREAT TO KNOW","type":"great_to_know"},{"content":null,"label":"WHAT_IT_DOES","type":"what_it_does"},{"content":null,"label":"WHAT_IT_IS","type":"what_it_is"}],"objectID":"85801"},{"benefit":null,"brand":null,"collection":null,"coverage":null,"cross_sell":null,"default_category":{"id":"17860","key":"makyaj-ci̇lt-bakim-parfüm-setleri̇"},"description":"Seni ne mutlu eder? Yüzünü güldürmek için buradayız. Çiçeksi ve nostaljik bir koku tüm ortamın enerjisini yükseltir ve seni daha iyi hissettirir. Clinique’in en ikonik ürünleriyle daha iyi hisset. İçeriğindeki Happy parfüm, parlak, baskın notalar, ferah limon notaları ve yumuşak çiçekleri bir araya getirmiştir. Limonun gizemi, çiçeklerin zenginliği ve duyguların karışımı ile mutlu hisset. En sevilen çarpıcı gözlerin vazgeçilmezi High impact maskara ile kirpiklerine ince ve uzun bir görünüm kazandır. Dramatically different nemlendirici ile cildini pürüzsüzleştirirken ve cilt bozukluklarını iyileştir.İçeriğindeki Hyalüronik Asit(Hümektan) mıknatıs görevi yaparak havadaki nemi cilde çeker, daha nemli ve sağlıklı bir cilt elde et. Take the day off makyaj temizleyici ile günün tüm makyajı ve yorgunluğunu tek adımda çıkar ve daha iyi hisset! <U><STRONG>Set içeriği:</STRONG></U> DDML+ Nemlendirici 50 ml High Impact Maskara 3.5 ml Happy Heart Parfum 50 ml Take The Day Off Makyaj Temizleyici 50 ml","display_mode":null,"display_name":"Happy Nostalgia Set ","display_status":7,"finish":null,"form":null,"formula_type":null,"fragrance_family":null,"indexable_keywords":null,"is_hazmat":false,"is_product_coming_soon":null,"is_product_displayable":true,"is_product_searchable":true,"is_product_shoppable":false,"is_product_sold_out":null,"is_product_temporarily_out_of_stock":null,"is_search_suppressed":null,"key_ingredient":null,"media":{"large":[{"alt":"Happy Nostalgia Set ","height":1200,"position":0,"src":"/media/export/cms/products/1200x1500/cl_prod_85802_1200x1500_0.png","type":"image","width":1500},{"alt":"Happy Nostalgia Set ","height":1200,"position":1,"src":"/media/export/cms/products/1200x1500/cl_prod_85802_1200x1500_1.png","type":"image","width":1500},{"alt":"Happy Nostalgia Set ","height":1200,"position":2,"src":"/media/export/cms/products/1200x1500/cl_prod_85802_1200x1500_2.png","type":"image","width":1500}],"medium":null,"poster":null,"small":[{"alt":"Happy Nostalgia Set ","height":1200,"position":3,"src":"/media/export/cms/products/1200x1500/cl_prod_85802_1200x1500_0.png","type":"image","width":1500},{"alt":"Happy Nostalgia Set ","height":1200,"position":4,"src":"/media/export/cms/products/1200x1500/cl_prod_85802_1200x1500_1.png","type":"image","width":1500},{"alt":"Happy Nostalgia Set ","height":1200,"position":5,"src":"/media/export/cms/products/1200x1500/cl_prod_85802_1200x1500_2.png","type":"image","width":1500}],"videos":[{"position":null,"poster":{"height":null,"src":null,"width":null},"provider":"YouTube","src":null},{"position":null,"poster":{"height":null,"src":null,"width":null},"provider":"YouTube","src":null},{"position":null,"poster":{"height":null,"src":null,"width":null},"provider":"YouTube","src":null}],"xl":null},"meta":{"description":null,"keywords":null},"parent_category":[{"id":"17860","value":"MAKYAJ & CİLT BAKIM & PARFÜM SETLERİ"}],"product_badge":null,"product_id":"85802","product_title_tag":null,"product_type":"Other","product_url":"/product/17860/85802/makyaj-cilt-bakim-parfum-setleri/happy-nostalgia-set","reviews":{"average_rating":null,"number_of_questions":null,"number_of_reviews":null},"shade_groups":null,"short_description":null,"skin":null,"skin_goal":null,"skus":{"total":1,"items":[{"color_family":null,"coverage_options":null,"cross_sell":null,"display_status":7,"finish":null,"finish_options":null,"fragrances":[{"family":null,"key":null,"value":null}],"iln_listing":null,"iln_version_number":null,"inventory_status":"Sold Out","is_active":null,"is_coming_soon":null,"is_default_sku":false,"is_discountable":false,"is_displayable":null,"is_engravable":null,"is_fragrance":null,"is_giftable":null,"is_giftwrap":false,"is_inactive":null,"is_multi_shaded":null,"is_out_of_stock":null,"is_preorder":false,"is_preorderable":null,"is_promotional":null,"is_replenishable":false,"is_search_suppressed":null,"is_searchable":true,"is_shaded":null,"is_sized":null,"is_sold_out":true,"is_under_weight_hazmat":false,"is_vto_enabled":null,"life_of_product":"Limited life","material_code":"CLTR410001","media":{"large":[{"alt":"Happy Nostalgia Set ","height":1200,"position":0,"src":"/media/export/cms/products/1200x1500/cl_sku_CLTR41_1200x1500_0.png","type":"image","width":1500}],"medium":[{"alt":"Happy Nostalgia Set ","height":600,"position":1,"src":"/media/export/cms/products/600x750/cl_sku_CLTR41_600x750_0.png","type":"image","width":750}],"model":null,"poster":null,"small":[{"alt":"Happy Nostalgia Set ","height":1200,"position":2,"src":"/media/export/cms/products/1200x1500/cl_sku_CLTR41_1200x1500_0.png","type":"image","width":1500}],"smoosh":null,"xl":null},"out_of_stock_threshold":null,"perlgem":{"SKU_BASE_ID":129441},"preorder_date":null,"prices":[{"currency":"TRY","exclude_tax":{"original_price":739,"original_price_formatted":"739.00 TL","price":739,"price_formatted":"739.00 TL","price_per_unit":null,"price_per_unit_formatted":null},"include_tax":{"original_price":739,"original_price_formatted":"739.00 TL","price":739,"price_formatted":"739.00 TL","price_per_unit":null,"price_per_unit_formatted":null},"is_discounted":true}],"purchase_limit":null,"replenishment":{"message":null},"reviews":{"average_rating":null,"number_of_questions":null,"number_of_reviews":null},"set_components":[{"product":{"display_name":"Dramatically Different Nemlendirici Losyon + - 50 ml "},"quantity":1,"sku":{"shades":null,"sizes":[{"key":0,"value":"50 ml "}],"sku_id":"7T5X01"}},{"product":{"display_name":"Mini High Impact Mascara - "},"quantity":1,"sku":{"shades":null,"sizes":[{"key":0,"value":null}],"sku_id":"KRP590"}},{"product":{"display_name":"Happy Heart Kadın Parfüm - 50 ml"},"quantity":1,"sku":{"shades":null,"sizes":[{"key":0,"value":"50 ml"}],"sku_id":"K2K901"}},{"product":{"display_name":"Take the day off makeup remover 50 ml - 50 ml."},"quantity":1,"sku":{"shades":null,"sizes":[{"key":0,"value":"50 ml."}],"sku_id":"KHKL90"}}],"shade_groups":null,"shades":null,"sizes":[{"key":1,"value":null}],"skin":{"tone":null,"type":null,"type_description":null},"sku_badge":null,"sku_badge_image":null,"sku_display_order":0,"sku_id":"CLTR41","sku_promo_messaging":null,"sku_type":"SE","sku_url":null,"tags":{"total":2,"items":[{"id":"16118","key":"black-friday-özel","value":"Black Friday Özel"},{"id":"17860","key":"makyaj-ci̇lt-bakim-parfüm-setleri̇","value":"MAKYAJ & CİLT BAKIM & PARFÜM SETLERİ"}]},"texture":null,"undertone":null,"unit_of_measure":null,"unit_size":null,"unit_size_formatted":null,"upc":"023000000041","vto":{"is_color_experience":null,"is_foundation_experience":null}}]},"sub_display_name":null,"sub_header":null,"tags":{"total":2,"items":[{"id":"16118","key":"black-friday-özel","parent_tag_id":"13561","product_display_order":0,"value":"Black Friday Özel"},{"id":"17860","key":"makyaj-ci̇lt-bakim-parfüm-setleri̇","parent_tag_id":null,"product_display_order":0,"value":"MAKYAJ & CİLT BAKIM & PARFÜM SETLERİ"}]},"usage":[{"content":null,"label":"PRODUCT USAGE","type":"product_usage"},{"content":null,"label":"HOW DOES IT WORK","type":"how_does_it_work"},{"content":null,"label":"WHO IT IS FOR","type":"who_it_is_for"},{"content":null,"label":"GREAT TO KNOW","type":"great_to_know"},{"content":null,"label":"WHAT_IT_DOES","type":"what_it_does"},{"content":null,"label":"WHAT_IT_IS","type":"what_it_is"}],"objectID":"85802"},{"benefit":null,"brand":null,"collection":null,"coverage":null,"cross_sell":null,"default_category":{"id":"17860","key":"makyaj-ci̇lt-bakim-parfüm-setleri̇"},"description":"Seni ne mutlu eder? Yüzünü güldürmek için buradayız. Bu ara online görüşmelerin ve toplantıların çok biliyoruz. Ve artık kendini kamera karşısında daha iyi hissetme zamanı. Zoom Ready set ile kamera karşısında doğal ve kusursuz gözükmenizi sağlayan makyaj ürünlerini keşfet. High Impact Maskara ve Quickliner For Eyes Intense Göz Kalemi ile dramatik bakışlar elde et. Kamerada gözlerini ön plana çıkar. Even Better Pop nude ruj ile dudaklarında doğal görünümü yakala. Cheek Pop allık ile cildine ihtiyacı olan canlılığı sağla. Beyond göz altı kapatıcısı ile gözlerinde doğal ve canlı görünümü keşfet. Take the Day off makjaj temizleyici ile tüm günün yorgunluğunu ve makyajını tek adımda çıkar. <STRONG><U>Set içeriği:</U></STRONG> High Impact Maskara Quickliner For Eyes Intense Take The Day Off Balm 15ml Mini Cheek Pop Allık Mini Beyond Perfecting Concealer Even Better Pop Lip Ruj Simli çanta","display_mode":null,"display_name":"Zoom Ready Set ","display_status":7,"finish":null,"form":null,"formula_type":null,"fragrance_family":null,"indexable_keywords":null,"is_hazmat":false,"is_product_coming_soon":null,"is_product_displayable":true,"is_product_searchable":true,"is_product_shoppable":false,"is_product_sold_out":null,"is_product_temporarily_out_of_stock":null,"is_search_suppressed":null,"key_ingredient":null,"media":{"large":[{"alt":"Zoom Ready Set ","height":1200,"position":0,"src":"/media/export/cms/products/1200x1500/cl_prod_85803_1200x1500_0.png","type":"image","width":1500},{"alt":"Zoom Ready Set ","height":1200,"position":1,"src":"/media/export/cms/products/1200x1500/cl_prod_85803_1200x1500_1.png","type":"image","width":1500},{"alt":"Zoom Ready Set ","height":1200,"position":2,"src":"/media/export/cms/products/1200x1500/cl_prod_85803_1200x1500_2.png","type":"image","width":1500}],"medium":null,"poster":null,"small":[{"alt":"Zoom Ready Set ","height":1200,"position":3,"src":"/media/export/cms/products/1200x1500/cl_prod_85803_1200x1500_0.png","type":"image","width":1500},{"alt":"Zoom Ready Set ","height":1200,"position":4,"src":"/media/export/cms/products/1200x1500/cl_prod_85803_1200x1500_1.png","type":"image","width":1500},{"alt":"Zoom Ready Set ","height":1200,"position":5,"src":"/media/export/cms/products/1200x1500/cl_prod_85803_1200x1500_2.png","type":"image","width":1500}],"videos":[{"position":null,"poster":{"height":null,"src":null,"width":null},"provider":"YouTube","src":null},{"position":null,"poster":{"height":null,"src":null,"width":null},"provider":"YouTube","src":null},{"position":null,"poster":{"height":null,"src":null,"width":null},"provider":"YouTube","src":null}],"xl":null},"meta":{"description":null,"keywords":null},"parent_category":[{"id":"17860","value":"MAKYAJ & CİLT BAKIM & PARFÜM SETLERİ"}],"product_badge":null,"product_id":"85803","product_title_tag":null,"product_type":"Other","product_url":"/product/17860/85803/makyaj-cilt-bakim-parfum-setleri/zoom-ready-set","reviews":{"average_rating":null,"number_of_questions":null,"number_of_reviews":null},"shade_groups":null,"short_description":null,"skin":null,"skin_goal":null,"skus":{"total":1,"items":[{"color_family":null,"coverage_options":null,"cross_sell":null,"display_status":7,"finish":null,"finish_options":null,"fragrances":[{"family":null,"key":null,"value":null}],"iln_listing":null,"iln_version_number":null,"inventory_status":"Sold Out","is_active":null,"is_coming_soon":null,"is_default_sku":false,"is_discountable":false,"is_displayable":null,"is_engravable":null,"is_fragrance":null,"is_giftable":null,"is_giftwrap":false,"is_inactive":null,"is_multi_shaded":null,"is_out_of_stock":null,"is_preorder":false,"is_preorderable":null,"is_promotional":null,"is_replenishable":false,"is_search_suppressed":null,"is_searchable":true,"is_shaded":null,"is_sized":null,"is_sold_out":true,"is_under_weight_hazmat":false,"is_vto_enabled":null,"life_of_product":"Limited life","material_code":"CLTR440001","media":{"large":[{"alt":"Zoom Ready Set ","height":1200,"position":0,"src":"/media/export/cms/products/1200x1500/cl_sku_CLTR44_1200x1500_0.png","type":"image","width":1500}],"medium":[{"alt":"Zoom Ready Set ","height":600,"position":1,"src":"/media/export/cms/products/600x750/cl_sku_CLTR44_600x750_0.png","type":"image","width":750}],"model":null,"poster":null,"small":[{"alt":"Zoom Ready Set ","height":1200,"position":2,"src":"/media/export/cms/products/1200x1500/cl_sku_CLTR44_1200x1500_0.png","type":"image","width":1500}],"smoosh":null,"xl":null},"out_of_stock_threshold":null,"perlgem":{"SKU_BASE_ID":129442},"preorder_date":null,"prices":[{"currency":"TRY","exclude_tax":{"original_price":383,"original_price_formatted":"383.00 TL","price":383,"price_formatted":"383.00 TL","price_per_unit":null,"price_per_unit_formatted":null},"include_tax":{"original_price":383,"original_price_formatted":"383.00 TL","price":383,"price_formatted":"383.00 TL","price_per_unit":null,"price_per_unit_formatted":null},"is_discounted":true}],"purchase_limit":null,"replenishment":{"message":null},"reviews":{"average_rating":null,"number_of_questions":null,"number_of_reviews":null},"set_components":[{"product":{"display_name":"SP20 GWP SAMPLES CHEEK P 2GM - "},"quantity":1,"sku":{"shades":null,"sizes":[{"key":0,"value":null}],"sku_id":"KLYL90"}},{"product":{"display_name":"Take The Day Off™ Makyaj Temizleme Balmı 15 ml - "},"quantity":1,"sku":{"shades":null,"sizes":[{"key":0,"value":null}],"sku_id":"KRP890"}},{"product":{"display_name":"High Impact Maskara - Black"},"quantity":1,"sku":{"shades":[{"description":"","hex_val":"#0e0d0d","name":"Black"}],"sizes":[{"key":0,"value":"8 g"}],"sku_id":"68A001"}},{"product":{"display_name":"Quickliner For Eyes Intense - Intense Ebony - "},"quantity":1,"sku":{"shades":null,"sizes":[{"key":0,"value":null}],"sku_id":"ZX2Y09"}},{"product":{"display_name":"Isıltılı Makyaj Cantası - "},"quantity":1,"sku":{"shades":null,"sizes":[{"key":0,"value":null}],"sku_id":"KKHL90"}},{"product":{"display_name":"Beyond Perfecting Foundation + Concealer Liquid Mini in Linen - 6ml"},"quantity":1,"sku":{"shades":null,"sizes":[{"key":0,"value":"6ml"}],"sku_id":"K57101"}},{"product":{"display_name":"Even Better Pop Ruj - Delicate"},"quantity":1,"sku":{"shades":[{"description":"","hex_val":"#ae5e50","name":"Delicate"}],"sizes":[{"key":0,"value":"3.9 g"}],"sku_id":"KL3P10"}}],"shade_groups":null,"shades":null,"sizes":[{"key":1,"value":null}],"skin":{"tone":null,"type":null,"type_description":null},"sku_badge":null,"sku_badge_image":null,"sku_display_order":0,"sku_id":"CLTR44","sku_promo_messaging":null,"sku_type":"SE","sku_url":null,"tags":{"total":2,"items":[{"id":"16118","key":"black-friday-özel","value":"Black Friday Özel"},{"id":"17860","key":"makyaj-ci̇lt-bakim-parfüm-setleri̇","value":"MAKYAJ & CİLT BAKIM & PARFÜM SETLERİ"}]},"texture":null,"undertone":null,"unit_of_measure":null,"unit_size":null,"unit_size_formatted":null,"upc":"023000000044","vto":{"is_color_experience":null,"is_foundation_experience":null}}]},"sub_display_name":null,"sub_header":null,"tags":{"total":2,"items":[{"id":"16118","key":"black-friday-özel","parent_tag_id":"13561","product_display_order":0,"value":"Black Friday Özel"},{"id":"17860","key":"makyaj-ci̇lt-bakim-parfüm-setleri̇","parent_tag_id":null,"product_display_order":0,"value":"MAKYAJ & CİLT BAKIM & PARFÜM SETLERİ"}]},"usage":[{"content":null,"label":"PRODUCT USAGE","type":"product_usage"},{"content":null,"label":"HOW DOES IT WORK","type":"how_does_it_work"},{"content":null,"label":"WHO IT IS FOR","type":"who_it_is_for"},{"content":null,"label":"GREAT TO KNOW","type":"great_to_know"},{"content":null,"label":"WHAT_IT_DOES","type":"what_it_does"},{"content":null,"label":"WHAT_IT_IS","type":"what_it_is"}],"objectID":"85803"},{"benefit":null,"brand":null,"collection":null,"coverage":null,"cross_sell":null,"default_category":{"id":"17860","key":"makyaj-ci̇lt-bakim-parfüm-setleri̇"},"description":"<P>Seni ne mutlu eder? Yüzünü güldürmek için buradayız. </P><P>Kış mevsiminde cildinin her zamankinden daha fazla enerjiye ve güçlenmeye ihtiyacı var. Vitaminlerden ilham aldık ve bağışıklığını güçlendirmeye yardımcı C vitamini deposu Mutluluk Setini hazırladık. Tıpkı sabah taze sıkılmış bir meyve suyunun ve vücudunuza aldığınız vitaminlerin sağlığınıza yardımcı olduğu gibi. İçeriğindeki Superdefense nemlendirici ile cildini UV ışınlarından, kızılötesinden, mavi ışıktan, serbest radikallerden, kirden, toz ve polen gibi çevresel etmenlerden korurken yaşlanmanın ilk belirtileri olan ince çizgi ve kırışıklıkların görünümünü azaltır. Fresh Pressed C vitaminli Canlandırıcı Pudra Temizleyici, su ile karıştırıldığında aktive olur. C Vitamininin gücünü en yüksek konsantrasyonda sunarak cildinizin görünümü aydınlatmaya ve tonunu eşitlemeye yardımcı olur. Cildi temizlerken,&nbsp; doğal hücresel yenilenme sürecini başlatır. Cildinizin bağışıklığını güçlendirmeye yardımcıdır. Fresh pressed C vitaminli Booster, cildinize dışarıdan günlük takviye sağlamak üzere geliştirilmiştir. Cildinizi güçlendirirken çizgi, kırışıklık ve lekelerin etkisini azaltmaya yardımcıdır. </P><P><U><STRONG>Set içeriği:</STRONG></U> Fresh Pressed Günlük Bakım Desteği Saf C vitaminli Booster Superdefense Nemlendirici Fresh Pressed C Vitaminli Canlandırıcı Pudra Temizleyici </P><P><U><STRONG>Nasıl Kullanılır?</STRONG></U> Fresh Pressed C vitaminli Booster’ı SPF korumalı nemlendirici Superdefense’e sabah ve akşam 2’şer damla ekleyebilirsiniz. Fresh pressed C vitaminli temizleyiciyi sabah su ile cildinizi temizlemek ve hücresel yenileme sürecini başlatmak için uygulayabilirsiniz.</P>","display_mode":null,"display_name":"Food Inspired Set","display_status":7,"finish":null,"form":null,"formula_type":null,"fragrance_family":null,"indexable_keywords":null,"is_hazmat":false,"is_product_coming_soon":null,"is_product_displayable":true,"is_product_searchable":true,"is_product_shoppable":false,"is_product_sold_out":null,"is_product_temporarily_out_of_stock":null,"is_search_suppressed":null,"key_ingredient":null,"media":{"large":[{"alt":"Food Inspired Set","height":1200,"position":0,"src":"/media/export/cms/products/1200x1500/cl_prod_85804_1200x1500_0.png","type":"image","width":1500},{"alt":"Food Inspired Set","height":1200,"position":1,"src":"/media/export/cms/products/1200x1500/cl_prod_85804_1200x1500_1.png","type":"image","width":1500},{"alt":"Food Inspired Set","height":1200,"position":2,"src":"/media/export/cms/products/1200x1500/cl_prod_85804_1200x1500_2.png","type":"image","width":1500}],"medium":null,"poster":null,"small":[{"alt":"Food Inspired Set","height":1200,"position":3,"src":"/media/export/cms/products/1200x1500/cl_prod_85804_1200x1500_0.png","type":"image","width":1500},{"alt":"Food Inspired Set","height":1200,"position":4,"src":"/media/export/cms/products/1200x1500/cl_prod_85804_1200x1500_1.png","type":"image","width":1500},{"alt":"Food Inspired Set","height":1200,"position":5,"src":"/media/export/cms/products/1200x1500/cl_prod_85804_1200x1500_2.png","type":"image","width":1500}],"videos":[{"position":null,"poster":{"height":null,"src":null,"width":null},"provider":"YouTube","src":null},{"position":null,"poster":{"height":null,"src":null,"width":null},"provider":"YouTube","src":null},{"position":null,"poster":{"height":null,"src":null,"width":null},"provider":"YouTube","src":null}],"xl":null},"meta":{"description":null,"keywords":null},"parent_category":[{"id":"17860","value":"MAKYAJ & CİLT BAKIM & PARFÜM SETLERİ"}],"product_badge":null,"product_id":"85804","product_title_tag":null,"product_type":"Shaded","product_url":"/product/17860/85804/makyaj-cilt-bakim-parfum-setleri/food-inspired-set","reviews":{"average_rating":null,"number_of_questions":null,"number_of_reviews":null},"shade_groups":null,"short_description":null,"skin":null,"skin_goal":null,"skus":{"total":1,"items":[{"color_family":null,"coverage_options":null,"cross_sell":null,"display_status":7,"finish":null,"finish_options":null,"fragrances":[{"family":null,"key":null,"value":null}],"iln_listing":null,"iln_version_number":null,"inventory_status":"Sold Out","is_active":null,"is_coming_soon":null,"is_default_sku":false,"is_discountable":true,"is_displayable":null,"is_engravable":null,"is_fragrance":null,"is_giftable":null,"is_giftwrap":false,"is_inactive":null,"is_multi_shaded":null,"is_out_of_stock":null,"is_preorder":false,"is_preorderable":null,"is_promotional":null,"is_replenishable":false,"is_search_suppressed":null,"is_searchable":true,"is_shaded":null,"is_sized":null,"is_sold_out":true,"is_under_weight_hazmat":false,"is_vto_enabled":null,"life_of_product":"Limited life","material_code":"CLTR450001","media":{"large":[{"alt":"Food Inspired Set","height":1200,"position":0,"src":"/media/export/cms/products/1200x1500/cl_sku_CLTR45_1200x1500_0.png","type":"image","width":1500}],"medium":[{"alt":"Food Inspired Set","height":600,"position":1,"src":"/media/export/cms/products/600x750/cl_sku_CLTR45_600x750_0.png","type":"image","width":750}],"model":null,"poster":null,"small":[{"alt":"Food Inspired Set","height":1200,"position":2,"src":"/media/export/cms/products/1200x1500/cl_sku_CLTR45_1200x1500_0.png","type":"image","width":1500}],"smoosh":null,"xl":null},"out_of_stock_threshold":null,"perlgem":{"SKU_BASE_ID":129443},"preorder_date":null,"prices":[{"currency":"TRY","exclude_tax":{"original_price":540,"original_price_formatted":"540.00 TL","price":540,"price_formatted":"540.00 TL","price_per_unit":null,"price_per_unit_formatted":null},"include_tax":{"original_price":540,"original_price_formatted":"540.00 TL","price":540,"price_formatted":"540.00 TL","price_per_unit":null,"price_per_unit_formatted":null},"is_discounted":true}],"purchase_limit":null,"replenishment":{"message":null},"reviews":{"average_rating":null,"number_of_questions":null,"number_of_reviews":null},"set_components":[{"product":{"display_name":"Fresh Pressed Günlük Bakım Desteği Saf C vitaminli Booster + Superdefense Nemlendirici - "},"quantity":1,"sku":{"shades":null,"sizes":[{"key":0,"value":null}],"sku_id":"KXC501"}},{"product":{"display_name":"Fresh Pressed C Vitaminli Canlandırıcı Pudra Temizleyici - "},"quantity":1,"sku":{"shades":null,"sizes":[{"key":0,"value":null}],"sku_id":"ZWGP01"}}],"shade_groups":null,"shades":null,"sizes":[{"key":1,"value":null}],"skin":{"tone":null,"type":null,"type_description":null},"sku_badge":null,"sku_badge_image":null,"sku_display_order":0,"sku_id":"CLTR45","sku_promo_messaging":null,"sku_type":"SE","sku_url":null,"tags":{"total":2,"items":[{"id":"16118","key":"black-friday-özel","value":"Black Friday Özel"},{"id":"17860","key":"makyaj-ci̇lt-bakim-parfüm-setleri̇","value":"MAKYAJ & CİLT BAKIM & PARFÜM SETLERİ"}]},"texture":null,"undertone":null,"unit_of_measure":null,"unit_size":null,"unit_size_formatted":null,"upc":"023000000045","vto":{"is_color_experience":null,"is_foundation_experience":null}}]},"sub_display_name":null,"sub_header":null,"tags":{"total":2,"items":[{"id":"16118","key":"black-friday-özel","parent_tag_id":"13561","product_display_order":0,"value":"Black Friday Özel"},{"id":"17860","key":"makyaj-ci̇lt-bakim-parfüm-setleri̇","parent_tag_id":null,"product_display_order":0,"value":"MAKYAJ & CİLT BAKIM & PARFÜM SETLERİ"}]},"usage":[{"content":null,"label":"PRODUCT USAGE","type":"product_usage"},{"content":null,"label":"HOW DOES IT WORK","type":"how_does_it_work"},{"content":null,"label":"WHO IT IS FOR","type":"who_it_is_for"},{"content":null,"label":"GREAT TO KNOW","type":"great_to_know"},{"content":null,"label":"WHAT_IT_DOES","type":"what_it_does"},{"content":null,"label":"WHAT_IT_IS","type":"what_it_is"}],"objectID":"85804"},{"benefit":{"statement":null,"benefits":null},"brand":null,"collection":null,"coverage":null,"cross_sell":null,"default_category":{"id":"2644","key":"alışverişi-tamamla"},"description":null,"display_mode":null,"display_name":"F20 PD SAMPLE AAC ROFC 30ML/1FLOZ","display_status":7,"finish":null,"form":null,"formula_type":null,"fragrance_family":null,"indexable_keywords":null,"is_hazmat":false,"is_product_coming_soon":null,"is_product_displayable":true,"is_product_searchable":true,"is_product_shoppable":true,"is_product_sold_out":null,"is_product_temporarily_out_of_stock":null,"is_search_suppressed":null,"key_ingredient":null,"media":{"large":null,"medium":null,"poster":null,"small":null,"videos":[{"position":null,"poster":{"height":null,"src":null,"width":null},"provider":"YouTube","src":null},{"position":null,"poster":{"height":null,"src":null,"width":null},"provider":"YouTube","src":null},{"position":null,"poster":{"height":null,"src":null,"width":null},"provider":"YouTube","src":null}],"xl":null},"meta":{"description":null,"keywords":null},"parent_category":[{"id":"2644","value":"Alışverişi Tamamla"}],"product_badge":null,"product_id":"87212","product_title_tag":null,"product_type":"Shaded","product_url":"/product/2644/87212/alsverisi-tamamla/f20-pd-sample-aac-rofc-30ml1floz/f20-pd-sample-aac-rofc-30ml1floz","reviews":{"average_rating":null,"number_of_questions":null,"number_of_reviews":null},"shade_groups":null,"short_description":null,"skin":null,"skin_goal":null,"skus":{"total":1,"items":[{"color_family":null,"coverage_options":null,"cross_sell":null,"display_status":7,"finish":null,"finish_options":null,"fragrances":[{"family":null,"key":null,"value":null}],"iln_listing":null,"iln_version_number":null,"inventory_status":"Active","is_active":true,"is_coming_soon":null,"is_default_sku":false,"is_discountable":false,"is_displayable":null,"is_engravable":null,"is_fragrance":null,"is_giftable":null,"is_giftwrap":false,"is_inactive":null,"is_multi_shaded":null,"is_out_of_stock":null,"is_preorder":false,"is_preorderable":null,"is_promotional":null,"is_replenishable":false,"is_search_suppressed":null,"is_searchable":true,"is_shaded":null,"is_sized":null,"is_sold_out":null,"is_under_weight_hazmat":false,"is_vto_enabled":null,"life_of_product":"Limited life","material_code":"KRX3010000","media":{"large":[{"alt":"F20 PD SAMPLE AAC ROFC 30ML/1FLOZ","height":1200,"position":0,"src":"/media/export/cms/products/1200x1500/cl_sku_KRX301_1200x1500_0.png","type":"image","width":1500}],"medium":[{"alt":"F20 PD SAMPLE AAC ROFC 30ML/1FLOZ","height":600,"position":1,"src":"/media/export/cms/products/600x750/cl_sku_KRX301_600x750_0.png","type":"image","width":750}],"model":null,"poster":null,"small":[{"alt":"F20 PD SAMPLE AAC ROFC 30ML/1FLOZ","height":1200,"position":2,"src":"/media/export/cms/products/1200x1500/cl_sku_KRX301_1200x1500_0.png","type":"image","width":1500}],"smoosh":null,"xl":null},"out_of_stock_threshold":null,"perlgem":{"SKU_BASE_ID":131521},"preorder_date":null,"prices":[{"currency":"TRY","exclude_tax":{"original_price":89,"original_price_formatted":"89.00 TL","price":89,"price_formatted":"89.00 TL","price_per_unit":null,"price_per_unit_formatted":""},"include_tax":{"original_price":89,"original_price_formatted":"89.00 TL","price":89,"price_formatted":"89.00 TL","price_per_unit":null,"price_per_unit_formatted":""},"is_discounted":false}],"purchase_limit":null,"replenishment":{"message":null},"reviews":{"average_rating":null,"number_of_questions":null,"number_of_reviews":null},"set_components":null,"shade_groups":null,"shades":null,"sizes":[{"key":1,"value":null}],"skin":{"tone":null,"type":null,"type_description":null},"sku_badge":null,"sku_badge_image":null,"sku_display_order":0,"sku_id":"KRX301","sku_promo_messaging":null,"sku_type":"SE","sku_url":null,"tags":{"total":1,"items":[{"id":"2644","key":"alışverişi-tamamla","value":"Alışverişi Tamamla"}]},"texture":null,"undertone":null,"unit_of_measure":null,"unit_size":null,"unit_size_formatted":null,"upc":"192333051603","vto":{"is_color_experience":null,"is_foundation_experience":null}}]},"sub_display_name":null,"sub_header":null,"tags":{"total":1,"items":[{"id":"2644","key":"alışverişi-tamamla","parent_tag_id":null,"product_display_order":0,"value":"Alışverişi Tamamla"}]},"usage":[{"content":null,"label":"PRODUCT USAGE","type":"product_usage"},{"content":null,"label":"HOW DOES IT WORK","type":"how_does_it_work"},{"content":null,"label":"WHO IT IS FOR","type":"who_it_is_for"},{"content":null,"label":"GREAT TO KNOW","type":"great_to_know"},{"content":null,"label":"WHAT_IT_DOES","type":"what_it_does"},{"content":null,"label":"WHAT_IT_IS","type":"what_it_is"}],"objectID":"87212"},{"benefit":{"statement":null,"benefits":null},"brand":null,"collection":null,"coverage":null,"cross_sell":[{"sku_id":"ZY0R01","sort_key":1},{"sku_id":"KEX901","sort_key":2},{"sku_id":"68NT01","sort_key":3}],"default_category":{"id":"2644","key":"alışverişi-tamamla"},"description":"<div>Ultraleichtes, erfrischendes Wassergel für 96 Stunden perfektes Feuchtigkeitsmanagement jetzt in der Kennenlerngröße. Die farbigen Lipide (in grün und rosa), die reich an Vitamin E & C und wertvoller Aloe Butter sind, versorgen die Augenpartie mit intensiver Feuchtigkeit. Sie stärken die Feuchtigkeitsbarriere, beruhigen und kühlen und wirken wie ein Schutzfilm für die empfindliche Haut um die Augen. </div><div>Die Augenpartie wirkt glatter, straffer und elastischer. So werden Augenschatten und Schwellungen reduziert.</div>Perfekt auch als Basis für das Makeup.</div><div></div><b>Unsere Clinique Clean Philosophie</b>Einfach. Sicher. Wirksam. Entwickelt für optimale Resultate – ohne Hautirritationen.Allergiegetestet.100% Parfumfrei.","display_mode":null,"display_name":"Moisture Surge™ Eye 96 Saat Nem Koruma Teknolojili Göz Kremi 5ml","display_status":7,"finish":null,"form":null,"formula_type":null,"fragrance_family":null,"indexable_keywords":null,"is_hazmat":false,"is_product_coming_soon":null,"is_product_displayable":true,"is_product_searchable":true,"is_product_shoppable":true,"is_product_sold_out":null,"is_product_temporarily_out_of_stock":null,"is_search_suppressed":null,"key_ingredient":null,"media":{"large":null,"medium":null,"poster":null,"small":null,"videos":[{"position":null,"poster":{"height":null,"src":null,"width":null},"provider":"YouTube","src":null},{"position":null,"poster":{"height":null,"src":null,"width":null},"provider":"YouTube","src":null},{"position":null,"poster":{"height":null,"src":null,"width":null},"provider":"YouTube","src":null}],"xl":null},"meta":{"description":"Ultraleichtes, erfrischendes, Wassergel für 96 Stunden perfektes Feuchtigkeitsmanagement der Augenpartie.","keywords":"moisture surge eye 96 hour hydro filler concentrade, hydro filler, concentrade, 96 stunden, eye, eyes, augen, moisture surge, moisture, surge, hydrating, pflege, augenpflege, gesichtspflege, gesicht, feuchtigkeit, moisture, moisture surge, surge, hydrating, hydration"},"parent_category":[{"id":"2644","value":"Alışverişi Tamamla"}],"product_badge":null,"product_id":"87554","product_title_tag":null,"product_type":"Sized","product_url":"/product/2644/87554/alsverisi-tamamla/moisture-surgetm-eye-96-saat-nem-koruma-teknolojili-goz-kremi-5ml","reviews":{"average_rating":null,"number_of_questions":null,"number_of_reviews":null},"shade_groups":null,"short_description":"Ultraleichtes, erfrischendes Wassergel für 96 Stunden perfektes Feuchtigkeitsmanagement jetzt in limitierter Kennenlerngröße.","skin":null,"skin_goal":null,"skus":{"total":1,"items":[{"color_family":null,"coverage_options":null,"cross_sell":null,"display_status":7,"finish":null,"finish_options":null,"fragrances":[{"family":null,"key":null,"value":null}],"iln_listing":"Ingredients: Water\\Aqua\\Eau, Glycerin, Butylene Glycol, Propanediol, Phenyl Trimethicone, Sucrose, Hydroxyethyl Urea, Camellia Sinensis (Green Tea) Leaf Extract, Hypnea Musciformis (Algae) Extract, Trehalose, Algae Extract, Alteromonas Ferment Extract, Acetyl Glucosamine, Gelidiella Acerosa Extract, Chlorella Vulgaris Extract, Aloe Barbadensis Leaf Water, Sorbitol, Cholesterol, Niacinamide, Pentaerythrityl Tetraethylhexanoate, Sodium Polyaspartate, Aloe Barbadensis Leaf Extract, Cocos Nucifera (Coconut) Oil, Hydrolyzed Rice Extract, Caffeine, Acetyl Hexapeptide-8, Tocopheryl Acetate, Cucumis Sativus (Cucumber) Fruit Extract, Palmitoyl Hexapeptide-12, Glyceryl Acrylate/Acrylic Acid Copolymer, Glyceryl Polymethacrylate, Acrylates/C10-30 Alkyl Acrylate Crosspolymer, Peg-7m, Dextrin Palmitate, Dehydroxanthan Gum, Sodium Hyaluronate, Pentaerythrityl Adipate/Caprate/Caprylate/Heptanoate, Tetrahexyldecyl Ascorbate, Carbomer, Peg-8, Sodium Hydroxide, Citric Acid, Triethoxycaprylylsilane, Disodium Edta, Sodium Citrate, Pentaerythrityl Tetra-Di-T-Butyl Hydroxyhydrocinnamate, Bht, Phenoxyethanol, Chlorphenesin, Blue 1 Lake (Ci 42090), Yellow 5 Lake (Ci 19140), Iron Oxides (Ci 77491) <ILN45861>  Bitte beachten Sie, dass Inhaltstofflisten sich über die Zeit manchmal verändern können. Überprüfen Sie zur Sicherheit die Produktverpackung für die aktuellste Version der Inhaltsstoffe.","iln_version_number":"45861","inventory_status":"Active","is_active":true,"is_coming_soon":null,"is_default_sku":true,"is_discountable":true,"is_displayable":null,"is_engravable":null,"is_fragrance":null,"is_giftable":null,"is_giftwrap":true,"is_inactive":null,"is_multi_shaded":null,"is_out_of_stock":null,"is_preorder":false,"is_preorderable":null,"is_promotional":null,"is_replenishable":false,"is_search_suppressed":null,"is_searchable":true,"is_shaded":null,"is_sized":null,"is_sold_out":null,"is_under_weight_hazmat":false,"is_vto_enabled":null,"life_of_product":"Limited life","material_code":"KWTL010000","media":{"large":[{"alt":"Moisture Surge™ Eye 96 Saat Nem Koruma Teknolojili Göz Kremi 5ml","height":1200,"position":0,"src":"/media/export/cms/products/1200x1500/cl_sku_KWTL01_1200x1500_0.png","type":"image","width":1500}],"medium":[{"alt":"Moisture Surge™ Eye 96 Saat Nem Koruma Teknolojili Göz Kremi 5ml","height":600,"position":1,"src":"/media/export/cms/products/600x750/cl_sku_KWTL01_600x750_0.png","type":"image","width":750}],"model":null,"poster":null,"small":[{"alt":"Moisture Surge™ Eye 96 Saat Nem Koruma Teknolojili Göz Kremi 5ml","height":1200,"position":2,"src":"/media/export/cms/products/1200x1500/cl_sku_KWTL01_1200x1500_0.png","type":"image","width":1500}],"smoosh":null,"xl":null},"out_of_stock_threshold":null,"perlgem":{"SKU_BASE_ID":132071},"preorder_date":null,"prices":[{"currency":"TRY","exclude_tax":{"original_price":89,"original_price_formatted":"89.00 TL","price":89,"price_formatted":"89.00 TL","price_per_unit":null,"price_per_unit_formatted":""},"include_tax":{"original_price":89,"original_price_formatted":"89.00 TL","price":89,"price_formatted":"89.00 TL","price_per_unit":null,"price_per_unit_formatted":""},"is_discounted":false}],"purchase_limit":null,"replenishment":{"message":null},"reviews":{"average_rating":null,"number_of_questions":null,"number_of_reviews":null},"set_components":null,"shade_groups":null,"shades":null,"sizes":[{"key":1,"value":"5 ml"}],"skin":{"tone":null,"type":null,"type_description":null},"sku_badge":null,"sku_badge_image":null,"sku_display_order":0,"sku_id":"KWTL01","sku_promo_messaging":null,"sku_type":"SE","sku_url":null,"tags":{"total":3,"items":[{"id":"1683","key":"göz-dudak-bakimi","value":"GÖZ & DUDAK BAKIMI"},{"id":"2644","key":"alışverişi-tamamla","value":"Alışverişi Tamamla"},{"id":"1590","key":"i̇ndi̇ri̇mli̇-ürünler","value":"İNDİRİMLİ ÜRÜNLER"}]},"texture":null,"undertone":null,"unit_of_measure":null,"unit_size":100,"unit_size_formatted":null,"upc":"192333066812","vto":{"is_color_experience":null,"is_foundation_experience":null}}]},"sub_display_name":null,"sub_header":null,"tags":{"total":3,"items":[{"id":"1683","key":"göz-dudak-bakimi","parent_tag_id":"1667","product_display_order":0,"value":"GÖZ & DUDAK BAKIMI"},{"id":"2644","key":"alışverişi-tamamla","parent_tag_id":null,"product_display_order":0,"value":"Alışverişi Tamamla"},{"id":"1590","key":"i̇ndi̇ri̇mli̇-ürünler","parent_tag_id":null,"product_display_order":0,"value":"İNDİRİMLİ ÜRÜNLER"}]},"usage":[{"content":"Eine erbsengroße Menge auf den Ringfinger geben und mit dem Daumen leicht andrücken, um die Lipidperlen zu aktivieren. Mit dem Ringfinger sanft von innen nach aussen auftragen.<br>Nach einem langen Tag können Sie das Gel auch als 3 Minuten Maske auftragen oder nach einer langen Nacht als morgendlichen Booster großzügig auf dem gesamten Gesicht anwenden.","label":"PRODUCT USAGE","type":"product_usage"},{"content":null,"label":"HOW DOES IT WORK","type":"how_does_it_work"},{"content":"Alle Hauttypen","label":"WHO IT IS FOR","type":"who_it_is_for"},{"content":null,"label":"GREAT TO KNOW","type":"great_to_know"},{"content":"Ultraleichtes, erfrischendes Wassergel für 96 Stunden perfektes Feuchtigkeitsmanagement. Die farbigen Lipide (in grün und rosa), die reich an Vitamin E & C und wertvoller Aloe Butter sind, versorgen die Augenpartie mit intensiver Feuchtigkeit. Sie stärken die Feuchtigkeitsbarriere, beruhigen und kühlen und wirken wie ein Schutzfilm für die empfindliche Haut um die Augen.  Die Augenpartie wirkt glatter, straffer und elastischer. So werden Augenschatten und Schwellungen reduziert.","label":"WHAT_IT_DOES","type":"what_it_does"},{"content":"Ultraleichtes, erfrischendes Wassergel für 96 Stunden perfektes Feuchtigkeitsmanagement.","label":"WHAT_IT_IS","type":"what_it_is"}],"objectID":"87554"},{"benefit":{"statement":null,"benefits":null},"brand":null,"collection":[{"key":"acne-solutions-collection","value":"acne_solutions_collection"}],"coverage":[{"key":"medium-coverage","value":"medium_coverage"}],"cross_sell":[{"sku_id":"645J01","sort_key":1},{"sku_id":"62A401","sort_key":2},{"sku_id":null,"sort_key":3},{"sku_id":"6N4T01","sort_key":4},{"sku_id":"6EM601","sort_key":5},{"sku_id":"6F3701","sort_key":6}],"default_category":{"id":"1599","key":"fondöten"},"description":"<P>Yumuşak ve doğal bir görünüm vererek sivilce, kızarıklık&nbsp; ve sivilce izlerini kapatır aynı zamanda da cildin&nbsp; zarar görmesini engellemeye yardımcı olur. Sivilce karşıtı içerikler, yeni sivilce oluşumuna sebep olabilecek bakterilerle savaşmaya yardımcı olur.</P><P>&nbsp;<BR>&nbsp;</P><P><BR><BR><BR>&nbsp;</P>","display_mode":null,"display_name":"Anti-Blemish Sivilce Karşıtı Fondöten","display_status":7,"finish":[{"key":"matte-finish","value":"matte_finish"},{"key":"natural-finish","value":"natural_finish"}],"form":[{"key":"liquid-form","value":"liquid_form"}],"formula_type":null,"fragrance_family":null,"indexable_keywords":[{"value":"fondöten"},{"value":" anti blemish fondöten"},{"value":" sivilceler için fondöten"},{"value":" sivilceli cilde uygun fondöten"},{"value":" sivilceler"}],"is_hazmat":false,"is_product_coming_soon":null,"is_product_displayable":true,"is_product_searchable":true,"is_product_shoppable":true,"is_product_sold_out":null,"is_product_temporarily_out_of_stock":null,"is_search_suppressed":null,"key_ingredient":null,"media":{"large":null,"medium":null,"poster":null,"small":null,"videos":[{"position":null,"poster":{"height":null,"src":null,"width":null},"provider":null,"src":null},{"position":null,"poster":{"height":null,"src":null,"width":null},"provider":null,"src":null},{"position":null,"poster":{"height":null,"src":null,"width":null},"provider":null,"src":null}],"xl":null},"meta":{"description":null,"keywords":"makeup, anti blemise foundation, foundation for spots, blemishes"},"parent_category":[{"id":"1599","value":"FONDÖTEN"},{"id":"1592","value":"MAKYAJ"}],"product_badge":null,"product_id":"9285","product_title_tag":null,"product_type":"Shaded","product_url":"/product/1599/9285/makyaj/fondoten/anti-blemish-sivilce-karst-fondoten","reviews":{"average_rating":4.3,"number_of_questions":null,"number_of_reviews":28},"shade_groups":null,"short_description":"Salisilik asit içeren formülüyle sivilceleri tedavi eder ve yenilerinin oluşumunu engellemeye yardımcı olur. Yağsızdır.","skin":{"concern":[{"key":"acne-concern","value":"acne_concern"}]},"skin_goal":null,"skus":{"total":5,"items":[{"color_family":[{"key":"very-fair-color","value":"very_fair_color"}],"coverage_options":null,"cross_sell":null,"display_status":7,"finish":[{"key":"natural-finish","value":"natural_finish"},{"key":"matte-finish","value":"matte_finish"}],"finish_options":[{"key":"natural-finish","value":"natural_finish"},{"key":"matte-finish","value":"matte_finish"}],"fragrances":[{"family":null,"key":null,"value":null}],"iln_listing":null,"iln_version_number":null,"inventory_status":"Active","is_active":true,"is_coming_soon":null,"is_default_sku":false,"is_discountable":true,"is_displayable":null,"is_engravable":null,"is_fragrance":null,"is_giftable":null,"is_giftwrap":false,"is_inactive":null,"is_multi_shaded":null,"is_out_of_stock":null,"is_preorder":false,"is_preorderable":null,"is_promotional":null,"is_replenishable":false,"is_search_suppressed":null,"is_searchable":true,"is_shaded":null,"is_sized":null,"is_sold_out":null,"is_under_weight_hazmat":false,"is_vto_enabled":null,"life_of_product":"Basic Reorder","material_code":"6WPR010000","media":{"large":[{"alt":"Anti-Blemish Sivilce Karşıtı Fondöten","height":1200,"position":1,"src":"/media/export/cms/products/1200x1500/cl_sku_6WPR01_1200x1500_0.png","type":"image","width":1500}],"medium":[{"alt":"Anti-Blemish Sivilce Karşıtı Fondöten","height":600,"position":3,"src":"/media/export/cms/products/600x750/cl_sku_6WPR01_600x750_0.png","type":"image","width":750}],"model":[{"alt":"Anti-Blemish Sivilce Karşıtı Fondöten","height":null,"position":2,"src":"/media/export/cms/model/VF1.jpg","type":"image","width":null}],"poster":null,"small":[{"alt":"Anti-Blemish Sivilce Karşıtı Fondöten","height":1200,"position":4,"src":"/media/export/cms/products/1200x1500/cl_sku_6WPR01_1200x1500_0.png","type":"image","width":1500}],"smoosh":[{"alt":"Anti-Blemish Sivilce Karşıtı Fondöten","height":1200,"position":0,"src":"/media/export/cms/products/1200x1500/swatches_v3/06_ns_ng.png","type":"image","width":1500}],"xl":null},"out_of_stock_threshold":null,"perlgem":{"SKU_BASE_ID":20180},"preorder_date":null,"prices":[{"currency":"TRY","exclude_tax":{"original_price":265,"original_price_formatted":"265.00 TL","price":265,"price_formatted":"265.00 TL","price_per_unit":null,"price_per_unit_formatted":""},"include_tax":{"original_price":265,"original_price_formatted":"265.00 TL","price":265,"price_formatted":"265.00 TL","price_per_unit":null,"price_per_unit_formatted":""},"is_discounted":false}],"purchase_limit":null,"replenishment":{"message":"Never run low on your favourites. Sign up for Auto-Ship. Learn more >"},"reviews":{"average_rating":null,"number_of_questions":null,"number_of_reviews":null},"set_components":null,"shade_groups":null,"shades":[{"description":"","hex_val":"#DDC0A8","image":{"height":null,"src":"","width":null},"name":"CN 10 Alabaster","smoosh_design":{"group_id":null,"name":"06::none::none"}}],"sizes":[{"key":1,"value":"30 ml"}],"skin":{"tone":null,"type":[{"key":"combination-skintype","value":"combination_skintype"},{"key":"dry-skintype","value":"dry_skintype"},{"key":"oily-skintype","value":"oily_skintype"}],"type_description":null},"sku_badge":null,"sku_badge_image":null,"sku_display_order":1,"sku_id":"6WPR01","sku_promo_messaging":null,"sku_type":"SE","sku_url":null,"tags":{"total":14,"items":[{"id":"24180","key":"tamamlayici-ürünler","value":"TAMAMLAYICI ÜRÜNLER"},{"id":"1979","key":"sivilce","value":"Sivilce"},{"id":"1575","key":"en-çok-satanlar","value":"En Çok Satanlar"},{"id":"27172","key":"day5flashsale","value":"Day5FlashSale"},{"id":"13562","key":"yeni̇-yil-makyaj","value":"YENİ YIL MAKYAJ"},{"id":"27174","key":"day7flashsale","value":"Day7FlashSale"},{"id":"16741","key":"siyah-nokta-karşıtı","value":"Siyah Nokta Karşıtı"},{"id":"1599","key":"fondöten","value":"FONDÖTEN"},{"id":"17859","key":"çok-satanlar","value":"ÇOK SATANLAR"},{"id":"1592","key":"makyaj","value":"MAKYAJ"},{"id":"10589","key":"offers-lp","value":"Offers LP"},{"id":"12537","key":"çok-satan-makyaj-ürünleri̇","value":"ÇOK SATAN MAKYAJ ÜRÜNLERİ"},{"id":"27171","key":"day4flashsale","value":"Day4FlashSale"},{"id":"19400","key":"20-discounted-products","value":"%20 discounted products"}]},"texture":null,"undertone":[{"key":"cool-undertone","value":"cool_undertone"}],"unit_of_measure":null,"unit_size":0,"unit_size_formatted":null,"upc":"020714394769","vto":{"is_color_experience":null,"is_foundation_experience":null}},{"color_family":[{"key":"very-fair-color","value":"very_fair_color"}],"coverage_options":null,"cross_sell":null,"display_status":7,"finish":[{"key":"natural-finish","value":"natural_finish"},{"key":"matte-finish","value":"matte_finish"}],"finish_options":[{"key":"natural-finish","value":"natural_finish"},{"key":"matte-finish","value":"matte_finish"}],"fragrances":[{"family":null,"key":null,"value":null}],"iln_listing":null,"iln_version_number":null,"inventory_status":"Active","is_active":true,"is_coming_soon":null,"is_default_sku":false,"is_discountable":true,"is_displayable":null,"is_engravable":null,"is_fragrance":null,"is_giftable":null,"is_giftwrap":false,"is_inactive":null,"is_multi_shaded":null,"is_out_of_stock":null,"is_preorder":false,"is_preorderable":null,"is_promotional":null,"is_replenishable":false,"is_search_suppressed":null,"is_searchable":true,"is_shaded":null,"is_sized":null,"is_sold_out":null,"is_under_weight_hazmat":false,"is_vto_enabled":null,"life_of_product":"Basic Reorder","material_code":"6WPR020000","media":{"large":[{"alt":"Anti-Blemish Sivilce Karşıtı Fondöten","height":1200,"position":1,"src":"/media/export/cms/products/1200x1500/cl_sku_6WPR02_1200x1500_0.png","type":"image","width":1500}],"medium":[{"alt":"Anti-Blemish Sivilce Karşıtı Fondöten","height":600,"position":3,"src":"/media/export/cms/products/600x750/cl_sku_6WPR02_600x750_0.png","type":"image","width":750}],"model":[{"alt":"Anti-Blemish Sivilce Karşıtı Fondöten","height":null,"position":2,"src":"/media/export/cms/model/VF3.jpg","type":"image","width":null}],"poster":null,"small":[{"alt":"Anti-Blemish Sivilce Karşıtı Fondöten","height":1200,"position":4,"src":"/media/export/cms/products/1200x1500/cl_sku_6WPR02_1200x1500_0.png","type":"image","width":1500}],"smoosh":[{"alt":"Anti-Blemish Sivilce Karşıtı Fondöten","height":1200,"position":0,"src":"/media/export/cms/products/1200x1500/swatches_v3/06_ns_ng.png","type":"image","width":1500}],"xl":null},"out_of_stock_threshold":null,"perlgem":{"SKU_BASE_ID":20181},"preorder_date":null,"prices":[{"currency":"TRY","exclude_tax":{"original_price":265,"original_price_formatted":"265.00 TL","price":265,"price_formatted":"265.00 TL","price_per_unit":8.83,"price_per_unit_formatted":"8.83 TL / 1ml"},"include_tax":{"original_price":265,"original_price_formatted":"265.00 TL","price":265,"price_formatted":"265.00 TL","price_per_unit":8.83,"price_per_unit_formatted":"8.83 TL / 1ml"},"is_discounted":false}],"purchase_limit":null,"replenishment":{"message":"Never run low on your favourites. Sign up for Auto-Ship. Learn more >"},"reviews":{"average_rating":null,"number_of_questions":null,"number_of_reviews":null},"set_components":null,"shade_groups":null,"shades":[{"description":"","hex_val":"#E4C8A7","image":{"height":null,"src":"","width":null},"name":"CN 28 Ivory","smoosh_design":{"group_id":null,"name":"06::none::none"}}],"sizes":[{"key":1,"value":"30 ml"}],"skin":{"tone":null,"type":[{"key":"combination-skintype","value":"combination_skintype"},{"key":"dry-skintype","value":"dry_skintype"},{"key":"oily-skintype","value":"oily_skintype"}],"type_description":null},"sku_badge":null,"sku_badge_image":null,"sku_display_order":3,"sku_id":"6WPR02","sku_promo_messaging":null,"sku_type":"SE","sku_url":null,"tags":{"total":16,"items":[{"id":"24180","key":"tamamlayici-ürünler","value":"TAMAMLAYICI ÜRÜNLER"},{"id":"1979","key":"sivilce","value":"Sivilce"},{"id":"8194","key":"en-çok-satan-10","value":"En Çok Satan 10 "},{"id":"1575","key":"en-çok-satanlar","value":"En Çok Satanlar"},{"id":"1628","key":"-evde-bakim","value":"# EVDE BAKIM"},{"id":"27172","key":"day5flashsale","value":"Day5FlashSale"},{"id":"13562","key":"yeni̇-yil-makyaj","value":"YENİ YIL MAKYAJ"},{"id":"27174","key":"day7flashsale","value":"Day7FlashSale"},{"id":"16741","key":"siyah-nokta-karşıtı","value":"Siyah Nokta Karşıtı"},{"id":"1599","key":"fondöten","value":"FONDÖTEN"},{"id":"17859","key":"çok-satanlar","value":"ÇOK SATANLAR"},{"id":"1592","key":"makyaj","value":"MAKYAJ"},{"id":"10589","key":"offers-lp","value":"Offers LP"},{"id":"12537","key":"çok-satan-makyaj-ürünleri̇","value":"ÇOK SATAN MAKYAJ ÜRÜNLERİ"},{"id":"27171","key":"day4flashsale","value":"Day4FlashSale"},{"id":"19400","key":"20-discounted-products","value":"%20 discounted products"}]},"texture":null,"undertone":[{"key":"cool-undertone","value":"cool_undertone"}],"unit_of_measure":"ml","unit_size":1,"unit_size_formatted":"1ml","upc":"020714394776","vto":{"is_color_experience":null,"is_foundation_experience":null}},{"color_family":[{"key":"fair-color","value":"fair_color"}],"coverage_options":null,"cross_sell":null,"display_status":7,"finish":[{"key":"matte-finish","value":"matte_finish"},{"key":"natural-finish","value":"natural_finish"}],"finish_options":[{"key":"matte-finish","value":"matte_finish"},{"key":"natural-finish","value":"natural_finish"}],"fragrances":[{"family":null,"key":null,"value":null}],"iln_listing":null,"iln_version_number":null,"inventory_status":"Active","is_active":true,"is_coming_soon":null,"is_default_sku":false,"is_discountable":true,"is_displayable":null,"is_engravable":null,"is_fragrance":null,"is_giftable":null,"is_giftwrap":false,"is_inactive":null,"is_multi_shaded":null,"is_out_of_stock":null,"is_preorder":false,"is_preorderable":null,"is_promotional":null,"is_replenishable":false,"is_search_suppressed":null,"is_searchable":true,"is_shaded":null,"is_sized":null,"is_sold_out":null,"is_under_weight_hazmat":false,"is_vto_enabled":null,"life_of_product":"Discontinued","material_code":"6WPR030000","media":{"large":[{"alt":"Anti-Blemish Sivilce Karşıtı Fondöten","height":1200,"position":1,"src":"/media/export/cms/products/1200x1500/cl_sku_6WPR03_1200x1500_0.png","type":"image","width":1500}],"medium":[{"alt":"Anti-Blemish Sivilce Karşıtı Fondöten","height":600,"position":3,"src":"/media/export/cms/products/600x750/cl_sku_6WPR03_600x750_0.png","type":"image","width":750}],"model":[{"alt":"Anti-Blemish Sivilce Karşıtı Fondöten","height":null,"position":2,"src":"/media/export/cms/model/MF1.jpg","type":"image","width":null}],"poster":null,"small":[{"alt":"Anti-Blemish Sivilce Karşıtı Fondöten","height":1200,"position":4,"src":"/media/export/cms/products/1200x1500/cl_sku_6WPR03_1200x1500_0.png","type":"image","width":1500}],"smoosh":[{"alt":"Anti-Blemish Sivilce Karşıtı Fondöten","height":1200,"position":0,"src":"/media/export/cms/products/1200x1500/swatches_v3/06_ns_ng.png","type":"image","width":1500}],"xl":null},"out_of_stock_threshold":null,"perlgem":{"SKU_BASE_ID":20182},"preorder_date":null,"prices":[{"currency":"TRY","exclude_tax":{"original_price":265,"original_price_formatted":"265.00 TL","price":265,"price_formatted":"265.00 TL","price_per_unit":null,"price_per_unit_formatted":""},"include_tax":{"original_price":265,"original_price_formatted":"265.00 TL","price":265,"price_formatted":"265.00 TL","price_per_unit":null,"price_per_unit_formatted":""},"is_discounted":false}],"purchase_limit":null,"replenishment":{"message":"Never run low on your favourites. Sign up for Auto-Ship. Learn more >"},"reviews":{"average_rating":null,"number_of_questions":null,"number_of_reviews":null},"set_components":null,"shade_groups":null,"shades":[{"description":"","hex_val":"#D8BE9F","image":{"height":null,"src":"","width":null},"name":"CN 52 Neutral","smoosh_design":{"group_id":null,"name":"06::none::none"}}],"sizes":[{"key":1,"value":"30 ml"}],"skin":{"tone":null,"type":[{"key":"dry-skintype","value":"dry_skintype"},{"key":"combination-skintype","value":"combination_skintype"},{"key":"oily-skintype","value":"oily_skintype"}],"type_description":null},"sku_badge":null,"sku_badge_image":null,"sku_display_order":5,"sku_id":"6WPR03","sku_promo_messaging":null,"sku_type":"SE","sku_url":null,"tags":{"total":15,"items":[{"id":"24180","key":"tamamlayici-ürünler","value":"TAMAMLAYICI ÜRÜNLER"},{"id":"1979","key":"sivilce","value":"Sivilce"},{"id":"1575","key":"en-çok-satanlar","value":"En Çok Satanlar"},{"id":"1628","key":"-evde-bakim","value":"# EVDE BAKIM"},{"id":"27172","key":"day5flashsale","value":"Day5FlashSale"},{"id":"13562","key":"yeni̇-yil-makyaj","value":"YENİ YIL MAKYAJ"},{"id":"27174","key":"day7flashsale","value":"Day7FlashSale"},{"id":"16741","key":"siyah-nokta-karşıtı","value":"Siyah Nokta Karşıtı"},{"id":"1599","key":"fondöten","value":"FONDÖTEN"},{"id":"17859","key":"çok-satanlar","value":"ÇOK SATANLAR"},{"id":"1592","key":"makyaj","value":"MAKYAJ"},{"id":"10589","key":"offers-lp","value":"Offers LP"},{"id":"12537","key":"çok-satan-makyaj-ürünleri̇","value":"ÇOK SATAN MAKYAJ ÜRÜNLERİ"},{"id":"27171","key":"day4flashsale","value":"Day4FlashSale"},{"id":"19400","key":"20-discounted-products","value":"%20 discounted products"}]},"texture":null,"undertone":[{"key":"cool-undertone","value":"cool_undertone"}],"unit_of_measure":null,"unit_size":0,"unit_size_formatted":null,"upc":"020714394783","vto":{"is_color_experience":null,"is_foundation_experience":null}},{"color_family":[{"key":"fair-color","value":"fair_color"}],"coverage_options":null,"cross_sell":null,"display_status":7,"finish":[{"key":"natural-finish","value":"natural_finish"},{"key":"matte-finish","value":"matte_finish"}],"finish_options":[{"key":"natural-finish","value":"natural_finish"},{"key":"matte-finish","value":"matte_finish"}],"fragrances":[{"family":null,"key":null,"value":null}],"iln_listing":null,"iln_version_number":null,"inventory_status":"Active","is_active":true,"is_coming_soon":null,"is_default_sku":false,"is_discountable":true,"is_displayable":null,"is_engravable":null,"is_fragrance":null,"is_giftable":null,"is_giftwrap":false,"is_inactive":null,"is_multi_shaded":null,"is_out_of_stock":null,"is_preorder":false,"is_preorderable":null,"is_promotional":null,"is_replenishable":true,"is_search_suppressed":null,"is_searchable":true,"is_shaded":null,"is_sized":null,"is_sold_out":null,"is_under_weight_hazmat":false,"is_vto_enabled":null,"life_of_product":"Basic Reorder","material_code":"6WPR040000","media":{"large":[{"alt":"Anti-Blemish Sivilce Karşıtı Fondöten","height":1200,"position":1,"src":"/media/export/cms/products/1200x1500/cl_sku_6WPR04_1200x1500_0.png","type":"image","width":1500}],"medium":[{"alt":"Anti-Blemish Sivilce Karşıtı Fondöten","height":600,"position":3,"src":"/media/export/cms/products/600x750/cl_sku_6WPR04_600x750_0.png","type":"image","width":750}],"model":[{"alt":"Anti-Blemish Sivilce Karşıtı Fondöten","height":null,"position":2,"src":"/media/export/cms/model/MF3.jpg","type":"image","width":null}],"poster":null,"small":[{"alt":"Anti-Blemish Sivilce Karşıtı Fondöten","height":1200,"position":4,"src":"/media/export/cms/products/1200x1500/cl_sku_6WPR04_1200x1500_0.png","type":"image","width":1500}],"smoosh":[{"alt":"Anti-Blemish Sivilce Karşıtı Fondöten","height":1200,"position":0,"src":"/media/export/cms/products/1200x1500/swatches_v3/06_ns_ng.png","type":"image","width":1500}],"xl":null},"out_of_stock_threshold":null,"perlgem":{"SKU_BASE_ID":20183},"preorder_date":null,"prices":[{"currency":"TRY","exclude_tax":{"original_price":265,"original_price_formatted":"265.00 TL","price":265,"price_formatted":"265.00 TL","price_per_unit":8.83,"price_per_unit_formatted":"8.83 TL / 1ml"},"include_tax":{"original_price":265,"original_price_formatted":"265.00 TL","price":265,"price_formatted":"265.00 TL","price_per_unit":8.83,"price_per_unit_formatted":"8.83 TL / 1ml"},"is_discounted":false}],"purchase_limit":null,"replenishment":{"message":"Never run low on your favourites. Sign up for Auto-Ship. Learn more >"},"reviews":{"average_rating":null,"number_of_questions":null,"number_of_reviews":null},"set_components":null,"shade_groups":null,"shades":[{"description":"","hex_val":"#BE9272","image":{"height":null,"src":"","width":null},"name":"CN 70 Vanilla","smoosh_design":{"group_id":null,"name":"06::none::none"}}],"sizes":[{"key":1,"value":"30 ml"}],"skin":{"tone":null,"type":[{"key":"combination-skintype","value":"combination_skintype"},{"key":"dry-skintype","value":"dry_skintype"},{"key":"oily-skintype","value":"oily_skintype"}],"type_description":null},"sku_badge":null,"sku_badge_image":null,"sku_display_order":8,"sku_id":"6WPR04","sku_promo_messaging":null,"sku_type":"SE","sku_url":null,"tags":{"total":14,"items":[{"id":"24180","key":"tamamlayici-ürünler","value":"TAMAMLAYICI ÜRÜNLER"},{"id":"1979","key":"sivilce","value":"Sivilce"},{"id":"1575","key":"en-çok-satanlar","value":"En Çok Satanlar"},{"id":"27172","key":"day5flashsale","value":"Day5FlashSale"},{"id":"13562","key":"yeni̇-yil-makyaj","value":"YENİ YIL MAKYAJ"},{"id":"16741","key":"siyah-nokta-karşıtı","value":"Siyah Nokta Karşıtı"},{"id":"1599","key":"fondöten","value":"FONDÖTEN"},{"id":"17859","key":"çok-satanlar","value":"ÇOK SATANLAR"},{"id":"1592","key":"makyaj","value":"MAKYAJ"},{"id":"10589","key":"offers-lp","value":"Offers LP"},{"id":"12537","key":"çok-satan-makyaj-ürünleri̇","value":"ÇOK SATAN MAKYAJ ÜRÜNLERİ"},{"id":"27171","key":"day4flashsale","value":"Day4FlashSale"},{"id":"1590","key":"i̇ndi̇ri̇mli̇-ürünler","value":"İNDİRİMLİ ÜRÜNLER"},{"id":"19400","key":"20-discounted-products","value":"%20 discounted products"}]},"texture":null,"undertone":[{"key":"cool-undertone","value":"cool_undertone"}],"unit_of_measure":"ml","unit_size":1,"unit_size_formatted":"1ml","upc":"020714394790","vto":{"is_color_experience":null,"is_foundation_experience":null}},{"color_family":[{"key":"medium-color","value":"medium_color"}],"coverage_options":null,"cross_sell":null,"display_status":7,"finish":[{"key":"natural-finish","value":"natural_finish"},{"key":"matte-finish","value":"matte_finish"}],"finish_options":[{"key":"natural-finish","value":"natural_finish"},{"key":"matte-finish","value":"matte_finish"}],"fragrances":[{"family":null,"key":null,"value":null}],"iln_listing":null,"iln_version_number":null,"inventory_status":"Active","is_active":true,"is_coming_soon":null,"is_default_sku":false,"is_discountable":true,"is_displayable":null,"is_engravable":null,"is_fragrance":null,"is_giftable":null,"is_giftwrap":false,"is_inactive":null,"is_multi_shaded":null,"is_out_of_stock":null,"is_preorder":false,"is_preorderable":null,"is_promotional":null,"is_replenishable":false,"is_search_suppressed":null,"is_searchable":true,"is_shaded":null,"is_sized":null,"is_sold_out":null,"is_under_weight_hazmat":false,"is_vto_enabled":null,"life_of_product":"Basic Reorder","material_code":"6WPR060000","media":{"large":[{"alt":"Anti-Blemish Sivilce Karşıtı Fondöten","height":1200,"position":1,"src":"/media/export/cms/products/1200x1500/cl_sku_6WPR06_1200x1500_0.png","type":"image","width":1500}],"medium":[{"alt":"Anti-Blemish Sivilce Karşıtı Fondöten","height":600,"position":3,"src":"/media/export/cms/products/600x750/cl_sku_6WPR06_600x750_0.png","type":"image","width":750}],"model":[{"alt":"Anti-Blemish Sivilce Karşıtı Fondöten","height":null,"position":2,"src":"/media/export/cms/model/M2.jpg","type":"image","width":null}],"poster":null,"small":[{"alt":"Anti-Blemish Sivilce Karşıtı Fondöten","height":1200,"position":4,"src":"/media/export/cms/products/1200x1500/cl_sku_6WPR06_1200x1500_0.png","type":"image","width":1500}],"smoosh":[{"alt":"Anti-Blemish Sivilce Karşıtı Fondöten","height":1200,"position":0,"src":"/media/export/cms/products/1200x1500/swatches_v3/06_ns_ng.png","type":"image","width":1500}],"xl":null},"out_of_stock_threshold":null,"perlgem":{"SKU_BASE_ID":20185},"preorder_date":null,"prices":[{"currency":"TRY","exclude_tax":{"original_price":265,"original_price_formatted":"265.00 TL","price":265,"price_formatted":"265.00 TL","price_per_unit":null,"price_per_unit_formatted":""},"include_tax":{"original_price":265,"original_price_formatted":"265.00 TL","price":265,"price_formatted":"265.00 TL","price_per_unit":null,"price_per_unit_formatted":""},"is_discounted":false}],"purchase_limit":null,"replenishment":{"message":"Never run low on your favourites. Sign up for Auto-Ship. Learn more >"},"reviews":{"average_rating":null,"number_of_questions":null,"number_of_reviews":null},"set_components":null,"shade_groups":null,"shades":[{"description":"","hex_val":"#B38F6B","image":{"height":null,"src":"","width":null},"name":"CN 90 Sand","smoosh_design":{"group_id":null,"name":"06::none::none"}}],"sizes":[{"key":1,"value":"30 ml"}],"skin":{"tone":null,"type":[{"key":"combination-skintype","value":"combination_skintype"},{"key":"dry-skintype","value":"dry_skintype"},{"key":"oily-skintype","value":"oily_skintype"}],"type_description":null},"sku_badge":null,"sku_badge_image":null,"sku_display_order":10,"sku_id":"6WPR06","sku_promo_messaging":null,"sku_type":"SE","sku_url":null,"tags":{"total":13,"items":[{"id":"24180","key":"tamamlayici-ürünler","value":"TAMAMLAYICI ÜRÜNLER"},{"id":"1979","key":"sivilce","value":"Sivilce"},{"id":"1575","key":"en-çok-satanlar","value":"En Çok Satanlar"},{"id":"27172","key":"day5flashsale","value":"Day5FlashSale"},{"id":"13562","key":"yeni̇-yil-makyaj","value":"YENİ YIL MAKYAJ"},{"id":"27174","key":"day7flashsale","value":"Day7FlashSale"},{"id":"16741","key":"siyah-nokta-karşıtı","value":"Siyah Nokta Karşıtı"},{"id":"1599","key":"fondöten","value":"FONDÖTEN"},{"id":"17859","key":"çok-satanlar","value":"ÇOK SATANLAR"},{"id":"10589","key":"offers-lp","value":"Offers LP"},{"id":"12537","key":"çok-satan-makyaj-ürünleri̇","value":"ÇOK SATAN MAKYAJ ÜRÜNLERİ"},{"id":"27171","key":"day4flashsale","value":"Day4FlashSale"},{"id":"19400","key":"20-discounted-products","value":"%20 discounted products"}]},"texture":null,"undertone":[{"key":"cool-undertone","value":"cool_undertone"}],"unit_of_measure":null,"unit_size":0,"unit_size_formatted":null,"upc":"020714394813","vto":{"is_color_experience":null,"is_foundation_experience":null}}]},"sub_display_name":null,"sub_header":null,"tags":{"total":17,"items":[{"id":"24180","key":"tamamlayici-ürünler","parent_tag_id":"1667","product_display_order":0,"value":"TAMAMLAYICI ÜRÜNLER"},{"id":"1979","key":"sivilce","parent_tag_id":"1668","product_display_order":0,"value":"Sivilce"},{"id":"8194","key":"en-çok-satan-10","parent_tag_id":null,"product_display_order":0,"value":"En Çok Satan 10 "},{"id":"1575","key":"en-çok-satanlar","parent_tag_id":null,"product_display_order":161,"value":"En Çok Satanlar"},{"id":"1628","key":"-evde-bakim","parent_tag_id":null,"product_display_order":429,"value":"# EVDE BAKIM"},{"id":"27172","key":"day5flashsale","parent_tag_id":"1590","product_display_order":61,"value":"Day5FlashSale"},{"id":"13562","key":"yeni̇-yil-makyaj","parent_tag_id":"13561","product_display_order":0,"value":"YENİ YIL MAKYAJ"},{"id":"27174","key":"day7flashsale","parent_tag_id":"1590","product_display_order":0,"value":"Day7FlashSale"},{"id":"16741","key":"siyah-nokta-karşıtı","parent_tag_id":"1667","product_display_order":0,"value":"Siyah Nokta Karşıtı"},{"id":"1599","key":"fondöten","parent_tag_id":"1592","product_display_order":10,"value":"FONDÖTEN"},{"id":"17859","key":"çok-satanlar","parent_tag_id":null,"product_display_order":50,"value":"ÇOK SATANLAR"},{"id":"1592","key":"makyaj","parent_tag_id":null,"product_display_order":60,"value":"MAKYAJ"},{"id":"10589","key":"offers-lp","parent_tag_id":null,"product_display_order":1,"value":"Offers LP"},{"id":"12537","key":"çok-satan-makyaj-ürünleri̇","parent_tag_id":"1592","product_display_order":0,"value":"ÇOK SATAN MAKYAJ ÜRÜNLERİ"},{"id":"27171","key":"day4flashsale","parent_tag_id":"1590","product_display_order":0,"value":"Day4FlashSale"},{"id":"1590","key":"i̇ndi̇ri̇mli̇-ürünler","parent_tag_id":null,"product_display_order":0,"value":"İNDİRİMLİ ÜRÜNLER"},{"id":"19400","key":"20-discounted-products","parent_tag_id":"1599","product_display_order":0,"value":"%20 discounted products"}]},"usage":[{"content":"<ul><li>Anti Blemish Sivilce Karşıtı Bakım Sisteminden sonra uygulayın.  <li>Kullanmadan önce çalkalayınız.Temiz elinizin arkasına bir miktar dökün. Fondöten Fırçası veya parmaklarınızla yüzünüzün ortasında başlayarak saç ve çene çizgisine kadar yayarak uygulayın. <li>Favori Clinique makyaj temizleyiciniz ile temizleyin.</li></ul>","label":"PRODUCT USAGE","type":"product_usage"},{"content":null,"label":"HOW DOES IT WORK","type":"how_does_it_work"},{"content":null,"label":"WHO IT IS FOR","type":"who_it_is_for"},{"content":null,"label":"GREAT TO KNOW","type":"great_to_know"},{"content":null,"label":"WHAT_IT_DOES","type":"what_it_does"},{"content":"<P>Yumuşak ve doğal bir görünüm vererek sivilce, kızarıklık&nbsp; ve sivilce izlerini kapatır aynı zamanda da cildin&nbsp; zarar görmesini engellemeye yardımcı olur. Sivilce karşıtı içerikler, yeni sivilce oluşumuna sebep olabilecek bakterilerle savaşmaya yardımcı olur.</P><P>&nbsp;<BR>&nbsp;</P><P><BR><BR><BR>&nbsp;</P>","label":"WHAT_IT_IS","type":"what_it_is"}],"objectID":"9285"}]